[{"trade_id": 847984196, "side": "buy", "size": "0.00121000", "price": "117484.25000000", "time": "2025-07-12T14:39:32.615073Z", "fetched_at": "2025-07-12T14:39:35.195928+00:00", "symbol": "BTC-USD"}, {"trade_id": 847984195, "side": "sell", "size": "0.00016145", "price": "117484.26000000", "time": "2025-07-12T14:39:32.374943Z", "fetched_at": "2025-07-12T14:39:35.195928+00:00", "symbol": "BTC-USD"}, {"trade_id": 847984194, "side": "sell", "size": "0.00016146", "price": "117484.26000000", "time": "2025-07-12T14:39:32.369359Z", "fetched_at": "2025-07-12T14:39:35.195928+00:00", "symbol": "BTC-USD"}, {"trade_id": 847984193, "side": "sell", "size": "0.00025280", "price": "117484.26000000", "time": "2025-07-12T14:39:32.354253Z", "fetched_at": "2025-07-12T14:39:35.195928+00:00", "symbol": "BTC-USD"}, {"trade_id": 847984192, "side": "sell", "size": "0.00045407", "price": "117484.26000000", "time": "2025-07-12T14:39:31.939826Z", "fetched_at": "2025-07-12T14:39:35.195928+00:00", "symbol": "BTC-USD"}, {"trade_id": 847984191, "side": "sell", "size": "0.00001643", "price": "117484.26000000", "time": "2025-07-12T14:39:31.938248Z", "fetched_at": "2025-07-12T14:39:35.195928+00:00", "symbol": "BTC-USD"}, {"trade_id": 847984190, "side": "sell", "size": "0.00004176", "price": "117484.26000000", "time": "2025-07-12T14:39:31.924087Z", "fetched_at": "2025-07-12T14:39:35.195928+00:00", "symbol": "BTC-USD"}, {"trade_id": 847984189, "side": "sell", "size": "0.00049633", "price": "117484.26000000", "time": "2025-07-12T14:39:31.648898Z", "fetched_at": "2025-07-12T14:39:35.195928+00:00", "symbol": "BTC-USD"}, {"trade_id": 847984188, "side": "sell", "size": "0.00188000", "price": "117484.26000000", "time": "2025-07-12T14:39:31.006152Z", "fetched_at": "2025-07-12T14:39:35.195928+00:00", "symbol": "BTC-USD"}, {"trade_id": 847984187, "side": "buy", "size": "0.00072327", "price": "117484.25000000", "time": "2025-07-12T14:39:30.922044Z", "fetched_at": "2025-07-12T14:39:35.195928+00:00", "symbol": "BTC-USD"}, {"trade_id": 847984186, "side": "buy", "size": "0.00032549", "price": "117484.25000000", "time": "2025-07-12T14:39:30.922044Z", "fetched_at": "2025-07-12T14:39:35.195928+00:00", "symbol": "BTC-USD"}, {"trade_id": 847984185, "side": "buy", "size": "0.00065098", "price": "117484.25000000", "time": "2025-07-12T14:39:30.922044Z", "fetched_at": "2025-07-12T14:39:35.195928+00:00", "symbol": "BTC-USD"}, {"trade_id": 847984184, "side": "buy", "size": "0.00130026", "price": "117484.25000000", "time": "2025-07-12T14:39:30.922044Z", "fetched_at": "2025-07-12T14:39:35.195928+00:00", "symbol": "BTC-USD"}, {"trade_id": 847984183, "side": "sell", "size": "0.00000478", "price": "117484.26000000", "time": "2025-07-12T14:39:30.811684Z", "fetched_at": "2025-07-12T14:39:35.195928+00:00", "symbol": "BTC-USD"}, {"trade_id": 847984182, "side": "sell", "size": "0.00124075", "price": "117484.26000000", "time": "2025-07-12T14:39:29.125157Z", "fetched_at": "2025-07-12T14:39:35.195928+00:00", "symbol": "BTC-USD"}, {"trade_id": 847984181, "side": "sell", "size": "0.00042186", "price": "117484.26000000", "time": "2025-07-12T14:39:28.586162Z", "fetched_at": "2025-07-12T14:39:35.195928+00:00", "symbol": "BTC-USD"}, {"trade_id": 847984180, "side": "sell", "size": "0.00053763", "price": "117484.26000000", "time": "2025-07-12T14:39:27.319168Z", "fetched_at": "2025-07-12T14:39:35.195928+00:00", "symbol": "BTC-USD"}, {"trade_id": 847984179, "side": "sell", "size": "0.00084268", "price": "117484.26000000", "time": "2025-07-12T14:39:26.900210Z", "fetched_at": "2025-07-12T14:39:35.195928+00:00", "symbol": "BTC-USD"}, {"trade_id": 847984178, "side": "sell", "size": "0.00078580", "price": "117484.26000000", "time": "2025-07-12T14:39:26.033051Z", "fetched_at": "2025-07-12T14:39:35.195928+00:00", "symbol": "BTC-USD"}, {"trade_id": 847984177, "side": "sell", "size": "0.00000687", "price": "117484.26000000", "time": "2025-07-12T14:39:25.806015Z", "fetched_at": "2025-07-12T14:39:35.195928+00:00", "symbol": "BTC-USD"}, {"trade_id": 847984176, "side": "sell", "size": "0.00842716", "price": "117484.26000000", "time": "2025-07-12T14:39:25.673867Z", "fetched_at": "2025-07-12T14:39:35.195928+00:00", "symbol": "BTC-USD"}, {"trade_id": 847984175, "side": "buy", "size": "0.00000170", "price": "117484.25000000", "time": "2025-07-12T14:39:25.591456Z", "fetched_at": "2025-07-12T14:39:35.195928+00:00", "symbol": "BTC-USD"}, {"trade_id": 847984174, "side": "buy", "size": "0.00000001", "price": "117484.25000000", "time": "2025-07-12T14:39:25.212994Z", "fetched_at": "2025-07-12T14:39:35.195928+00:00", "symbol": "BTC-USD"}, {"trade_id": 847984173, "side": "sell", "size": "0.00208000", "price": "117484.26000000", "time": "2025-07-12T14:39:25.007120Z", "fetched_at": "2025-07-12T14:39:35.195928+00:00", "symbol": "BTC-USD"}, {"trade_id": 847984172, "side": "sell", "size": "0.00004003", "price": "117484.26000000", "time": "2025-07-12T14:39:24.885210Z", "fetched_at": "2025-07-12T14:39:35.195928+00:00", "symbol": "BTC-USD"}, {"trade_id": 847984171, "side": "buy", "size": "0.00118214", "price": "117484.25000000", "time": "2025-07-12T14:39:23.844041Z", "fetched_at": "2025-07-12T14:39:35.195928+00:00", "symbol": "BTC-USD"}, {"trade_id": 847984170, "side": "sell", "size": "0.00033085", "price": "117484.26000000", "time": "2025-07-12T14:39:23.425083Z", "fetched_at": "2025-07-12T14:39:35.195928+00:00", "symbol": "BTC-USD"}, {"trade_id": 847984169, "side": "buy", "size": "0.00091807", "price": "117484.25000000", "time": "2025-07-12T14:39:23.134219Z", "fetched_at": "2025-07-12T14:39:35.195928+00:00", "symbol": "BTC-USD"}, {"trade_id": 847984168, "side": "sell", "size": "0.00084271", "price": "117484.26000000", "time": "2025-07-12T14:39:22.975446Z", "fetched_at": "2025-07-12T14:39:35.195928+00:00", "symbol": "BTC-USD"}, {"trade_id": 847984167, "side": "sell", "size": "0.00015408", "price": "117483.67000000", "time": "2025-07-12T14:39:22.475219Z", "fetched_at": "2025-07-12T14:39:35.195928+00:00", "symbol": "BTC-USD"}, {"trade_id": 847984166, "side": "sell", "size": "0.00005060", "price": "117483.65000000", "time": "2025-07-12T14:39:22.475219Z", "fetched_at": "2025-07-12T14:39:35.195928+00:00", "symbol": "BTC-USD"}, {"trade_id": 847984165, "side": "sell", "size": "0.00000212", "price": "117483.65000000", "time": "2025-07-12T14:39:22.475219Z", "fetched_at": "2025-07-12T14:39:35.195928+00:00", "symbol": "BTC-USD"}, {"trade_id": 847984164, "side": "sell", "size": "0.00002903", "price": "117491.07000000", "time": "2025-07-12T14:39:21.227582Z", "fetched_at": "2025-07-12T14:39:35.195928+00:00", "symbol": "BTC-USD"}, {"trade_id": 847984163, "side": "sell", "size": "0.00005088", "price": "117491.06000000", "time": "2025-07-12T14:39:21.227582Z", "fetched_at": "2025-07-12T14:39:35.195928+00:00", "symbol": "BTC-USD"}, {"trade_id": 847984162, "side": "sell", "size": "0.00000436", "price": "117488.61000000", "time": "2025-07-12T14:39:21.227582Z", "fetched_at": "2025-07-12T14:39:35.195928+00:00", "symbol": "BTC-USD"}, {"trade_id": 847984161, "side": "buy", "size": "0.00251130", "price": "117482.24000000", "time": "2025-07-12T14:39:21.173631Z", "fetched_at": "2025-07-12T14:39:35.195928+00:00", "symbol": "BTC-USD"}, {"trade_id": 847984160, "side": "sell", "size": "0.00002442", "price": "117488.67000000", "time": "2025-07-12T14:39:20.475975Z", "fetched_at": "2025-07-12T14:39:35.195928+00:00", "symbol": "BTC-USD"}, {"trade_id": 847984159, "side": "sell", "size": "0.00004928", "price": "117488.66000000", "time": "2025-07-12T14:39:20.475975Z", "fetched_at": "2025-07-12T14:39:35.195928+00:00", "symbol": "BTC-USD"}, {"trade_id": 847984158, "side": "sell", "size": "0.00001034", "price": "117486.22000000", "time": "2025-07-12T14:39:20.475975Z", "fetched_at": "2025-07-12T14:39:35.195928+00:00", "symbol": "BTC-USD"}, {"trade_id": 847984157, "side": "sell", "size": "0.00075884", "price": "117486.22000000", "time": "2025-07-12T14:39:20.374322Z", "fetched_at": "2025-07-12T14:39:35.195928+00:00", "symbol": "BTC-USD"}, {"trade_id": 847984156, "side": "sell", "size": "0.00004928", "price": "117486.21000000", "time": "2025-07-12T14:39:20.374322Z", "fetched_at": "2025-07-12T14:39:35.195928+00:00", "symbol": "BTC-USD"}, {"trade_id": 847984155, "side": "sell", "size": "0.00001033", "price": "117484.06000000", "time": "2025-07-12T14:39:20.374322Z", "fetched_at": "2025-07-12T14:39:35.195928+00:00", "symbol": "BTC-USD"}, {"trade_id": 847984154, "side": "sell", "size": "0.00000212", "price": "117482.25000000", "time": "2025-07-12T14:39:20.374322Z", "fetched_at": "2025-07-12T14:39:35.195928+00:00", "symbol": "BTC-USD"}, {"trade_id": 847984153, "side": "sell", "size": "0.00000664", "price": "117482.25000000", "time": "2025-07-12T14:39:20.374322Z", "fetched_at": "2025-07-12T14:39:35.195928+00:00", "symbol": "BTC-USD"}, {"trade_id": 847984152, "side": "sell", "size": "0.00057903", "price": "117482.25000000", "time": "2025-07-12T14:39:19.999625Z", "fetched_at": "2025-07-12T14:39:35.195928+00:00", "symbol": "BTC-USD"}, {"trade_id": 847984151, "side": "buy", "size": "0.00056035", "price": "117482.24000000", "time": "2025-07-12T14:39:19.457563Z", "fetched_at": "2025-07-12T14:39:35.195928+00:00", "symbol": "BTC-USD"}, {"trade_id": 847984150, "side": "buy", "size": "0.00029936", "price": "117482.24000000", "time": "2025-07-12T14:39:19.457563Z", "fetched_at": "2025-07-12T14:39:35.195928+00:00", "symbol": "BTC-USD"}, {"trade_id": 847984149, "side": "sell", "size": "0.00002965", "price": "117482.25000000", "time": "2025-07-12T14:39:18.966041Z", "fetched_at": "2025-07-12T14:39:35.195928+00:00", "symbol": "BTC-USD"}, {"trade_id": 847984148, "side": "sell", "size": "0.00041360", "price": "117482.25000000", "time": "2025-07-12T14:39:18.906774Z", "fetched_at": "2025-07-12T14:39:35.195928+00:00", "symbol": "BTC-USD"}, {"trade_id": 847984147, "side": "sell", "size": "0.00080749", "price": "117482.25000000", "time": "2025-07-12T14:39:18.538642Z", "fetched_at": "2025-07-12T14:39:35.195928+00:00", "symbol": "BTC-USD"}, {"trade_id": 847984146, "side": "buy", "size": "0.00000170", "price": "117482.24000000", "time": "2025-07-12T14:39:18.538253Z", "fetched_at": "2025-07-12T14:39:35.195928+00:00", "symbol": "BTC-USD"}, {"trade_id": 847984145, "side": "sell", "size": "0.00126405", "price": "117482.25000000", "time": "2025-07-12T14:39:18.537683Z", "fetched_at": "2025-07-12T14:39:35.195928+00:00", "symbol": "BTC-USD"}, {"trade_id": 847984144, "side": "sell", "size": "0.00000632", "price": "117482.25000000", "time": "2025-07-12T14:39:18.018843Z", "fetched_at": "2025-07-12T14:39:35.195928+00:00", "symbol": "BTC-USD"}, {"trade_id": 847984143, "side": "sell", "size": "0.00059723", "price": "117482.25000000", "time": "2025-07-12T14:39:17.072912Z", "fetched_at": "2025-07-12T14:39:35.195928+00:00", "symbol": "BTC-USD"}, {"trade_id": 847984142, "side": "sell", "size": "0.00012641", "price": "117482.25000000", "time": "2025-07-12T14:39:16.440574Z", "fetched_at": "2025-07-12T14:39:35.195928+00:00", "symbol": "BTC-USD"}, {"trade_id": 847984141, "side": "sell", "size": "0.00009059", "price": "117482.25000000", "time": "2025-07-12T14:39:16.325730Z", "fetched_at": "2025-07-12T14:39:35.195928+00:00", "symbol": "BTC-USD"}, {"trade_id": 847984140, "side": "sell", "size": "0.00016146", "price": "117482.25000000", "time": "2025-07-12T14:39:16.303664Z", "fetched_at": "2025-07-12T14:39:35.195928+00:00", "symbol": "BTC-USD"}, {"trade_id": 847984139, "side": "sell", "size": "0.00042136", "price": "117482.25000000", "time": "2025-07-12T14:39:15.628423Z", "fetched_at": "2025-07-12T14:39:35.195928+00:00", "symbol": "BTC-USD"}, {"trade_id": 847984138, "side": "sell", "size": "0.00119034", "price": "117483.45000000", "time": "2025-07-12T14:39:15.469895Z", "fetched_at": "2025-07-12T14:39:35.195928+00:00", "symbol": "BTC-USD"}, {"trade_id": 847984137, "side": "sell", "size": "0.00004674", "price": "117483.44000000", "time": "2025-07-12T14:39:15.469895Z", "fetched_at": "2025-07-12T14:39:35.195928+00:00", "symbol": "BTC-USD"}, {"trade_id": 847984136, "side": "sell", "size": "0.00003490", "price": "117483.45000000", "time": "2025-07-12T14:39:15.454620Z", "fetched_at": "2025-07-12T14:39:35.195928+00:00", "symbol": "BTC-USD"}, {"trade_id": 847984135, "side": "sell", "size": "0.00004674", "price": "117483.44000000", "time": "2025-07-12T14:39:15.454620Z", "fetched_at": "2025-07-12T14:39:35.195928+00:00", "symbol": "BTC-USD"}, {"trade_id": 847984134, "side": "sell", "size": "0.00000263", "price": "117482.23000000", "time": "2025-07-12T14:39:15.454620Z", "fetched_at": "2025-07-12T14:39:35.195928+00:00", "symbol": "BTC-USD"}, {"trade_id": 847984133, "side": "buy", "size": "0.00034046", "price": "117481.34000000", "time": "2025-07-12T14:39:14.549853Z", "fetched_at": "2025-07-12T14:39:35.195928+00:00", "symbol": "BTC-USD"}, {"trade_id": 847984132, "side": "buy", "size": "0.00008512", "price": "117482.22000000", "time": "2025-07-12T14:39:14.549853Z", "fetched_at": "2025-07-12T14:39:35.195928+00:00", "symbol": "BTC-USD"}, {"trade_id": 847984131, "side": "buy", "size": "0.00061538", "price": "117481.34000000", "time": "2025-07-12T14:39:14.522886Z", "fetched_at": "2025-07-12T14:39:35.195928+00:00", "symbol": "BTC-USD"}, {"trade_id": 847984130, "side": "buy", "size": "0.00006562", "price": "117481.34000000", "time": "2025-07-12T14:39:14.522886Z", "fetched_at": "2025-07-12T14:39:35.195928+00:00", "symbol": "BTC-USD"}, {"trade_id": 847984129, "side": "buy", "size": "0.00007908", "price": "117481.34000000", "time": "2025-07-12T14:39:14.522886Z", "fetched_at": "2025-07-12T14:39:35.195928+00:00", "symbol": "BTC-USD"}, {"trade_id": 847984128, "side": "buy", "size": "0.00002441", "price": "117481.35000000", "time": "2025-07-12T14:39:14.522886Z", "fetched_at": "2025-07-12T14:39:35.195928+00:00", "symbol": "BTC-USD"}, {"trade_id": 847984127, "side": "buy", "size": "0.01680039", "price": "117481.35000000", "time": "2025-07-12T14:39:14.522886Z", "fetched_at": "2025-07-12T14:39:35.195928+00:00", "symbol": "BTC-USD"}, {"trade_id": 847984126, "side": "buy", "size": "0.00240795", "price": "117481.55000000", "time": "2025-07-12T14:39:14.522886Z", "fetched_at": "2025-07-12T14:39:35.195928+00:00", "symbol": "BTC-USD"}, {"trade_id": 847984125, "side": "buy", "size": "0.00120401", "price": "117482.20000000", "time": "2025-07-12T14:39:14.522886Z", "fetched_at": "2025-07-12T14:39:35.195928+00:00", "symbol": "BTC-USD"}, {"trade_id": 847984124, "side": "buy", "size": "0.00254955", "price": "117482.20000000", "time": "2025-07-12T14:39:14.522886Z", "fetched_at": "2025-07-12T14:39:35.195928+00:00", "symbol": "BTC-USD"}, {"trade_id": 847984123, "side": "buy", "size": "0.00008512", "price": "117482.22000000", "time": "2025-07-12T14:39:14.522886Z", "fetched_at": "2025-07-12T14:39:35.195928+00:00", "symbol": "BTC-USD"}, {"trade_id": 847984122, "side": "buy", "size": "0.00017277", "price": "117482.20000000", "time": "2025-07-12T14:39:14.226884Z", "fetched_at": "2025-07-12T14:39:35.195928+00:00", "symbol": "BTC-USD"}, {"trade_id": 847984121, "side": "buy", "size": "0.00008512", "price": "117482.22000000", "time": "2025-07-12T14:39:14.226884Z", "fetched_at": "2025-07-12T14:39:35.195928+00:00", "symbol": "BTC-USD"}, {"trade_id": 847984120, "side": "sell", "size": "0.00054600", "price": "117483.77000000", "time": "2025-07-12T14:39:13.623645Z", "fetched_at": "2025-07-12T14:39:35.195928+00:00", "symbol": "BTC-USD"}, {"trade_id": 847984119, "side": "buy", "size": "0.00246377", "price": "117484.04000000", "time": "2025-07-12T14:39:13.226391Z", "fetched_at": "2025-07-12T14:39:35.195928+00:00", "symbol": "BTC-USD"}, {"trade_id": 847984118, "side": "sell", "size": "0.00079830", "price": "117491.07000000", "time": "2025-07-12T14:39:13.191752Z", "fetched_at": "2025-07-12T14:39:35.195928+00:00", "symbol": "BTC-USD"}, {"trade_id": 847984117, "side": "sell", "size": "0.00001000", "price": "117490.16000000", "time": "2025-07-12T14:39:13.191752Z", "fetched_at": "2025-07-12T14:39:35.195928+00:00", "symbol": "BTC-USD"}, {"trade_id": 847984116, "side": "sell", "size": "0.00003542", "price": "117481.56000000", "time": "2025-07-12T14:39:13.191752Z", "fetched_at": "2025-07-12T14:39:35.195928+00:00", "symbol": "BTC-USD"}, {"trade_id": 847984115, "side": "buy", "size": "0.00004604", "price": "117481.34000000", "time": "2025-07-12T14:39:12.089640Z", "fetched_at": "2025-07-12T14:39:35.195928+00:00", "symbol": "BTC-USD"}, {"trade_id": 847984114, "side": "sell", "size": "0.00079420", "price": "117483.93000000", "time": "2025-07-12T14:39:12.086952Z", "fetched_at": "2025-07-12T14:39:35.195928+00:00", "symbol": "BTC-USD"}, {"trade_id": 847984113, "side": "sell", "size": "0.00003301", "price": "117481.35000000", "time": "2025-07-12T14:39:12.086952Z", "fetched_at": "2025-07-12T14:39:35.195928+00:00", "symbol": "BTC-USD"}, {"trade_id": 847984112, "side": "sell", "size": "0.00001007", "price": "117481.37000000", "time": "2025-07-12T14:39:11.649164Z", "fetched_at": "2025-07-12T14:39:35.195928+00:00", "symbol": "BTC-USD"}, {"trade_id": 847984111, "side": "sell", "size": "0.00000695", "price": "117481.35000000", "time": "2025-07-12T14:39:11.649164Z", "fetched_at": "2025-07-12T14:39:35.195928+00:00", "symbol": "BTC-USD"}, {"trade_id": 847984110, "side": "sell", "size": "0.00003204", "price": "117481.35000000", "time": "2025-07-12T14:39:11.162634Z", "fetched_at": "2025-07-12T14:39:35.195928+00:00", "symbol": "BTC-USD"}, {"trade_id": 847984109, "side": "sell", "size": "0.00001000", "price": "117481.35000000", "time": "2025-07-12T14:39:11.162634Z", "fetched_at": "2025-07-12T14:39:35.195928+00:00", "symbol": "BTC-USD"}, {"trade_id": 847984108, "side": "buy", "size": "0.00000170", "price": "117481.34000000", "time": "2025-07-12T14:39:10.595663Z", "fetched_at": "2025-07-12T14:39:35.195928+00:00", "symbol": "BTC-USD"}, {"trade_id": 847984107, "side": "buy", "size": "0.00003723", "price": "117481.34000000", "time": "2025-07-12T14:39:10.557862Z", "fetched_at": "2025-07-12T14:39:35.195928+00:00", "symbol": "BTC-USD"}, {"trade_id": 847984106, "side": "sell", "size": "0.00035856", "price": "117480.57000000", "time": "2025-07-12T14:39:09.440434Z", "fetched_at": "2025-07-12T14:39:35.195928+00:00", "symbol": "BTC-USD"}, {"trade_id": 847984105, "side": "sell", "size": "0.00004863", "price": "117480.09000000", "time": "2025-07-12T14:39:09.440434Z", "fetched_at": "2025-07-12T14:39:35.195928+00:00", "symbol": "BTC-USD"}, {"trade_id": 847984104, "side": "sell", "size": "0.00001034", "price": "117477.30000000", "time": "2025-07-12T14:39:09.440434Z", "fetched_at": "2025-07-12T14:39:35.195928+00:00", "symbol": "BTC-USD"}, {"trade_id": 847984103, "side": "sell", "size": "0.00021735", "price": "117479.50000000", "time": "2025-07-12T14:39:08.031878Z", "fetched_at": "2025-07-12T14:39:35.195928+00:00", "symbol": "BTC-USD"}, {"trade_id": 847984102, "side": "sell", "size": "0.00006283", "price": "117477.27000000", "time": "2025-07-12T14:39:08.031878Z", "fetched_at": "2025-07-12T14:39:35.195928+00:00", "symbol": "BTC-USD"}, {"trade_id": 847984101, "side": "sell", "size": "0.00123300", "price": "117477.55000000", "time": "2025-07-12T14:39:07.658006Z", "fetched_at": "2025-07-12T14:39:35.195928+00:00", "symbol": "BTC-USD"}, {"trade_id": 847984100, "side": "sell", "size": "0.00000161", "price": "117476.66000000", "time": "2025-07-12T14:39:07.658006Z", "fetched_at": "2025-07-12T14:39:35.195928+00:00", "symbol": "BTC-USD"}, {"trade_id": 847984099, "side": "sell", "size": "0.00000633", "price": "117476.66000000", "time": "2025-07-12T14:39:07.658006Z", "fetched_at": "2025-07-12T14:39:35.195928+00:00", "symbol": "BTC-USD"}, {"trade_id": 847984098, "side": "sell", "size": "0.00080794", "price": "117476.66000000", "time": "2025-07-12T14:39:05.970580Z", "fetched_at": "2025-07-12T14:39:35.195928+00:00", "symbol": "BTC-USD"}, {"trade_id": 847984097, "side": "sell", "size": "0.00001033", "price": "117476.64000000", "time": "2025-07-12T14:39:05.970580Z", "fetched_at": "2025-07-12T14:39:35.195928+00:00", "symbol": "BTC-USD"}, {"trade_id": 847984096, "side": "sell", "size": "0.00000221", "price": "117476.64000000", "time": "2025-07-12T14:39:05.970580Z", "fetched_at": "2025-07-12T14:39:35.195928+00:00", "symbol": "BTC-USD"}, {"trade_id": 847984095, "side": "sell", "size": "0.00000664", "price": "117476.64000000", "time": "2025-07-12T14:39:05.970580Z", "fetched_at": "2025-07-12T14:39:35.195928+00:00", "symbol": "BTC-USD"}, {"trade_id": 847984094, "side": "sell", "size": "0.00082712", "price": "117475.11000000", "time": "2025-07-12T14:39:04.442858Z", "fetched_at": "2025-07-12T14:39:35.195928+00:00", "symbol": "BTC-USD"}, {"trade_id": 847984093, "side": "sell", "size": "0.00000002", "price": "117475.11000000", "time": "2025-07-12T14:39:04.244635Z", "fetched_at": "2025-07-12T14:39:35.195928+00:00", "symbol": "BTC-USD"}, {"trade_id": 847984092, "side": "sell", "size": "0.00058396", "price": "117475.85000000", "time": "2025-07-12T14:39:03.715844Z", "fetched_at": "2025-07-12T14:39:35.195928+00:00", "symbol": "BTC-USD"}, {"trade_id": 847984091, "side": "sell", "size": "0.00034122", "price": "117477.82000000", "time": "2025-07-12T14:39:02.923814Z", "fetched_at": "2025-07-12T14:39:35.195928+00:00", "symbol": "BTC-USD"}, {"trade_id": 847984090, "side": "sell", "size": "0.00006749", "price": "117477.81000000", "time": "2025-07-12T14:39:02.923814Z", "fetched_at": "2025-07-12T14:39:35.195928+00:00", "symbol": "BTC-USD"}, {"trade_id": 847984089, "side": "sell", "size": "0.00001048", "price": "117476.64000000", "time": "2025-07-12T14:39:02.923814Z", "fetched_at": "2025-07-12T14:39:35.195928+00:00", "symbol": "BTC-USD"}, {"trade_id": 847984088, "side": "sell", "size": "0.00000212", "price": "117472.55000000", "time": "2025-07-12T14:39:02.923814Z", "fetched_at": "2025-07-12T14:39:35.195928+00:00", "symbol": "BTC-USD"}, {"trade_id": 847984087, "side": "buy", "size": "0.00003947", "price": "117472.54000000", "time": "2025-07-12T14:39:01.885216Z", "fetched_at": "2025-07-12T14:39:35.195928+00:00", "symbol": "BTC-USD"}, {"trade_id": 847984086, "side": "buy", "size": "0.00102360", "price": "117472.54000000", "time": "2025-07-12T14:39:01.579402Z", "fetched_at": "2025-07-12T14:39:35.195928+00:00", "symbol": "BTC-USD"}, {"trade_id": 847984085, "side": "buy", "size": "0.00085964", "price": "117472.54000000", "time": "2025-07-12T14:39:01.277029Z", "fetched_at": "2025-07-12T14:39:35.195928+00:00", "symbol": "BTC-USD"}, {"trade_id": 847984084, "side": "buy", "size": "0.00034662", "price": "117465.05000000", "time": "2025-07-12T14:39:00.562353Z", "fetched_at": "2025-07-12T14:39:35.195928+00:00", "symbol": "BTC-USD"}, {"trade_id": 847984083, "side": "buy", "size": "0.00004028", "price": "117465.72000000", "time": "2025-07-12T14:39:00.562353Z", "fetched_at": "2025-07-12T14:39:35.195928+00:00", "symbol": "BTC-USD"}, {"trade_id": 847984082, "side": "sell", "size": "0.00091836", "price": "117465.06000000", "time": "2025-07-12T14:39:00.337438Z", "fetched_at": "2025-07-12T14:39:35.195928+00:00", "symbol": "BTC-USD"}, {"trade_id": 847984081, "side": "sell", "size": "0.00239011", "price": "117465.06000000", "time": "2025-07-12T14:39:00.337438Z", "fetched_at": "2025-07-12T14:39:35.195928+00:00", "symbol": "BTC-USD"}, {"trade_id": 847984080, "side": "sell", "size": "0.00042131", "price": "117465.06000000", "time": "2025-07-12T14:39:00.277503Z", "fetched_at": "2025-07-12T14:39:35.195928+00:00", "symbol": "BTC-USD"}, {"trade_id": 847984079, "side": "buy", "size": "0.00225821", "price": "117456.43000000", "time": "2025-07-12T14:39:00.145632Z", "fetched_at": "2025-07-12T14:39:35.195928+00:00", "symbol": "BTC-USD"}, {"trade_id": 847984078, "side": "buy", "size": "0.00000749", "price": "117462.54000000", "time": "2025-07-12T14:39:00.145632Z", "fetched_at": "2025-07-12T14:39:35.195928+00:00", "symbol": "BTC-USD"}, {"trade_id": 847984077, "side": "buy", "size": "0.00002111", "price": "117462.54000000", "time": "2025-07-12T14:39:00.145632Z", "fetched_at": "2025-07-12T14:39:35.195928+00:00", "symbol": "BTC-USD"}, {"trade_id": 847984076, "side": "buy", "size": "0.00003808", "price": "117465.05000000", "time": "2025-07-12T14:39:00.145632Z", "fetched_at": "2025-07-12T14:39:35.195928+00:00", "symbol": "BTC-USD"}, {"trade_id": 847984075, "side": "buy", "size": "0.00111369", "price": "117465.05000000", "time": "2025-07-12T14:39:00.145632Z", "fetched_at": "2025-07-12T14:39:35.195928+00:00", "symbol": "BTC-USD"}, {"trade_id": 847984074, "side": "sell", "size": "0.00002522", "price": "117465.06000000", "time": "2025-07-12T14:39:00.071314Z", "fetched_at": "2025-07-12T14:39:35.195928+00:00", "symbol": "BTC-USD"}, {"trade_id": 847984073, "side": "sell", "size": "0.00062034", "price": "117463.72000000", "time": "2025-07-12T14:38:58.932482Z", "fetched_at": "2025-07-12T14:39:35.195928+00:00", "symbol": "BTC-USD"}, {"trade_id": 847984072, "side": "sell", "size": "0.00053059", "price": "117463.45000000", "time": "2025-07-12T14:38:58.801515Z", "fetched_at": "2025-07-12T14:39:35.195928+00:00", "symbol": "BTC-USD"}, {"trade_id": 847984071, "side": "sell", "size": "0.00001034", "price": "117462.55000000", "time": "2025-07-12T14:38:58.801515Z", "fetched_at": "2025-07-12T14:39:35.195928+00:00", "symbol": "BTC-USD"}, {"trade_id": 847984070, "side": "sell", "size": "0.00067000", "price": "117462.55000000", "time": "2025-07-12T14:38:58.691337Z", "fetched_at": "2025-07-12T14:39:35.195928+00:00", "symbol": "BTC-USD"}, {"trade_id": 847984069, "side": "sell", "size": "0.00007306", "price": "117462.55000000", "time": "2025-07-12T14:38:58.536296Z", "fetched_at": "2025-07-12T14:39:35.195928+00:00", "symbol": "BTC-USD"}, {"trade_id": 847984068, "side": "sell", "size": "0.00083010", "price": "117462.55000000", "time": "2025-07-12T14:38:57.971286Z", "fetched_at": "2025-07-12T14:39:35.195928+00:00", "symbol": "BTC-USD"}, {"trade_id": 847984067, "side": "buy", "size": "0.00371309", "price": "117460.99000000", "time": "2025-07-12T14:38:57.806999Z", "fetched_at": "2025-07-12T14:39:35.195928+00:00", "symbol": "BTC-USD"}, {"trade_id": 847984066, "side": "buy", "size": "0.00493714", "price": "117462.64000000", "time": "2025-07-12T14:38:57.806999Z", "fetched_at": "2025-07-12T14:39:35.195928+00:00", "symbol": "BTC-USD"}, {"trade_id": 847984065, "side": "buy", "size": "0.00000229", "price": "117462.64000000", "time": "2025-07-12T14:38:57.806999Z", "fetched_at": "2025-07-12T14:39:35.195928+00:00", "symbol": "BTC-USD"}, {"trade_id": 847984064, "side": "buy", "size": "0.00001000", "price": "117463.73000000", "time": "2025-07-12T14:38:57.806999Z", "fetched_at": "2025-07-12T14:39:35.195928+00:00", "symbol": "BTC-USD"}, {"trade_id": 847984063, "side": "buy", "size": "0.00000349", "price": "117467.63000000", "time": "2025-07-12T14:38:57.806999Z", "fetched_at": "2025-07-12T14:39:35.195928+00:00", "symbol": "BTC-USD"}, {"trade_id": 847984062, "side": "buy", "size": "0.00295572", "price": "117470.53000000", "time": "2025-07-12T14:38:57.806999Z", "fetched_at": "2025-07-12T14:39:35.195928+00:00", "symbol": "BTC-USD"}, {"trade_id": 847984061, "side": "buy", "size": "0.00392702", "price": "117470.53000000", "time": "2025-07-12T14:38:57.806999Z", "fetched_at": "2025-07-12T14:39:35.195928+00:00", "symbol": "BTC-USD"}, {"trade_id": 847984060, "side": "buy", "size": "0.00684401", "price": "117470.53000000", "time": "2025-07-12T14:38:57.806999Z", "fetched_at": "2025-07-12T14:39:35.195928+00:00", "symbol": "BTC-USD"}, {"trade_id": 847984059, "side": "buy", "size": "0.00001574", "price": "117470.53000000", "time": "2025-07-12T14:38:57.806999Z", "fetched_at": "2025-07-12T14:39:35.195928+00:00", "symbol": "BTC-USD"}, {"trade_id": 847984058, "side": "buy", "size": "0.00333465", "price": "117472.54000000", "time": "2025-07-12T14:38:57.806999Z", "fetched_at": "2025-07-12T14:39:35.195928+00:00", "symbol": "BTC-USD"}, {"trade_id": 847984057, "side": "buy", "size": "0.00003619", "price": "117472.54000000", "time": "2025-07-12T14:38:57.806999Z", "fetched_at": "2025-07-12T14:39:35.195928+00:00", "symbol": "BTC-USD"}, {"trade_id": 847984056, "side": "buy", "size": "0.00001000", "price": "117472.54000000", "time": "2025-07-12T14:38:57.806999Z", "fetched_at": "2025-07-12T14:39:35.195928+00:00", "symbol": "BTC-USD"}, {"trade_id": 847984055, "side": "buy", "size": "0.00098572", "price": "117476.63000000", "time": "2025-07-12T14:38:56.434741Z", "fetched_at": "2025-07-12T14:39:35.195928+00:00", "symbol": "BTC-USD"}, {"trade_id": 847984054, "side": "buy", "size": "0.00010418", "price": "117478.72000000", "time": "2025-07-12T14:38:56.120802Z", "fetched_at": "2025-07-12T14:39:35.195928+00:00", "symbol": "BTC-USD"}, {"trade_id": 847984053, "side": "buy", "size": "0.00030950", "price": "117478.72000000", "time": "2025-07-12T14:38:56.120802Z", "fetched_at": "2025-07-12T14:39:35.195928+00:00", "symbol": "BTC-USD"}, {"trade_id": 847984052, "side": "buy", "size": "0.00092816", "price": "117478.72000000", "time": "2025-07-12T14:38:56.120802Z", "fetched_at": "2025-07-12T14:39:35.195928+00:00", "symbol": "BTC-USD"}, {"trade_id": 847984051, "side": "buy", "size": "0.00277973", "price": "117478.72000000", "time": "2025-07-12T14:38:56.120802Z", "fetched_at": "2025-07-12T14:39:35.195928+00:00", "symbol": "BTC-USD"}, {"trade_id": 847984050, "side": "buy", "size": "0.00340359", "price": "117478.72000000", "time": "2025-07-12T14:38:56.120802Z", "fetched_at": "2025-07-12T14:39:35.195928+00:00", "symbol": "BTC-USD"}, {"trade_id": 847984049, "side": "buy", "size": "0.00033086", "price": "117478.72000000", "time": "2025-07-12T14:38:56.120802Z", "fetched_at": "2025-07-12T14:39:35.195928+00:00", "symbol": "BTC-USD"}, {"trade_id": 847984048, "side": "buy", "size": "0.00423700", "price": "117481.26000000", "time": "2025-07-12T14:38:56.120802Z", "fetched_at": "2025-07-12T14:39:35.195928+00:00", "symbol": "BTC-USD"}, {"trade_id": 847984047, "side": "buy", "size": "0.03493415", "price": "117481.26000000", "time": "2025-07-12T14:38:56.119438Z", "fetched_at": "2025-07-12T14:39:35.195928+00:00", "symbol": "BTC-USD"}, {"trade_id": 847984046, "side": "buy", "size": "0.02500788", "price": "117481.26000000", "time": "2025-07-12T14:38:56.119375Z", "fetched_at": "2025-07-12T14:39:35.195928+00:00", "symbol": "BTC-USD"}, {"trade_id": 847984045, "side": "buy", "size": "0.03224886", "price": "117481.33000000", "time": "2025-07-12T14:38:56.119375Z", "fetched_at": "2025-07-12T14:39:35.195928+00:00", "symbol": "BTC-USD"}, {"trade_id": 847984044, "side": "buy", "size": "0.00424074", "price": "117481.33000000", "time": "2025-07-12T14:38:56.118887Z", "fetched_at": "2025-07-12T14:39:35.195928+00:00", "symbol": "BTC-USD"}, {"trade_id": 847984043, "side": "buy", "size": "0.01614251", "price": "117481.33000000", "time": "2025-07-12T14:38:56.118887Z", "fetched_at": "2025-07-12T14:39:35.195928+00:00", "symbol": "BTC-USD"}, {"trade_id": 847984042, "side": "buy", "size": "0.00008512", "price": "117483.67000000", "time": "2025-07-12T14:38:56.117027Z", "fetched_at": "2025-07-12T14:39:35.195928+00:00", "symbol": "BTC-USD"}, {"trade_id": 847984041, "side": "buy", "size": "0.04340383", "price": "117483.67000000", "time": "2025-07-12T14:38:56.117027Z", "fetched_at": "2025-07-12T14:39:35.195928+00:00", "symbol": "BTC-USD"}, {"trade_id": 847984040, "side": "buy", "size": "0.00332607", "price": "117483.67000000", "time": "2025-07-12T14:38:56.117027Z", "fetched_at": "2025-07-12T14:39:35.195928+00:00", "symbol": "BTC-USD"}, {"trade_id": 847984039, "side": "buy", "size": "0.00037049", "price": "117490.41000000", "time": "2025-07-12T14:38:55.278377Z", "fetched_at": "2025-07-12T14:39:35.195928+00:00", "symbol": "BTC-USD"}, {"trade_id": 847984038, "side": "buy", "size": "0.00110477", "price": "117490.41000000", "time": "2025-07-12T14:38:55.278377Z", "fetched_at": "2025-07-12T14:39:35.195928+00:00", "symbol": "BTC-USD"}, {"trade_id": 847984037, "side": "buy", "size": "0.00331261", "price": "117490.41000000", "time": "2025-07-12T14:38:55.278377Z", "fetched_at": "2025-07-12T14:39:35.195928+00:00", "symbol": "BTC-USD"}, {"trade_id": 847984036, "side": "buy", "size": "0.00006621", "price": "117490.41000000", "time": "2025-07-12T14:38:55.278377Z", "fetched_at": "2025-07-12T14:39:35.195928+00:00", "symbol": "BTC-USD"}, {"trade_id": 847984035, "side": "buy", "size": "0.00012579", "price": "117490.41000000", "time": "2025-07-12T14:38:55.278377Z", "fetched_at": "2025-07-12T14:39:35.195928+00:00", "symbol": "BTC-USD"}, {"trade_id": 847984034, "side": "buy", "size": "0.00037168", "price": "117490.41000000", "time": "2025-07-12T14:38:55.278377Z", "fetched_at": "2025-07-12T14:39:35.195928+00:00", "symbol": "BTC-USD"}, {"trade_id": 847984033, "side": "buy", "size": "0.00111081", "price": "117490.41000000", "time": "2025-07-12T14:38:55.278377Z", "fetched_at": "2025-07-12T14:39:35.195928+00:00", "symbol": "BTC-USD"}, {"trade_id": 847984032, "side": "buy", "size": "0.00012503", "price": "117490.42000000", "time": "2025-07-12T14:38:55.278377Z", "fetched_at": "2025-07-12T14:39:35.195928+00:00", "symbol": "BTC-USD"}, {"trade_id": 847984031, "side": "buy", "size": "0.00003809", "price": "117490.42000000", "time": "2025-07-12T14:38:55.278377Z", "fetched_at": "2025-07-12T14:39:35.195928+00:00", "symbol": "BTC-USD"}, {"trade_id": 847984030, "side": "buy", "size": "0.04340383", "price": "117490.42000000", "time": "2025-07-12T14:38:55.278377Z", "fetched_at": "2025-07-12T14:39:35.195928+00:00", "symbol": "BTC-USD"}, {"trade_id": 847984029, "side": "sell", "size": "0.00174462", "price": "117490.42000000", "time": "2025-07-12T14:38:53.841974Z", "fetched_at": "2025-07-12T14:39:35.195928+00:00", "symbol": "BTC-USD"}, {"trade_id": 847984028, "side": "sell", "size": "0.00001470", "price": "117490.42000000", "time": "2025-07-12T14:38:53.841974Z", "fetched_at": "2025-07-12T14:39:35.195928+00:00", "symbol": "BTC-USD"}, {"trade_id": 847984027, "side": "sell", "size": "0.00000246", "price": "117490.42000000", "time": "2025-07-12T14:38:53.841974Z", "fetched_at": "2025-07-12T14:39:35.195928+00:00", "symbol": "BTC-USD"}, {"trade_id": 847984026, "side": "sell", "size": "0.00010500", "price": "117490.42000000", "time": "2025-07-12T14:38:52.678320Z", "fetched_at": "2025-07-12T14:39:35.195928+00:00", "symbol": "BTC-USD"}, {"trade_id": 847984025, "side": "sell", "size": "0.00129752", "price": "117490.44000000", "time": "2025-07-12T14:38:50.778592Z", "fetched_at": "2025-07-12T14:39:35.195928+00:00", "symbol": "BTC-USD"}, {"trade_id": 847984024, "side": "sell", "size": "0.00003235", "price": "117490.42000000", "time": "2025-07-12T14:38:50.778592Z", "fetched_at": "2025-07-12T14:39:35.195928+00:00", "symbol": "BTC-USD"}, {"trade_id": 847984023, "side": "sell", "size": "0.00000008", "price": "117490.42000000", "time": "2025-07-12T14:38:50.640814Z", "fetched_at": "2025-07-12T14:39:35.195928+00:00", "symbol": "BTC-USD"}, {"trade_id": 847984022, "side": "sell", "size": "0.00000042", "price": "117490.42000000", "time": "2025-07-12T14:38:50.624107Z", "fetched_at": "2025-07-12T14:39:35.195928+00:00", "symbol": "BTC-USD"}, {"trade_id": 847984021, "side": "sell", "size": "0.00084219", "price": "117490.42000000", "time": "2025-07-12T14:38:50.606172Z", "fetched_at": "2025-07-12T14:39:35.195928+00:00", "symbol": "BTC-USD"}, {"trade_id": 847984020, "side": "buy", "size": "0.00000170", "price": "117490.41000000", "time": "2025-07-12T14:38:50.084656Z", "fetched_at": "2025-07-12T14:39:35.195928+00:00", "symbol": "BTC-USD"}, {"trade_id": 847984019, "side": "sell", "size": "0.00240564", "price": "117490.44000000", "time": "2025-07-12T14:38:48.476712Z", "fetched_at": "2025-07-12T14:39:35.195928+00:00", "symbol": "BTC-USD"}, {"trade_id": 847984018, "side": "sell", "size": "0.00001986", "price": "117490.42000000", "time": "2025-07-12T14:38:48.476712Z", "fetched_at": "2025-07-12T14:39:35.195928+00:00", "symbol": "BTC-USD"}, {"trade_id": 847984017, "side": "sell", "size": "0.00147057", "price": "117490.44000000", "time": "2025-07-12T14:38:48.410545Z", "fetched_at": "2025-07-12T14:39:35.195928+00:00", "symbol": "BTC-USD"}, {"trade_id": 847984016, "side": "sell", "size": "0.00000280", "price": "117490.42000000", "time": "2025-07-12T14:38:48.410545Z", "fetched_at": "2025-07-12T14:39:35.195928+00:00", "symbol": "BTC-USD"}, {"trade_id": 847984015, "side": "sell", "size": "0.00001986", "price": "117490.42000000", "time": "2025-07-12T14:38:48.410545Z", "fetched_at": "2025-07-12T14:39:35.195928+00:00", "symbol": "BTC-USD"}, {"trade_id": 847984014, "side": "sell", "size": "0.00000289", "price": "117490.42000000", "time": "2025-07-12T14:38:48.314914Z", "fetched_at": "2025-07-12T14:39:35.195928+00:00", "symbol": "BTC-USD"}, {"trade_id": 847984013, "side": "sell", "size": "0.00000763", "price": "117490.42000000", "time": "2025-07-12T14:38:48.314914Z", "fetched_at": "2025-07-12T14:39:35.195928+00:00", "symbol": "BTC-USD"}, {"trade_id": 847984012, "side": "buy", "size": "0.00000001", "price": "117490.41000000", "time": "2025-07-12T14:38:48.024888Z", "fetched_at": "2025-07-12T14:39:35.195928+00:00", "symbol": "BTC-USD"}, {"trade_id": 847984011, "side": "sell", "size": "0.00115649", "price": "117494.91000000", "time": "2025-07-12T14:38:47.157933Z", "fetched_at": "2025-07-12T14:39:35.195928+00:00", "symbol": "BTC-USD"}, {"trade_id": 847984010, "side": "sell", "size": "0.00001000", "price": "117490.16000000", "time": "2025-07-12T14:38:47.157933Z", "fetched_at": "2025-07-12T14:39:35.195928+00:00", "symbol": "BTC-USD"}, {"trade_id": 847984009, "side": "sell", "size": "0.00002448", "price": "117490.08000000", "time": "2025-07-12T14:38:47.157933Z", "fetched_at": "2025-07-12T14:39:35.195928+00:00", "symbol": "BTC-USD"}, {"trade_id": 847984008, "side": "sell", "size": "0.00000246", "price": "117483.68000000", "time": "2025-07-12T14:38:47.157933Z", "fetched_at": "2025-07-12T14:39:35.195928+00:00", "symbol": "BTC-USD"}, {"trade_id": 847984007, "side": "sell", "size": "0.00001197", "price": "117483.68000000", "time": "2025-07-12T14:38:47.157933Z", "fetched_at": "2025-07-12T14:39:35.195928+00:00", "symbol": "BTC-USD"}, {"trade_id": 847984006, "side": "sell", "size": "0.00127630", "price": "117483.68000000", "time": "2025-07-12T14:38:47.157933Z", "fetched_at": "2025-07-12T14:39:35.195928+00:00", "symbol": "BTC-USD"}, {"trade_id": 847984005, "side": "sell", "size": "0.00099275", "price": "117483.68000000", "time": "2025-07-12T14:38:47.006436Z", "fetched_at": "2025-07-12T14:39:35.195928+00:00", "symbol": "BTC-USD"}, {"trade_id": 847984004, "side": "sell", "size": "0.00272868", "price": "117483.68000000", "time": "2025-07-12T14:38:46.244533Z", "fetched_at": "2025-07-12T14:39:35.195928+00:00", "symbol": "BTC-USD"}, {"trade_id": 847984003, "side": "sell", "size": "0.00001000", "price": "117481.35000000", "time": "2025-07-12T14:38:46.244533Z", "fetched_at": "2025-07-12T14:39:35.195928+00:00", "symbol": "BTC-USD"}, {"trade_id": 847984002, "side": "sell", "size": "0.00000565", "price": "117478.73000000", "time": "2025-07-12T14:38:46.244533Z", "fetched_at": "2025-07-12T14:39:35.195928+00:00", "symbol": "BTC-USD"}, {"trade_id": 847984001, "side": "sell", "size": "0.00000144", "price": "117478.73000000", "time": "2025-07-12T14:38:46.244533Z", "fetched_at": "2025-07-12T14:39:35.195928+00:00", "symbol": "BTC-USD"}, {"trade_id": 847984000, "side": "sell", "size": "0.00000433", "price": "117478.73000000", "time": "2025-07-12T14:38:46.244533Z", "fetched_at": "2025-07-12T14:39:35.195928+00:00", "symbol": "BTC-USD"}, {"trade_id": 847983999, "side": "sell", "size": "0.00000990", "price": "117478.73000000", "time": "2025-07-12T14:38:46.244533Z", "fetched_at": "2025-07-12T14:39:35.195928+00:00", "symbol": "BTC-USD"}, {"trade_id": 847983998, "side": "sell", "size": "0.00041363", "price": "117478.73000000", "time": "2025-07-12T14:38:46.155712Z", "fetched_at": "2025-07-12T14:39:35.195928+00:00", "symbol": "BTC-USD"}, {"trade_id": 847983997, "side": "sell", "size": "0.00126444", "price": "117478.73000000", "time": "2025-07-12T14:38:45.886124Z", "fetched_at": "2025-07-12T14:39:35.195928+00:00", "symbol": "BTC-USD"}, {"trade_id": 847983996, "side": "buy", "size": "0.00010304", "price": "117478.72000000", "time": "2025-07-12T14:38:45.027362Z", "fetched_at": "2025-07-12T14:39:35.195928+00:00", "symbol": "BTC-USD"}, {"trade_id": 847983995, "side": "sell", "size": "0.00084805", "price": "117478.73000000", "time": "2025-07-12T14:38:43.758989Z", "fetched_at": "2025-07-12T14:39:35.195928+00:00", "symbol": "BTC-USD"}, {"trade_id": 847983994, "side": "sell", "size": "0.00025340", "price": "117478.73000000", "time": "2025-07-12T14:38:43.756529Z", "fetched_at": "2025-07-12T14:39:35.195928+00:00", "symbol": "BTC-USD"}, {"trade_id": 847983993, "side": "sell", "size": "0.00016151", "price": "117478.73000000", "time": "2025-07-12T14:38:43.150205Z", "fetched_at": "2025-07-12T14:39:35.195928+00:00", "symbol": "BTC-USD"}, {"trade_id": 847983992, "side": "sell", "size": "0.00126444", "price": "117478.73000000", "time": "2025-07-12T14:38:42.391057Z", "fetched_at": "2025-07-12T14:39:35.195928+00:00", "symbol": "BTC-USD"}, {"trade_id": 847983991, "side": "sell", "size": "0.00000445", "price": "117478.73000000", "time": "2025-07-12T14:38:42.210340Z", "fetched_at": "2025-07-12T14:39:35.195928+00:00", "symbol": "BTC-USD"}, {"trade_id": 847983990, "side": "buy", "size": "0.00000170", "price": "117478.72000000", "time": "2025-07-12T14:38:40.780391Z", "fetched_at": "2025-07-12T14:39:35.195928+00:00", "symbol": "BTC-USD"}, {"trade_id": 847983989, "side": "sell", "size": "0.00000008", "price": "117478.73000000", "time": "2025-07-12T14:38:40.540465Z", "fetched_at": "2025-07-12T14:39:35.195928+00:00", "symbol": "BTC-USD"}, {"trade_id": 847983988, "side": "sell", "size": "0.00000042", "price": "117478.73000000", "time": "2025-07-12T14:38:40.480345Z", "fetched_at": "2025-07-12T14:39:35.195928+00:00", "symbol": "BTC-USD"}, {"trade_id": 847983987, "side": "sell", "size": "0.00077578", "price": "117478.73000000", "time": "2025-07-12T14:38:40.450354Z", "fetched_at": "2025-07-12T14:39:35.195928+00:00", "symbol": "BTC-USD"}, {"trade_id": 847983986, "side": "sell", "size": "0.00004740", "price": "117476.65000000", "time": "2025-07-12T14:38:40.450354Z", "fetched_at": "2025-07-12T14:39:35.195928+00:00", "symbol": "BTC-USD"}, {"trade_id": 847983985, "side": "sell", "size": "0.00001034", "price": "117476.65000000", "time": "2025-07-12T14:38:40.450354Z", "fetched_at": "2025-07-12T14:39:35.195928+00:00", "symbol": "BTC-USD"}, {"trade_id": 847983984, "side": "sell", "size": "0.00000664", "price": "117476.65000000", "time": "2025-07-12T14:38:40.450354Z", "fetched_at": "2025-07-12T14:39:35.195928+00:00", "symbol": "BTC-USD"}, {"trade_id": 847983983, "side": "sell", "size": "0.00000212", "price": "117476.65000000", "time": "2025-07-12T14:38:40.450354Z", "fetched_at": "2025-07-12T14:39:35.195928+00:00", "symbol": "BTC-USD"}, {"trade_id": 847983982, "side": "sell", "size": "0.00086603", "price": "117477.74000000", "time": "2025-07-12T14:38:39.801433Z", "fetched_at": "2025-07-12T14:39:35.195928+00:00", "symbol": "BTC-USD"}, {"trade_id": 847983981, "side": "sell", "size": "0.00004880", "price": "117477.73000000", "time": "2025-07-12T14:38:39.801433Z", "fetched_at": "2025-07-12T14:39:35.195928+00:00", "symbol": "BTC-USD"}, {"trade_id": 847983980, "side": "sell", "size": "0.00224238", "price": "117473.55000000", "time": "2025-07-12T14:38:39.801433Z", "fetched_at": "2025-07-12T14:39:35.195928+00:00", "symbol": "BTC-USD"}, {"trade_id": 847983979, "side": "sell", "size": "0.00075000", "price": "117473.55000000", "time": "2025-07-12T14:38:39.164577Z", "fetched_at": "2025-07-12T14:39:35.195928+00:00", "symbol": "BTC-USD"}, {"trade_id": 847983978, "side": "sell", "size": "0.00200761", "price": "117473.55000000", "time": "2025-07-12T14:38:39.156750Z", "fetched_at": "2025-07-12T14:39:35.195928+00:00", "symbol": "BTC-USD"}, {"trade_id": 847983977, "side": "sell", "size": "0.00001000", "price": "117472.54000000", "time": "2025-07-12T14:38:39.156750Z", "fetched_at": "2025-07-12T14:39:35.195928+00:00", "symbol": "BTC-USD"}, {"trade_id": 847983976, "side": "sell", "size": "0.00000664", "price": "117470.54000000", "time": "2025-07-12T14:38:39.156750Z", "fetched_at": "2025-07-12T14:39:35.195928+00:00", "symbol": "BTC-USD"}, {"trade_id": 847983975, "side": "sell", "size": "0.00002066", "price": "117470.54000000", "time": "2025-07-12T14:38:39.156750Z", "fetched_at": "2025-07-12T14:39:35.195928+00:00", "symbol": "BTC-USD"}, {"trade_id": 847983974, "side": "sell", "size": "0.00000212", "price": "117470.54000000", "time": "2025-07-12T14:38:39.156750Z", "fetched_at": "2025-07-12T14:39:35.195928+00:00", "symbol": "BTC-USD"}, {"trade_id": 847983973, "side": "sell", "size": "0.00401085", "price": "117470.54000000", "time": "2025-07-12T14:38:39.156750Z", "fetched_at": "2025-07-12T14:39:35.195928+00:00", "symbol": "BTC-USD"}, {"trade_id": 847983972, "side": "sell", "size": "0.00000230", "price": "117470.54000000", "time": "2025-07-12T14:38:38.352955Z", "fetched_at": "2025-07-12T14:39:35.195928+00:00", "symbol": "BTC-USD"}, {"trade_id": 847983971, "side": "sell", "size": "0.00024229", "price": "117470.54000000", "time": "2025-07-12T14:38:38.247309Z", "fetched_at": "2025-07-12T14:39:35.195928+00:00", "symbol": "BTC-USD"}, {"trade_id": 847983970, "side": "sell", "size": "0.00006756", "price": "117470.54000000", "time": "2025-07-12T14:38:36.435633Z", "fetched_at": "2025-07-12T14:39:35.195928+00:00", "symbol": "BTC-USD"}, {"trade_id": 847983969, "side": "sell", "size": "0.00000008", "price": "117470.54000000", "time": "2025-07-12T14:38:36.383310Z", "fetched_at": "2025-07-12T14:39:35.195928+00:00", "symbol": "BTC-USD"}, {"trade_id": 847983968, "side": "sell", "size": "0.00051076", "price": "117470.54000000", "time": "2025-07-12T14:38:36.228815Z", "fetched_at": "2025-07-12T14:39:35.195928+00:00", "symbol": "BTC-USD"}, {"trade_id": 847983967, "side": "sell", "size": "0.00016547", "price": "117470.54000000", "time": "2025-07-12T14:38:36.209131Z", "fetched_at": "2025-07-12T14:39:35.195928+00:00", "symbol": "BTC-USD"}, {"trade_id": 847983966, "side": "sell", "size": "0.00897695", "price": "117463.73000000", "time": "2025-07-12T14:38:35.033518Z", "fetched_at": "2025-07-12T14:39:35.195928+00:00", "symbol": "BTC-USD"}, {"trade_id": 847983965, "side": "sell", "size": "0.00001000", "price": "117463.73000000", "time": "2025-07-12T14:38:35.033518Z", "fetched_at": "2025-07-12T14:39:35.195928+00:00", "symbol": "BTC-USD"}, {"trade_id": 847983964, "side": "buy", "size": "0.00000833", "price": "117463.72000000", "time": "2025-07-12T14:38:34.958973Z", "fetched_at": "2025-07-12T14:39:35.195928+00:00", "symbol": "BTC-USD"}, {"trade_id": 847983963, "side": "sell", "size": "0.00001000", "price": "117454.92000000", "time": "2025-07-12T14:38:34.778620Z", "fetched_at": "2025-07-12T14:39:35.195928+00:00", "symbol": "BTC-USD"}, {"trade_id": 847983962, "side": "sell", "size": "0.04666299", "price": "117446.20000000", "time": "2025-07-12T14:38:34.708239Z", "fetched_at": "2025-07-12T14:39:35.195928+00:00", "symbol": "BTC-USD"}, {"trade_id": 847983961, "side": "sell", "size": "0.00333701", "price": "117446.20000000", "time": "2025-07-12T14:38:34.708223Z", "fetched_at": "2025-07-12T14:39:35.195928+00:00", "symbol": "BTC-USD"}, {"trade_id": 847983960, "side": "sell", "size": "0.05000000", "price": "117446.15000000", "time": "2025-07-12T14:38:34.708223Z", "fetched_at": "2025-07-12T14:39:35.195928+00:00", "symbol": "BTC-USD"}, {"trade_id": 847983959, "side": "sell", "size": "0.00001000", "price": "117446.11000000", "time": "2025-07-12T14:38:34.708223Z", "fetched_at": "2025-07-12T14:39:35.195928+00:00", "symbol": "BTC-USD"}, {"trade_id": 847983958, "side": "sell", "size": "0.05000000", "price": "117443.75000000", "time": "2025-07-12T14:38:34.496811Z", "fetched_at": "2025-07-12T14:39:35.195928+00:00", "symbol": "BTC-USD"}, {"trade_id": 847983957, "side": "sell", "size": "0.05000000", "price": "117443.70000000", "time": "2025-07-12T14:38:34.496811Z", "fetched_at": "2025-07-12T14:39:35.195928+00:00", "symbol": "BTC-USD"}, {"trade_id": 847983956, "side": "sell", "size": "0.00008512", "price": "117443.68000000", "time": "2025-07-12T14:38:34.496811Z", "fetched_at": "2025-07-12T14:39:35.195928+00:00", "symbol": "BTC-USD"}, {"trade_id": 847983955, "side": "sell", "size": "0.00001825", "price": "117443.68000000", "time": "2025-07-12T14:38:34.496811Z", "fetched_at": "2025-07-12T14:39:35.195928+00:00", "symbol": "BTC-USD"}, {"trade_id": 847983954, "side": "sell", "size": "0.00000212", "price": "117443.68000000", "time": "2025-07-12T14:38:34.496811Z", "fetched_at": "2025-07-12T14:39:35.195928+00:00", "symbol": "BTC-USD"}, {"trade_id": 847983953, "side": "sell", "size": "0.00004648", "price": "117443.68000000", "time": "2025-07-12T14:38:34.496811Z", "fetched_at": "2025-07-12T14:39:35.195928+00:00", "symbol": "BTC-USD"}, {"trade_id": 847983952, "side": "sell", "size": "0.00756134", "price": "117443.68000000", "time": "2025-07-12T14:38:34.496811Z", "fetched_at": "2025-07-12T14:39:35.195928+00:00", "symbol": "BTC-USD"}, {"trade_id": 847983951, "side": "sell", "size": "0.00002888", "price": "117443.68000000", "time": "2025-07-12T14:38:33.693138Z", "fetched_at": "2025-07-12T14:39:35.195928+00:00", "symbol": "BTC-USD"}, {"trade_id": 847983950, "side": "sell", "size": "0.00021156", "price": "117443.68000000", "time": "2025-07-12T14:38:33.044773Z", "fetched_at": "2025-07-12T14:39:35.195928+00:00", "symbol": "BTC-USD"}, {"trade_id": 847983949, "side": "sell", "size": "0.00080726", "price": "117443.68000000", "time": "2025-07-12T14:38:30.774464Z", "fetched_at": "2025-07-12T14:39:35.195928+00:00", "symbol": "BTC-USD"}, {"trade_id": 847983948, "side": "buy", "size": "0.01446114", "price": "117443.67000000", "time": "2025-07-12T14:38:27.860104Z", "fetched_at": "2025-07-12T14:39:35.195928+00:00", "symbol": "BTC-USD"}, {"trade_id": 847983947, "side": "buy", "size": "0.00085527", "price": "117443.67000000", "time": "2025-07-12T14:38:26.955765Z", "fetched_at": "2025-07-12T14:39:35.195928+00:00", "symbol": "BTC-USD"}, {"trade_id": 847983946, "side": "sell", "size": "0.05000000", "price": "117438.80000000", "time": "2025-07-12T14:38:26.581856Z", "fetched_at": "2025-07-12T14:39:35.195928+00:00", "symbol": "BTC-USD"}, {"trade_id": 847983945, "side": "sell", "size": "0.04218750", "price": "117438.75000000", "time": "2025-07-12T14:38:26.581856Z", "fetched_at": "2025-07-12T14:39:35.195928+00:00", "symbol": "BTC-USD"}, {"trade_id": 847983944, "side": "sell", "size": "0.00781250", "price": "117438.75000000", "time": "2025-07-12T14:38:26.573666Z", "fetched_at": "2025-07-12T14:39:35.195928+00:00", "symbol": "BTC-USD"}, {"trade_id": 847983943, "side": "sell", "size": "0.00008516", "price": "117437.65000000", "time": "2025-07-12T14:38:26.516960Z", "fetched_at": "2025-07-12T14:39:35.195928+00:00", "symbol": "BTC-USD"}, {"trade_id": 847983942, "side": "sell", "size": "0.00164054", "price": "117442.76000000", "time": "2025-07-12T14:38:26.516481Z", "fetched_at": "2025-07-12T14:39:35.195928+00:00", "symbol": "BTC-USD"}, {"trade_id": 847983941, "side": "sell", "size": "0.00000242", "price": "117438.85000000", "time": "2025-07-12T14:38:26.511917Z", "fetched_at": "2025-07-12T14:39:35.195928+00:00", "symbol": "BTC-USD"}, {"trade_id": 847983940, "side": "sell", "size": "0.00851507", "price": "117438.75000000", "time": "2025-07-12T14:38:26.511917Z", "fetched_at": "2025-07-12T14:39:35.195928+00:00", "symbol": "BTC-USD"}, {"trade_id": 847983939, "side": "sell", "size": "0.06457064", "price": "117438.08000000", "time": "2025-07-12T14:38:26.511804Z", "fetched_at": "2025-07-12T14:39:35.195928+00:00", "symbol": "BTC-USD"}, {"trade_id": 847983938, "side": "sell", "size": "0.02560000", "price": "117437.66000000", "time": "2025-07-12T14:38:26.511804Z", "fetched_at": "2025-07-12T14:39:35.195928+00:00", "symbol": "BTC-USD"}, {"trade_id": 847983937, "side": "sell", "size": "0.00008516", "price": "117437.65000000", "time": "2025-07-12T14:38:26.511804Z", "fetched_at": "2025-07-12T14:39:35.195928+00:00", "symbol": "BTC-USD"}, {"trade_id": 847983936, "side": "sell", "size": "0.00000383", "price": "117431.46000000", "time": "2025-07-12T14:38:26.511804Z", "fetched_at": "2025-07-12T14:39:35.195928+00:00", "symbol": "BTC-USD"}, {"trade_id": 847983935, "side": "sell", "size": "0.00002656", "price": "117431.46000000", "time": "2025-07-12T14:38:26.511804Z", "fetched_at": "2025-07-12T14:39:35.195928+00:00", "symbol": "BTC-USD"}, {"trade_id": 847983934, "side": "buy", "size": "0.05941740", "price": "117429.54000000", "time": "2025-07-12T14:38:24.488627Z", "fetched_at": "2025-07-12T14:39:35.195928+00:00", "symbol": "BTC-USD"}, {"trade_id": 847983933, "side": "sell", "size": "0.00210645", "price": "117430.54000000", "time": "2025-07-12T14:38:23.493084Z", "fetched_at": "2025-07-12T14:39:35.195928+00:00", "symbol": "BTC-USD"}, {"trade_id": 847983932, "side": "sell", "size": "0.00000010", "price": "117427.82000000", "time": "2025-07-12T14:38:22.229100Z", "fetched_at": "2025-07-12T14:39:35.195928+00:00", "symbol": "BTC-USD"}, {"trade_id": 847983931, "side": "buy", "size": "0.01375533", "price": "117422.09000000", "time": "2025-07-12T14:38:22.145735Z", "fetched_at": "2025-07-12T14:39:35.195928+00:00", "symbol": "BTC-USD"}, {"trade_id": 847983930, "side": "buy", "size": "0.00681176", "price": "117423.07000000", "time": "2025-07-12T14:38:22.145735Z", "fetched_at": "2025-07-12T14:39:35.195928+00:00", "symbol": "BTC-USD"}, {"trade_id": 847983929, "side": "buy", "size": "0.00002204", "price": "117428.49000000", "time": "2025-07-12T14:38:22.145735Z", "fetched_at": "2025-07-12T14:39:35.195928+00:00", "symbol": "BTC-USD"}, {"trade_id": 847983928, "side": "buy", "size": "0.00001000", "price": "117428.49000000", "time": "2025-07-12T14:38:22.145735Z", "fetched_at": "2025-07-12T14:39:35.195928+00:00", "symbol": "BTC-USD"}, {"trade_id": 847983927, "side": "buy", "size": "0.00000374", "price": "117431.41000000", "time": "2025-07-12T14:38:22.145735Z", "fetched_at": "2025-07-12T14:39:35.195928+00:00", "symbol": "BTC-USD"}, {"trade_id": 847983926, "side": "buy", "size": "0.00000613", "price": "117431.41000000", "time": "2025-07-12T14:38:22.145735Z", "fetched_at": "2025-07-12T14:39:35.195928+00:00", "symbol": "BTC-USD"}, {"trade_id": 847983925, "side": "buy", "size": "0.00493837", "price": "117431.45000000", "time": "2025-07-12T14:38:22.145735Z", "fetched_at": "2025-07-12T14:39:35.195928+00:00", "symbol": "BTC-USD"}, {"trade_id": 847983924, "side": "sell", "size": "0.00112611", "price": "117438.73000000", "time": "2025-07-12T14:38:21.080167Z", "fetched_at": "2025-07-12T14:39:35.195928+00:00", "symbol": "BTC-USD"}, {"trade_id": 847983923, "side": "sell", "size": "0.00034118", "price": "117443.68000000", "time": "2025-07-12T14:38:20.068633Z", "fetched_at": "2025-07-12T14:39:35.195928+00:00", "symbol": "BTC-USD"}, {"trade_id": 847983922, "side": "sell", "size": "0.00006238", "price": "117443.67000000", "time": "2025-07-12T14:38:20.068633Z", "fetched_at": "2025-07-12T14:39:35.195928+00:00", "symbol": "BTC-USD"}, {"trade_id": 847983921, "side": "sell", "size": "0.05000000", "price": "117433.35000000", "time": "2025-07-12T14:38:19.685405Z", "fetched_at": "2025-07-12T14:39:35.195928+00:00", "symbol": "BTC-USD"}, {"trade_id": 847983920, "side": "sell", "size": "0.02176196", "price": "117433.30000000", "time": "2025-07-12T14:38:19.685405Z", "fetched_at": "2025-07-12T14:39:35.195928+00:00", "symbol": "BTC-USD"}, {"trade_id": 847983919, "side": "sell", "size": "0.02658389", "price": "117433.30000000", "time": "2025-07-12T14:38:19.685281Z", "fetched_at": "2025-07-12T14:39:35.195928+00:00", "symbol": "BTC-USD"}, {"trade_id": 847983918, "side": "sell", "size": "0.00165415", "price": "117433.30000000", "time": "2025-07-12T14:38:19.492562Z", "fetched_at": "2025-07-12T14:39:35.195928+00:00", "symbol": "BTC-USD"}, {"trade_id": 847983917, "side": "buy", "size": "0.00233920", "price": "117431.47000000", "time": "2025-07-12T14:38:18.857104Z", "fetched_at": "2025-07-12T14:39:35.195928+00:00", "symbol": "BTC-USD"}, {"trade_id": 847983916, "side": "sell", "size": "0.00851528", "price": "117435.84000000", "time": "2025-07-12T14:38:18.452710Z", "fetched_at": "2025-07-12T14:39:35.195928+00:00", "symbol": "BTC-USD"}, {"trade_id": 847983915, "side": "sell", "size": "0.05000000", "price": "117431.50000000", "time": "2025-07-12T14:38:18.411369Z", "fetched_at": "2025-07-12T14:39:35.195928+00:00", "symbol": "BTC-USD"}, {"trade_id": 847983914, "side": "sell", "size": "0.03613679", "price": "117431.45000000", "time": "2025-07-12T14:38:18.411369Z", "fetched_at": "2025-07-12T14:39:35.195928+00:00", "symbol": "BTC-USD"}, {"trade_id": 847983913, "side": "sell", "size": "0.01386321", "price": "117431.45000000", "time": "2025-07-12T14:38:18.411262Z", "fetched_at": "2025-07-12T14:39:35.195928+00:00", "symbol": "BTC-USD"}, {"trade_id": 847983912, "side": "sell", "size": "0.02560000", "price": "117431.42000000", "time": "2025-07-12T14:38:18.411262Z", "fetched_at": "2025-07-12T14:39:35.195928+00:00", "symbol": "BTC-USD"}, {"trade_id": 847983911, "side": "buy", "size": "0.00212936", "price": "117431.41000000", "time": "2025-07-12T14:38:18.095709Z", "fetched_at": "2025-07-12T14:39:35.195928+00:00", "symbol": "BTC-USD"}, {"trade_id": 847983910, "side": "buy", "size": "0.00001064", "price": "117431.41000000", "time": "2025-07-12T14:38:18.095709Z", "fetched_at": "2025-07-12T14:39:35.195928+00:00", "symbol": "BTC-USD"}, {"trade_id": 847983909, "side": "sell", "size": "0.00042000", "price": "117433.55000000", "time": "2025-07-12T14:38:17.280581Z", "fetched_at": "2025-07-12T14:39:35.195928+00:00", "symbol": "BTC-USD"}, {"trade_id": 847983908, "side": "buy", "size": "0.57709797", "price": "117434.07000000", "time": "2025-07-12T14:38:17.268061Z", "fetched_at": "2025-07-12T14:39:35.195928+00:00", "symbol": "BTC-USD"}, {"trade_id": 847983907, "side": "buy", "size": "0.02483524", "price": "117434.09000000", "time": "2025-07-12T14:38:17.268061Z", "fetched_at": "2025-07-12T14:39:35.195928+00:00", "symbol": "BTC-USD"}, {"trade_id": 847983906, "side": "buy", "size": "0.01806924", "price": "117437.13000000", "time": "2025-07-12T14:38:17.268061Z", "fetched_at": "2025-07-12T14:39:35.195928+00:00", "symbol": "BTC-USD"}, {"trade_id": 847983905, "side": "buy", "size": "0.02884506", "price": "117437.24000000", "time": "2025-07-12T14:38:17.268061Z", "fetched_at": "2025-07-12T14:39:35.195928+00:00", "symbol": "BTC-USD"}, {"trade_id": 847983904, "side": "buy", "size": "0.00001000", "price": "117437.30000000", "time": "2025-07-12T14:38:17.268061Z", "fetched_at": "2025-07-12T14:39:35.195928+00:00", "symbol": "BTC-USD"}, {"trade_id": 847983903, "side": "buy", "size": "0.01648087", "price": "117438.40000000", "time": "2025-07-12T14:38:17.268061Z", "fetched_at": "2025-07-12T14:39:35.195928+00:00", "symbol": "BTC-USD"}, {"trade_id": 847983902, "side": "buy", "size": "0.00000119", "price": "117445.30000000", "time": "2025-07-12T14:38:17.268061Z", "fetched_at": "2025-07-12T14:39:35.195928+00:00", "symbol": "BTC-USD"}, {"trade_id": 847983901, "side": "buy", "size": "0.00572794", "price": "117445.30000000", "time": "2025-07-12T14:38:17.268061Z", "fetched_at": "2025-07-12T14:39:35.195928+00:00", "symbol": "BTC-USD"}, {"trade_id": 847983900, "side": "buy", "size": "0.00000332", "price": "117445.30000000", "time": "2025-07-12T14:38:17.268061Z", "fetched_at": "2025-07-12T14:39:35.195928+00:00", "symbol": "BTC-USD"}, {"trade_id": 847983899, "side": "sell", "size": "0.00024214", "price": "117445.31000000", "time": "2025-07-12T14:38:17.041764Z", "fetched_at": "2025-07-12T14:39:35.195928+00:00", "symbol": "BTC-USD"}, {"trade_id": 847983898, "side": "buy", "size": "0.00003841", "price": "117445.30000000", "time": "2025-07-12T14:38:16.960565Z", "fetched_at": "2025-07-12T14:39:35.195928+00:00", "symbol": "BTC-USD"}, {"trade_id": 847983897, "side": "sell", "size": "0.00020675", "price": "117446.01000000", "time": "2025-07-12T14:38:16.634397Z", "fetched_at": "2025-07-12T14:39:35.195928+00:00", "symbol": "BTC-USD"}, {"trade_id": 847983896, "side": "buy", "size": "0.00001000", "price": "117446.11000000", "time": "2025-07-12T14:38:16.620552Z", "fetched_at": "2025-07-12T14:39:35.195928+00:00", "symbol": "BTC-USD"}, {"trade_id": 847983895, "side": "buy", "size": "0.00084844", "price": "117450.00000000", "time": "2025-07-12T14:38:16.604405Z", "fetched_at": "2025-07-12T14:39:35.195928+00:00", "symbol": "BTC-USD"}, {"trade_id": 847983894, "side": "buy", "size": "0.09690887", "price": "117451.62000000", "time": "2025-07-12T14:38:16.604405Z", "fetched_at": "2025-07-12T14:39:35.195928+00:00", "symbol": "BTC-USD"}, {"trade_id": 847983893, "side": "buy", "size": "0.00001000", "price": "117454.92000000", "time": "2025-07-12T14:38:16.604405Z", "fetched_at": "2025-07-12T14:39:35.195928+00:00", "symbol": "BTC-USD"}, {"trade_id": 847983892, "side": "buy", "size": "0.01845021", "price": "117454.99000000", "time": "2025-07-12T14:38:16.604405Z", "fetched_at": "2025-07-12T14:39:35.195928+00:00", "symbol": "BTC-USD"}, {"trade_id": 847983891, "side": "buy", "size": "0.00158060", "price": "117455.17000000", "time": "2025-07-12T14:38:16.604405Z", "fetched_at": "2025-07-12T14:39:35.195928+00:00", "symbol": "BTC-USD"}, {"trade_id": 847983890, "side": "buy", "size": "0.08378669", "price": "117455.17000000", "time": "2025-07-12T14:38:16.604405Z", "fetched_at": "2025-07-12T14:39:35.195928+00:00", "symbol": "BTC-USD"}, {"trade_id": 847983889, "side": "buy", "size": "0.08536000", "price": "117456.00000000", "time": "2025-07-12T14:38:16.604405Z", "fetched_at": "2025-07-12T14:39:35.195928+00:00", "symbol": "BTC-USD"}, {"trade_id": 847983888, "side": "buy", "size": "0.00029624", "price": "117456.00000000", "time": "2025-07-12T14:38:16.604405Z", "fetched_at": "2025-07-12T14:39:35.195928+00:00", "symbol": "BTC-USD"}, {"trade_id": 847983887, "side": "buy", "size": "0.00009874", "price": "117456.00000000", "time": "2025-07-12T14:38:16.604405Z", "fetched_at": "2025-07-12T14:39:35.195928+00:00", "symbol": "BTC-USD"}, {"trade_id": 847983886, "side": "buy", "size": "0.00039500", "price": "117456.00000000", "time": "2025-07-12T14:38:16.604405Z", "fetched_at": "2025-07-12T14:39:35.195928+00:00", "symbol": "BTC-USD"}, {"trade_id": 847983885, "side": "sell", "size": "0.00002900", "price": "117465.90000000", "time": "2025-07-12T14:38:16.200381Z", "fetched_at": "2025-07-12T14:39:35.195928+00:00", "symbol": "BTC-USD"}, {"trade_id": 847983884, "side": "sell", "size": "0.01106644", "price": "117455.26000000", "time": "2025-07-12T14:38:16.198501Z", "fetched_at": "2025-07-12T14:39:35.195928+00:00", "symbol": "BTC-USD"}, {"trade_id": 847983883, "side": "sell", "size": "0.00040356", "price": "117455.26000000", "time": "2025-07-12T14:38:16.189399Z", "fetched_at": "2025-07-12T14:39:35.195928+00:00", "symbol": "BTC-USD"}, {"trade_id": 847983882, "side": "buy", "size": "0.00017097", "price": "117455.25000000", "time": "2025-07-12T14:38:16.152054Z", "fetched_at": "2025-07-12T14:39:35.195928+00:00", "symbol": "BTC-USD"}, {"trade_id": 847983881, "side": "buy", "size": "0.00001000", "price": "117463.73000000", "time": "2025-07-12T14:38:15.957315Z", "fetched_at": "2025-07-12T14:39:35.195928+00:00", "symbol": "BTC-USD"}, {"trade_id": 847983880, "side": "buy", "size": "0.03330343", "price": "117465.80000000", "time": "2025-07-12T14:38:15.940529Z", "fetched_at": "2025-07-12T14:39:35.195928+00:00", "symbol": "BTC-USD"}, {"trade_id": 847983879, "side": "buy", "size": "0.00373753", "price": "117471.74000000", "time": "2025-07-12T14:38:15.940256Z", "fetched_at": "2025-07-12T14:39:35.195928+00:00", "symbol": "BTC-USD"}, {"trade_id": 847983878, "side": "buy", "size": "0.06750000", "price": "117465.79000000", "time": "2025-07-12T14:38:15.936537Z", "fetched_at": "2025-07-12T14:39:35.195928+00:00", "symbol": "BTC-USD"}, {"trade_id": 847983877, "side": "buy", "size": "0.00672571", "price": "117468.16000000", "time": "2025-07-12T14:38:15.936537Z", "fetched_at": "2025-07-12T14:39:35.195928+00:00", "symbol": "BTC-USD"}, {"trade_id": 847983876, "side": "buy", "size": "0.04172896", "price": "117470.44000000", "time": "2025-07-12T14:38:15.936537Z", "fetched_at": "2025-07-12T14:39:35.195928+00:00", "symbol": "BTC-USD"}, {"trade_id": 847983875, "side": "buy", "size": "0.00001000", "price": "117472.54000000", "time": "2025-07-12T14:38:15.936537Z", "fetched_at": "2025-07-12T14:39:35.195928+00:00", "symbol": "BTC-USD"}, {"trade_id": 847983874, "side": "buy", "size": "0.00851261", "price": "117472.78000000", "time": "2025-07-12T14:38:15.936537Z", "fetched_at": "2025-07-12T14:39:35.195928+00:00", "symbol": "BTC-USD"}, {"trade_id": 847983873, "side": "buy", "size": "0.01610938", "price": "117474.76000000", "time": "2025-07-12T14:38:15.933619Z", "fetched_at": "2025-07-12T14:39:35.195928+00:00", "symbol": "BTC-USD"}, {"trade_id": 847983872, "side": "buy", "size": "0.00538253", "price": "117474.77000000", "time": "2025-07-12T14:38:15.933619Z", "fetched_at": "2025-07-12T14:39:35.195928+00:00", "symbol": "BTC-USD"}, {"trade_id": 847983871, "side": "buy", "size": "0.00364592", "price": "117474.77000000", "time": "2025-07-12T14:38:15.933338Z", "fetched_at": "2025-07-12T14:39:35.195928+00:00", "symbol": "BTC-USD"}, {"trade_id": 847983870, "side": "buy", "size": "0.01950551", "price": "117474.77000000", "time": "2025-07-12T14:38:15.933156Z", "fetched_at": "2025-07-12T14:39:35.195928+00:00", "symbol": "BTC-USD"}, {"trade_id": 847983869, "side": "buy", "size": "0.03532249", "price": "117474.77000000", "time": "2025-07-12T14:38:15.933156Z", "fetched_at": "2025-07-12T14:39:35.195928+00:00", "symbol": "BTC-USD"}, {"trade_id": 847983868, "side": "buy", "size": "0.00356069", "price": "117476.95000000", "time": "2025-07-12T14:38:15.932752Z", "fetched_at": "2025-07-12T14:39:35.195928+00:00", "symbol": "BTC-USD"}, {"trade_id": 847983867, "side": "buy", "size": "0.09807585", "price": "117477.36000000", "time": "2025-07-12T14:38:15.932752Z", "fetched_at": "2025-07-12T14:39:35.195928+00:00", "symbol": "BTC-USD"}, {"trade_id": 847983866, "side": "buy", "size": "0.01003297", "price": "117479.23000000", "time": "2025-07-12T14:38:15.932752Z", "fetched_at": "2025-07-12T14:39:35.195928+00:00", "symbol": "BTC-USD"}, {"trade_id": 847983865, "side": "buy", "size": "0.00500041", "price": "117479.23000000", "time": "2025-07-12T14:38:15.932338Z", "fetched_at": "2025-07-12T14:39:35.195928+00:00", "symbol": "BTC-USD"}, {"trade_id": 847983864, "side": "buy", "size": "0.00302938", "price": "117479.23000000", "time": "2025-07-12T14:38:15.932327Z", "fetched_at": "2025-07-12T14:39:35.195928+00:00", "symbol": "BTC-USD"}, {"trade_id": 847983863, "side": "buy", "size": "0.00680855", "price": "117480.29000000", "time": "2025-07-12T14:38:15.931517Z", "fetched_at": "2025-07-12T14:39:35.195928+00:00", "symbol": "BTC-USD"}, {"trade_id": 847983862, "side": "buy", "size": "0.00001000", "price": "117481.35000000", "time": "2025-07-12T14:38:15.931517Z", "fetched_at": "2025-07-12T14:39:35.195928+00:00", "symbol": "BTC-USD"}, {"trade_id": 847983861, "side": "buy", "size": "0.00259057", "price": "117482.40000000", "time": "2025-07-12T14:38:15.931517Z", "fetched_at": "2025-07-12T14:39:35.195928+00:00", "symbol": "BTC-USD"}, {"trade_id": 847983860, "side": "buy", "size": "0.00007394", "price": "117482.40000000", "time": "2025-07-12T14:38:15.931517Z", "fetched_at": "2025-07-12T14:39:35.195928+00:00", "symbol": "BTC-USD"}, {"trade_id": 847983859, "side": "buy", "size": "0.00000357", "price": "117482.40000000", "time": "2025-07-12T14:38:15.931517Z", "fetched_at": "2025-07-12T14:39:35.195928+00:00", "symbol": "BTC-USD"}, {"trade_id": 847983858, "side": "buy", "size": "0.03177940", "price": "117482.40000000", "time": "2025-07-12T14:38:15.931517Z", "fetched_at": "2025-07-12T14:39:35.195928+00:00", "symbol": "BTC-USD"}, {"trade_id": 847983857, "side": "buy", "size": "0.00138046", "price": "117482.40000000", "time": "2025-07-12T14:38:15.883234Z", "fetched_at": "2025-07-12T14:39:35.195928+00:00", "symbol": "BTC-USD"}, {"trade_id": 847983856, "side": "buy", "size": "0.00000093", "price": "117482.40000000", "time": "2025-07-12T14:38:15.883234Z", "fetched_at": "2025-07-12T14:39:35.195928+00:00", "symbol": "BTC-USD"}, {"trade_id": 847983855, "side": "buy", "size": "0.00033768", "price": "117482.40000000", "time": "2025-07-12T14:38:15.883234Z", "fetched_at": "2025-07-12T14:39:35.195928+00:00", "symbol": "BTC-USD"}, {"trade_id": 847983854, "side": "sell", "size": "0.00043802", "price": "117482.41000000", "time": "2025-07-12T14:38:15.735390Z", "fetched_at": "2025-07-12T14:39:35.195928+00:00", "symbol": "BTC-USD"}, {"trade_id": 847983853, "side": "sell", "size": "0.00004002", "price": "117482.41000000", "time": "2025-07-12T14:38:15.541013Z", "fetched_at": "2025-07-12T14:39:35.195928+00:00", "symbol": "BTC-USD"}, {"trade_id": 847983852, "side": "sell", "size": "0.00236501", "price": "117483.69000000", "time": "2025-07-12T14:38:15.107152Z", "fetched_at": "2025-07-12T14:39:35.195928+00:00", "symbol": "BTC-USD"}, {"trade_id": 847983851, "side": "sell", "size": "0.00299753", "price": "117482.41000000", "time": "2025-07-12T14:38:15.107152Z", "fetched_at": "2025-07-12T14:39:35.195928+00:00", "symbol": "BTC-USD"}, {"trade_id": 847983850, "side": "sell", "size": "0.00826572", "price": "117482.41000000", "time": "2025-07-12T14:38:15.033830Z", "fetched_at": "2025-07-12T14:39:35.195928+00:00", "symbol": "BTC-USD"}, {"trade_id": 847983849, "side": "sell", "size": "0.00020675", "price": "117482.41000000", "time": "2025-07-12T14:38:14.870541Z", "fetched_at": "2025-07-12T14:39:35.195928+00:00", "symbol": "BTC-USD"}, {"trade_id": 847983848, "side": "sell", "size": "0.00188260", "price": "117482.42000000", "time": "2025-07-12T14:38:14.759736Z", "fetched_at": "2025-07-12T14:39:35.195928+00:00", "symbol": "BTC-USD"}, {"trade_id": 847983847, "side": "buy", "size": "0.00000170", "price": "117483.69000000", "time": "2025-07-12T14:38:14.548467Z", "fetched_at": "2025-07-12T14:39:35.195928+00:00", "symbol": "BTC-USD"}, {"trade_id": 847983846, "side": "sell", "size": "0.00102343", "price": "117483.70000000", "time": "2025-07-12T14:38:14.531558Z", "fetched_at": "2025-07-12T14:39:35.195928+00:00", "symbol": "BTC-USD"}, {"trade_id": 847983845, "side": "sell", "size": "0.00001034", "price": "117483.70000000", "time": "2025-07-12T14:38:14.531558Z", "fetched_at": "2025-07-12T14:39:35.195928+00:00", "symbol": "BTC-USD"}, {"trade_id": 847983844, "side": "sell", "size": "0.00019600", "price": "117484.51000000", "time": "2025-07-12T14:38:14.164038Z", "fetched_at": "2025-07-12T14:39:35.195928+00:00", "symbol": "BTC-USD"}, {"trade_id": 847983843, "side": "sell", "size": "0.00000042", "price": "117482.41000000", "time": "2025-07-12T14:38:14.164038Z", "fetched_at": "2025-07-12T14:39:35.195928+00:00", "symbol": "BTC-USD"}, {"trade_id": 847983842, "side": "sell", "size": "0.00001033", "price": "117482.41000000", "time": "2025-07-12T14:38:14.164038Z", "fetched_at": "2025-07-12T14:39:35.195928+00:00", "symbol": "BTC-USD"}, {"trade_id": 847983841, "side": "buy", "size": "0.00117496", "price": "117482.40000000", "time": "2025-07-12T14:38:14.144492Z", "fetched_at": "2025-07-12T14:39:35.195928+00:00", "symbol": "BTC-USD"}, {"trade_id": 847983840, "side": "sell", "size": "0.00259050", "price": "117483.28000000", "time": "2025-07-12T14:38:13.208872Z", "fetched_at": "2025-07-12T14:39:35.195928+00:00", "symbol": "BTC-USD"}, {"trade_id": 847983839, "side": "sell", "size": "0.00000434", "price": "117482.41000000", "time": "2025-07-12T14:38:13.208872Z", "fetched_at": "2025-07-12T14:39:35.195928+00:00", "symbol": "BTC-USD"}, {"trade_id": 847983838, "side": "sell", "size": "0.00002858", "price": "117482.41000000", "time": "2025-07-12T14:38:13.208872Z", "fetched_at": "2025-07-12T14:39:35.195928+00:00", "symbol": "BTC-USD"}, {"trade_id": 847983837, "side": "sell", "size": "0.00005410", "price": "117482.41000000", "time": "2025-07-12T14:38:12.917301Z", "fetched_at": "2025-07-12T14:39:35.195928+00:00", "symbol": "BTC-USD"}, {"trade_id": 847983836, "side": "sell", "size": "0.00001702", "price": "117482.41000000", "time": "2025-07-12T14:38:12.917301Z", "fetched_at": "2025-07-12T14:39:35.195928+00:00", "symbol": "BTC-USD"}, {"trade_id": 847983835, "side": "sell", "size": "0.00042000", "price": "117482.43000000", "time": "2025-07-12T14:38:11.978304Z", "fetched_at": "2025-07-12T14:39:35.195928+00:00", "symbol": "BTC-USD"}, {"trade_id": 847983834, "side": "buy", "size": "0.00001000", "price": "117490.16000000", "time": "2025-07-12T14:38:11.947762Z", "fetched_at": "2025-07-12T14:39:35.195928+00:00", "symbol": "BTC-USD"}, {"trade_id": 847983833, "side": "buy", "size": "0.01515541", "price": "117493.06000000", "time": "2025-07-12T14:38:11.947762Z", "fetched_at": "2025-07-12T14:39:35.195928+00:00", "symbol": "BTC-USD"}, {"trade_id": 847983832, "side": "buy", "size": "0.05902718", "price": "117493.06000000", "time": "2025-07-12T14:38:11.947124Z", "fetched_at": "2025-07-12T14:39:35.195928+00:00", "symbol": "BTC-USD"}, {"trade_id": 847983831, "side": "buy", "size": "0.00000357", "price": "117496.33000000", "time": "2025-07-12T14:38:11.947035Z", "fetched_at": "2025-07-12T14:39:35.195928+00:00", "symbol": "BTC-USD"}, {"trade_id": 847983830, "side": "buy", "size": "0.02163883", "price": "117496.33000000", "time": "2025-07-12T14:38:11.947035Z", "fetched_at": "2025-07-12T14:39:35.195928+00:00", "symbol": "BTC-USD"}, {"trade_id": 847983829, "side": "buy", "size": "0.02091569", "price": "117496.33000000", "time": "2025-07-12T14:38:11.946728Z", "fetched_at": "2025-07-12T14:39:35.195928+00:00", "symbol": "BTC-USD"}, {"trade_id": 847983828, "side": "buy", "size": "0.00000238", "price": "117496.33000000", "time": "2025-07-12T14:38:11.946728Z", "fetched_at": "2025-07-12T14:39:35.195928+00:00", "symbol": "BTC-USD"}, {"trade_id": 847983827, "side": "buy", "size": "0.00030000", "price": "117499.13000000", "time": "2025-07-12T14:38:11.944206Z", "fetched_at": "2025-07-12T14:39:35.195928+00:00", "symbol": "BTC-USD"}, {"trade_id": 847983826, "side": "buy", "size": "0.00001986", "price": "117499.13000000", "time": "2025-07-12T14:38:11.944206Z", "fetched_at": "2025-07-12T14:39:35.195928+00:00", "symbol": "BTC-USD"}, {"trade_id": 847983825, "side": "buy", "size": "0.00001562", "price": "117496.33000000", "time": "2025-07-12T14:38:10.244864Z", "fetched_at": "2025-07-12T14:39:35.195928+00:00", "symbol": "BTC-USD"}, {"trade_id": 847983824, "side": "sell", "size": "0.00029488", "price": "117496.34000000", "time": "2025-07-12T14:38:10.083092Z", "fetched_at": "2025-07-12T14:39:35.195928+00:00", "symbol": "BTC-USD"}, {"trade_id": 847983823, "side": "buy", "size": "0.00019361", "price": "117493.10000000", "time": "2025-07-12T14:38:10.063281Z", "fetched_at": "2025-07-12T14:39:35.195928+00:00", "symbol": "BTC-USD"}, {"trade_id": 847983822, "side": "buy", "size": "0.00002262", "price": "117496.33000000", "time": "2025-07-12T14:38:10.063281Z", "fetched_at": "2025-07-12T14:39:35.195928+00:00", "symbol": "BTC-USD"}, {"trade_id": 847983821, "side": "buy", "size": "0.00002202", "price": "117505.39000000", "time": "2025-07-12T14:38:09.619967Z", "fetched_at": "2025-07-12T14:39:35.195928+00:00", "symbol": "BTC-USD"}, {"trade_id": 847983820, "side": "buy", "size": "0.00001055", "price": "117505.39000000", "time": "2025-07-12T14:38:09.619967Z", "fetched_at": "2025-07-12T14:39:35.195928+00:00", "symbol": "BTC-USD"}, {"trade_id": 847983819, "side": "buy", "size": "0.00000246", "price": "117505.39000000", "time": "2025-07-12T14:38:09.619967Z", "fetched_at": "2025-07-12T14:39:35.195928+00:00", "symbol": "BTC-USD"}, {"trade_id": 847983818, "side": "buy", "size": "0.04071905", "price": "117505.39000000", "time": "2025-07-12T14:38:09.619967Z", "fetched_at": "2025-07-12T14:39:35.195928+00:00", "symbol": "BTC-USD"}, {"trade_id": 847983817, "side": "sell", "size": "0.00027888", "price": "117505.40000000", "time": "2025-07-12T14:38:09.411003Z", "fetched_at": "2025-07-12T14:39:35.195928+00:00", "symbol": "BTC-USD"}, {"trade_id": 847983816, "side": "buy", "size": "0.00127378", "price": "117505.39000000", "time": "2025-07-12T14:38:09.172261Z", "fetched_at": "2025-07-12T14:39:35.195928+00:00", "symbol": "BTC-USD"}, {"trade_id": 847983815, "side": "buy", "size": "0.00008937", "price": "117505.39000000", "time": "2025-07-12T14:38:08.840912Z", "fetched_at": "2025-07-12T14:39:35.195928+00:00", "symbol": "BTC-USD"}, {"trade_id": 847983814, "side": "sell", "size": "0.00002334", "price": "117505.40000000", "time": "2025-07-12T14:38:08.687121Z", "fetched_at": "2025-07-12T14:39:35.195928+00:00", "symbol": "BTC-USD"}, {"trade_id": 847983813, "side": "sell", "size": "0.00000348", "price": "117505.40000000", "time": "2025-07-12T14:38:08.687121Z", "fetched_at": "2025-07-12T14:39:35.195928+00:00", "symbol": "BTC-USD"}, {"trade_id": 847983812, "side": "sell", "size": "0.00008273", "price": "117505.40000000", "time": "2025-07-12T14:38:08.440875Z", "fetched_at": "2025-07-12T14:39:35.195928+00:00", "symbol": "BTC-USD"}, {"trade_id": 847983811, "side": "sell", "size": "0.00040356", "price": "117505.40000000", "time": "2025-07-12T14:38:08.007919Z", "fetched_at": "2025-07-12T14:39:35.195928+00:00", "symbol": "BTC-USD"}, {"trade_id": 847983810, "side": "sell", "size": "0.00088793", "price": "117505.40000000", "time": "2025-07-12T14:38:07.843524Z", "fetched_at": "2025-07-12T14:39:35.195928+00:00", "symbol": "BTC-USD"}, {"trade_id": 847983809, "side": "buy", "size": "0.00046895", "price": "117505.39000000", "time": "2025-07-12T14:38:07.315261Z", "fetched_at": "2025-07-12T14:39:35.195928+00:00", "symbol": "BTC-USD"}, {"trade_id": 847983808, "side": "sell", "size": "0.00009230", "price": "117505.40000000", "time": "2025-07-12T14:38:06.943384Z", "fetched_at": "2025-07-12T14:39:35.195928+00:00", "symbol": "BTC-USD"}, {"trade_id": 847983807, "side": "sell", "size": "0.01000000", "price": "117505.40000000", "time": "2025-07-12T14:38:06.857525Z", "fetched_at": "2025-07-12T14:39:35.195928+00:00", "symbol": "BTC-USD"}, {"trade_id": 847983806, "side": "sell", "size": "0.00076947", "price": "117505.40000000", "time": "2025-07-12T14:38:06.121089Z", "fetched_at": "2025-07-12T14:39:35.195928+00:00", "symbol": "BTC-USD"}, {"trade_id": 847983805, "side": "sell", "size": "0.00016142", "price": "117505.40000000", "time": "2025-07-12T14:38:05.671695Z", "fetched_at": "2025-07-12T14:39:35.195928+00:00", "symbol": "BTC-USD"}, {"trade_id": 847983804, "side": "sell", "size": "0.00054829", "price": "117505.40000000", "time": "2025-07-12T14:38:05.450319Z", "fetched_at": "2025-07-12T14:39:35.195928+00:00", "symbol": "BTC-USD"}, {"trade_id": 847983803, "side": "sell", "size": "0.00001384", "price": "117505.40000000", "time": "2025-07-12T14:38:04.480990Z", "fetched_at": "2025-07-12T14:39:35.195928+00:00", "symbol": "BTC-USD"}, {"trade_id": 847983802, "side": "sell", "size": "0.00041351", "price": "117505.40000000", "time": "2025-07-12T14:38:04.392355Z", "fetched_at": "2025-07-12T14:39:35.195928+00:00", "symbol": "BTC-USD"}, {"trade_id": 847983801, "side": "sell", "size": "0.00083295", "price": "117505.40000000", "time": "2025-07-12T14:38:03.466125Z", "fetched_at": "2025-07-12T14:39:35.195928+00:00", "symbol": "BTC-USD"}, {"trade_id": 847983800, "side": "buy", "size": "0.06605621", "price": "117498.68000000", "time": "2025-07-12T14:38:02.855135Z", "fetched_at": "2025-07-12T14:39:35.195928+00:00", "symbol": "BTC-USD"}, {"trade_id": 847983799, "side": "buy", "size": "0.03500000", "price": "117498.69000000", "time": "2025-07-12T14:38:02.855135Z", "fetched_at": "2025-07-12T14:39:35.195928+00:00", "symbol": "BTC-USD"}, {"trade_id": 847983798, "side": "buy", "size": "0.00002797", "price": "117505.39000000", "time": "2025-07-12T14:38:02.855135Z", "fetched_at": "2025-07-12T14:39:35.195928+00:00", "symbol": "BTC-USD"}, {"trade_id": 847983797, "side": "buy", "size": "0.00000696", "price": "117505.39000000", "time": "2025-07-12T14:38:02.855135Z", "fetched_at": "2025-07-12T14:39:35.195928+00:00", "symbol": "BTC-USD"}, {"trade_id": 847983796, "side": "buy", "size": "0.00000102", "price": "117505.39000000", "time": "2025-07-12T14:38:02.855135Z", "fetched_at": "2025-07-12T14:39:35.195928+00:00", "symbol": "BTC-USD"}, {"trade_id": 847983795, "side": "buy", "size": "0.00000697", "price": "117505.39000000", "time": "2025-07-12T14:38:02.855135Z", "fetched_at": "2025-07-12T14:39:35.195928+00:00", "symbol": "BTC-USD"}, {"trade_id": 847983794, "side": "buy", "size": "0.01380285", "price": "117505.39000000", "time": "2025-07-12T14:38:02.855135Z", "fetched_at": "2025-07-12T14:39:35.195928+00:00", "symbol": "BTC-USD"}, {"trade_id": 847983793, "side": "buy", "size": "0.00005786", "price": "117505.39000000", "time": "2025-07-12T14:38:02.172413Z", "fetched_at": "2025-07-12T14:39:35.195928+00:00", "symbol": "BTC-USD"}, {"trade_id": 847983792, "side": "buy", "size": "0.00002767", "price": "117505.41000000", "time": "2025-07-12T14:38:02.172413Z", "fetched_at": "2025-07-12T14:39:35.195928+00:00", "symbol": "BTC-USD"}, {"trade_id": 847983791, "side": "sell", "size": "0.00042126", "price": "117505.40000000", "time": "2025-07-12T14:38:01.806166Z", "fetched_at": "2025-07-12T14:39:35.195928+00:00", "symbol": "BTC-USD"}, {"trade_id": 847983790, "side": "buy", "size": "0.00085102", "price": "117505.39000000", "time": "2025-07-12T14:38:01.748245Z", "fetched_at": "2025-07-12T14:39:35.195928+00:00", "symbol": "BTC-USD"}, {"trade_id": 847983789, "side": "buy", "size": "0.00635188", "price": "117505.39000000", "time": "2025-07-12T14:38:01.617368Z", "fetched_at": "2025-07-12T14:39:35.195928+00:00", "symbol": "BTC-USD"}, {"trade_id": 847983788, "side": "sell", "size": "0.00042782", "price": "117505.40000000", "time": "2025-07-12T14:38:01.347296Z", "fetched_at": "2025-07-12T14:39:35.195928+00:00", "symbol": "BTC-USD"}, {"trade_id": 847983787, "side": "buy", "size": "0.00000170", "price": "117505.39000000", "time": "2025-07-12T14:38:01.023842Z", "fetched_at": "2025-07-12T14:39:35.195928+00:00", "symbol": "BTC-USD"}, {"trade_id": 847983786, "side": "sell", "size": "0.00049573", "price": "117505.42000000", "time": "2025-07-12T14:38:00.618618Z", "fetched_at": "2025-07-12T14:39:35.195928+00:00", "symbol": "BTC-USD"}, {"trade_id": 847983785, "side": "sell", "size": "0.01570586", "price": "117505.42000000", "time": "2025-07-12T14:37:59.568633Z", "fetched_at": "2025-07-12T14:39:35.195928+00:00", "symbol": "BTC-USD"}, {"trade_id": 847983784, "side": "sell", "size": "0.00851024", "price": "117505.40000000", "time": "2025-07-12T14:37:59.568633Z", "fetched_at": "2025-07-12T14:39:35.195928+00:00", "symbol": "BTC-USD"}, {"trade_id": 847983783, "side": "buy", "size": "0.01716468", "price": "117505.39000000", "time": "2025-07-12T14:37:59.516761Z", "fetched_at": "2025-07-12T14:39:35.195928+00:00", "symbol": "BTC-USD"}, {"trade_id": 847983782, "side": "buy", "size": "0.00002601", "price": "117505.41000000", "time": "2025-07-12T14:37:59.516761Z", "fetched_at": "2025-07-12T14:39:35.195928+00:00", "symbol": "BTC-USD"}, {"trade_id": 847983781, "side": "sell", "size": "0.00057823", "price": "117505.42000000", "time": "2025-07-12T14:37:58.908385Z", "fetched_at": "2025-07-12T14:39:35.195928+00:00", "symbol": "BTC-USD"}, {"trade_id": 847983780, "side": "sell", "size": "0.00084249", "price": "117505.40000000", "time": "2025-07-12T14:37:57.889917Z", "fetched_at": "2025-07-12T14:39:35.195928+00:00", "symbol": "BTC-USD"}, {"trade_id": 847983779, "side": "sell", "size": "0.00030722", "price": "117505.40000000", "time": "2025-07-12T14:37:57.855603Z", "fetched_at": "2025-07-12T14:39:35.195928+00:00", "symbol": "BTC-USD"}, {"trade_id": 847983778, "side": "sell", "size": "0.00008511", "price": "117505.40000000", "time": "2025-07-12T14:37:57.855603Z", "fetched_at": "2025-07-12T14:39:35.195928+00:00", "symbol": "BTC-USD"}, {"trade_id": 847983777, "side": "sell", "size": "0.00008425", "price": "117505.40000000", "time": "2025-07-12T14:37:56.332420Z", "fetched_at": "2025-07-12T14:39:35.195928+00:00", "symbol": "BTC-USD"}, {"trade_id": 847983776, "side": "sell", "size": "0.00092826", "price": "117505.40000000", "time": "2025-07-12T14:37:55.334342Z", "fetched_at": "2025-07-12T14:39:35.195928+00:00", "symbol": "BTC-USD"}, {"trade_id": 847983775, "side": "sell", "size": "0.00303108", "price": "117505.40000000", "time": "2025-07-12T14:37:54.372636Z", "fetched_at": "2025-07-12T14:39:35.195928+00:00", "symbol": "BTC-USD"}, {"trade_id": 847983774, "side": "sell", "size": "0.00001912", "price": "117505.40000000", "time": "2025-07-12T14:37:53.139765Z", "fetched_at": "2025-07-12T14:39:35.195928+00:00", "symbol": "BTC-USD"}, {"trade_id": 847983773, "side": "buy", "size": "0.00337942", "price": "117505.39000000", "time": "2025-07-12T14:37:53.032006Z", "fetched_at": "2025-07-12T14:39:35.195928+00:00", "symbol": "BTC-USD"}, {"trade_id": 847983772, "side": "buy", "size": "0.00008511", "price": "117505.40000000", "time": "2025-07-12T14:37:53.032006Z", "fetched_at": "2025-07-12T14:39:35.195928+00:00", "symbol": "BTC-USD"}, {"trade_id": 847983771, "side": "sell", "size": "0.00046994", "price": "117505.40000000", "time": "2025-07-12T14:37:52.263144Z", "fetched_at": "2025-07-12T14:39:35.195928+00:00", "symbol": "BTC-USD"}, {"trade_id": 847983770, "side": "buy", "size": "0.00025522", "price": "117505.39000000", "time": "2025-07-12T14:37:52.159339Z", "fetched_at": "2025-07-12T14:39:35.195928+00:00", "symbol": "BTC-USD"}, {"trade_id": 847983769, "side": "buy", "size": "0.00009313", "price": "117505.39000000", "time": "2025-07-12T14:37:52.138476Z", "fetched_at": "2025-07-12T14:39:35.195928+00:00", "symbol": "BTC-USD"}, {"trade_id": 847983768, "side": "sell", "size": "0.00101096", "price": "117505.40000000", "time": "2025-07-12T14:37:51.271558Z", "fetched_at": "2025-07-12T14:39:35.195928+00:00", "symbol": "BTC-USD"}, {"trade_id": 847983767, "side": "buy", "size": "0.00021934", "price": "117505.39000000", "time": "2025-07-12T14:37:49.826934Z", "fetched_at": "2025-07-12T14:39:35.195928+00:00", "symbol": "BTC-USD"}, {"trade_id": 847983766, "side": "buy", "size": "0.00006634", "price": "117505.40000000", "time": "2025-07-12T14:37:49.826934Z", "fetched_at": "2025-07-12T14:39:35.195928+00:00", "symbol": "BTC-USD"}, {"trade_id": 847983765, "side": "sell", "size": "0.00021623", "price": "117505.40000000", "time": "2025-07-12T14:37:48.712075Z", "fetched_at": "2025-07-12T14:39:35.195928+00:00", "symbol": "BTC-USD"}, {"trade_id": 847983764, "side": "buy", "size": "0.00007574", "price": "117505.39000000", "time": "2025-07-12T14:37:48.423901Z", "fetched_at": "2025-07-12T14:39:35.195928+00:00", "symbol": "BTC-USD"}, {"trade_id": 847983763, "side": "sell", "size": "0.00045486", "price": "117505.40000000", "time": "2025-07-12T14:37:48.219147Z", "fetched_at": "2025-07-12T14:39:35.195928+00:00", "symbol": "BTC-USD"}, {"trade_id": 847983762, "side": "sell", "size": "0.00084249", "price": "117505.41000000", "time": "2025-07-12T14:37:47.913104Z", "fetched_at": "2025-07-12T14:39:35.195928+00:00", "symbol": "BTC-USD"}, {"trade_id": 847983761, "side": "sell", "size": "0.00013542", "price": "117506.28000000", "time": "2025-07-12T14:37:47.797625Z", "fetched_at": "2025-07-12T14:39:35.195928+00:00", "symbol": "BTC-USD"}, {"trade_id": 847983760, "side": "sell", "size": "0.01805874", "price": "117505.42000000", "time": "2025-07-12T14:37:47.797625Z", "fetched_at": "2025-07-12T14:39:35.195928+00:00", "symbol": "BTC-USD"}, {"trade_id": 847983759, "side": "sell", "size": "0.00750040", "price": "117505.40000000", "time": "2025-07-12T14:37:47.797625Z", "fetched_at": "2025-07-12T14:39:35.195928+00:00", "symbol": "BTC-USD"}, {"trade_id": 847983758, "side": "sell", "size": "0.00009489", "price": "117505.40000000", "time": "2025-07-12T14:37:47.762613Z", "fetched_at": "2025-07-12T14:39:35.195928+00:00", "symbol": "BTC-USD"}, {"trade_id": 847983757, "side": "buy", "size": "0.00029839", "price": "117505.39000000", "time": "2025-07-12T14:37:47.515511Z", "fetched_at": "2025-07-12T14:39:35.195928+00:00", "symbol": "BTC-USD"}, {"trade_id": 847983756, "side": "buy", "size": "0.00000161", "price": "117505.39000000", "time": "2025-07-12T14:37:47.515511Z", "fetched_at": "2025-07-12T14:39:35.195928+00:00", "symbol": "BTC-USD"}, {"trade_id": 847983755, "side": "sell", "size": "0.00051114", "price": "117505.40000000", "time": "2025-07-12T14:37:47.374710Z", "fetched_at": "2025-07-12T14:39:35.195928+00:00", "symbol": "BTC-USD"}, {"trade_id": 847983754, "side": "sell", "size": "0.00040355", "price": "117505.40000000", "time": "2025-07-12T14:37:47.181575Z", "fetched_at": "2025-07-12T14:39:35.195928+00:00", "symbol": "BTC-USD"}, {"trade_id": 847983753, "side": "sell", "size": "0.00000002", "price": "117505.40000000", "time": "2025-07-12T14:37:46.855507Z", "fetched_at": "2025-07-12T14:39:35.195928+00:00", "symbol": "BTC-USD"}, {"trade_id": 847983752, "side": "buy", "size": "0.00067402", "price": "117500.01000000", "time": "2025-07-12T14:37:45.391150Z", "fetched_at": "2025-07-12T14:39:35.195928+00:00", "symbol": "BTC-USD"}, {"trade_id": 847983751, "side": "buy", "size": "0.04835936", "price": "117500.01000000", "time": "2025-07-12T14:37:45.391150Z", "fetched_at": "2025-07-12T14:39:35.195928+00:00", "symbol": "BTC-USD"}, {"trade_id": 847983750, "side": "buy", "size": "0.00680736", "price": "117500.71000000", "time": "2025-07-12T14:37:45.391150Z", "fetched_at": "2025-07-12T14:39:35.195928+00:00", "symbol": "BTC-USD"}, {"trade_id": 847983749, "side": "buy", "size": "0.00007050", "price": "117500.72000000", "time": "2025-07-12T14:37:45.391150Z", "fetched_at": "2025-07-12T14:39:35.195928+00:00", "symbol": "BTC-USD"}, {"trade_id": 847983748, "side": "buy", "size": "0.00002202", "price": "117508.86000000", "time": "2025-07-12T14:37:45.391150Z", "fetched_at": "2025-07-12T14:39:35.195928+00:00", "symbol": "BTC-USD"}, {"trade_id": 847983747, "side": "buy", "size": "0.01395094", "price": "117508.86000000", "time": "2025-07-12T14:37:45.391150Z", "fetched_at": "2025-07-12T14:39:35.195928+00:00", "symbol": "BTC-USD"}, {"trade_id": 847983746, "side": "buy", "size": "0.00000170", "price": "117508.86000000", "time": "2025-07-12T14:37:45.391150Z", "fetched_at": "2025-07-12T14:39:35.195928+00:00", "symbol": "BTC-USD"}, {"trade_id": 847983745, "side": "buy", "size": "0.00000485", "price": "117508.86000000", "time": "2025-07-12T14:37:45.391150Z", "fetched_at": "2025-07-12T14:39:35.195928+00:00", "symbol": "BTC-USD"}, {"trade_id": 847983744, "side": "buy", "size": "0.03813666", "price": "117508.86000000", "time": "2025-07-12T14:37:45.391150Z", "fetched_at": "2025-07-12T14:39:35.195928+00:00", "symbol": "BTC-USD"}, {"trade_id": 847983743, "side": "buy", "size": "0.00000170", "price": "117508.86000000", "time": "2025-07-12T14:37:44.886816Z", "fetched_at": "2025-07-12T14:39:35.195928+00:00", "symbol": "BTC-USD"}, {"trade_id": 847983742, "side": "sell", "size": "0.00235579", "price": "117508.87000000", "time": "2025-07-12T14:37:43.676450Z", "fetched_at": "2025-07-12T14:39:35.195928+00:00", "symbol": "BTC-USD"}, {"trade_id": 847983741, "side": "buy", "size": "0.00214877", "price": "117508.86000000", "time": "2025-07-12T14:37:43.629900Z", "fetched_at": "2025-07-12T14:39:35.195928+00:00", "symbol": "BTC-USD"}, {"trade_id": 847983740, "side": "sell", "size": "0.00826988", "price": "117508.87000000", "time": "2025-07-12T14:37:43.461444Z", "fetched_at": "2025-07-12T14:39:35.195928+00:00", "symbol": "BTC-USD"}, {"trade_id": 847983739, "side": "sell", "size": "0.00055119", "price": "117508.87000000", "time": "2025-07-12T14:37:42.725921Z", "fetched_at": "2025-07-12T14:39:35.195928+00:00", "symbol": "BTC-USD"}, {"trade_id": 847983738, "side": "sell", "size": "0.00001328", "price": "117508.87000000", "time": "2025-07-12T14:37:42.725921Z", "fetched_at": "2025-07-12T14:39:35.195928+00:00", "symbol": "BTC-USD"}, {"trade_id": 847983737, "side": "buy", "size": "0.00156932", "price": "117508.86000000", "time": "2025-07-12T14:37:41.269559Z", "fetched_at": "2025-07-12T14:39:35.195928+00:00", "symbol": "BTC-USD"}, {"trade_id": 847983736, "side": "sell", "size": "0.00148843", "price": "117508.87000000", "time": "2025-07-12T14:37:41.103973Z", "fetched_at": "2025-07-12T14:39:35.195928+00:00", "symbol": "BTC-USD"}, {"trade_id": 847983735, "side": "sell", "size": "0.00040350", "price": "117508.87000000", "time": "2025-07-12T14:37:40.521460Z", "fetched_at": "2025-07-12T14:39:35.195928+00:00", "symbol": "BTC-USD"}, {"trade_id": 847983734, "side": "buy", "size": "0.00017188", "price": "117508.86000000", "time": "2025-07-12T14:37:39.421596Z", "fetched_at": "2025-07-12T14:39:35.195928+00:00", "symbol": "BTC-USD"}, {"trade_id": 847983733, "side": "buy", "size": "0.00009185", "price": "117508.86000000", "time": "2025-07-12T14:37:39.005046Z", "fetched_at": "2025-07-12T14:39:35.195928+00:00", "symbol": "BTC-USD"}, {"trade_id": 847983732, "side": "sell", "size": "0.00000956", "price": "117508.87000000", "time": "2025-07-12T14:37:38.044698Z", "fetched_at": "2025-07-12T14:39:35.195928+00:00", "symbol": "BTC-USD"}, {"trade_id": 847983731, "side": "sell", "size": "0.00004211", "price": "117508.87000000", "time": "2025-07-12T14:37:36.387828Z", "fetched_at": "2025-07-12T14:39:35.195928+00:00", "symbol": "BTC-USD"}, {"trade_id": 847983730, "side": "sell", "size": "0.00009586", "price": "117508.87000000", "time": "2025-07-12T14:37:35.694352Z", "fetched_at": "2025-07-12T14:39:35.195928+00:00", "symbol": "BTC-USD"}, {"trade_id": 847983729, "side": "sell", "size": "0.00002519", "price": "117508.87000000", "time": "2025-07-12T14:37:35.694352Z", "fetched_at": "2025-07-12T14:39:35.195928+00:00", "symbol": "BTC-USD"}, {"trade_id": 847983728, "side": "buy", "size": "0.00042971", "price": "117508.86000000", "time": "2025-07-12T14:37:35.625811Z", "fetched_at": "2025-07-12T14:39:35.195928+00:00", "symbol": "BTC-USD"}, {"trade_id": 847983727, "side": "buy", "size": "0.12885580", "price": "117500.03000000", "time": "2025-07-12T14:37:35.220317Z", "fetched_at": "2025-07-12T14:39:35.195928+00:00", "symbol": "BTC-USD"}, {"trade_id": 847983726, "side": "buy", "size": "0.04185785", "price": "117500.04000000", "time": "2025-07-12T14:37:35.220317Z", "fetched_at": "2025-07-12T14:39:35.195928+00:00", "symbol": "BTC-USD"}, {"trade_id": 847983725, "side": "buy", "size": "0.01783216", "price": "117502.81000000", "time": "2025-07-12T14:37:35.220317Z", "fetched_at": "2025-07-12T14:39:35.195928+00:00", "symbol": "BTC-USD"}, {"trade_id": 847983724, "side": "buy", "size": "0.03582001", "price": "117502.82000000", "time": "2025-07-12T14:37:35.220317Z", "fetched_at": "2025-07-12T14:39:35.195928+00:00", "symbol": "BTC-USD"}, {"trade_id": 847983723, "side": "buy", "size": "0.00680736", "price": "117503.13000000", "time": "2025-07-12T14:37:35.220317Z", "fetched_at": "2025-07-12T14:39:35.195928+00:00", "symbol": "BTC-USD"}, {"trade_id": 847983722, "side": "buy", "size": "0.01805879", "price": "117505.10000000", "time": "2025-07-12T14:37:35.220317Z", "fetched_at": "2025-07-12T14:39:35.195928+00:00", "symbol": "BTC-USD"}, {"trade_id": 847983721, "side": "buy", "size": "0.00002528", "price": "117505.11000000", "time": "2025-07-12T14:37:35.220317Z", "fetched_at": "2025-07-12T14:39:35.195928+00:00", "symbol": "BTC-USD"}, {"trade_id": 847983720, "side": "buy", "size": "0.04232153", "price": "117508.86000000", "time": "2025-07-12T14:37:35.220317Z", "fetched_at": "2025-07-12T14:39:35.195928+00:00", "symbol": "BTC-USD"}, {"trade_id": 847983719, "side": "sell", "size": "0.00000137", "price": "117508.87000000", "time": "2025-07-12T14:37:34.882375Z", "fetched_at": "2025-07-12T14:39:35.195928+00:00", "symbol": "BTC-USD"}, {"trade_id": 847983718, "side": "sell", "size": "0.00009478", "price": "117508.87000000", "time": "2025-07-12T14:37:33.913042Z", "fetched_at": "2025-07-12T14:39:35.195928+00:00", "symbol": "BTC-USD"}, {"trade_id": 847983717, "side": "sell", "size": "0.00934109", "price": "117508.87000000", "time": "2025-07-12T14:37:32.524043Z", "fetched_at": "2025-07-12T14:39:35.195928+00:00", "symbol": "BTC-USD"}, {"trade_id": 847983716, "side": "sell", "size": "0.00021384", "price": "117508.87000000", "time": "2025-07-12T14:37:32.274460Z", "fetched_at": "2025-07-12T14:39:35.195928+00:00", "symbol": "BTC-USD"}, {"trade_id": 847983715, "side": "buy", "size": "0.00000170", "price": "117508.86000000", "time": "2025-07-12T14:37:31.270502Z", "fetched_at": "2025-07-12T14:39:35.195928+00:00", "symbol": "BTC-USD"}, {"trade_id": 847983714, "side": "buy", "size": "0.00022675", "price": "117508.86000000", "time": "2025-07-12T14:37:30.942510Z", "fetched_at": "2025-07-12T14:39:35.195928+00:00", "symbol": "BTC-USD"}, {"trade_id": 847983713, "side": "buy", "size": "0.00000221", "price": "117508.86000000", "time": "2025-07-12T14:37:30.942510Z", "fetched_at": "2025-07-12T14:39:35.195928+00:00", "symbol": "BTC-USD"}, {"trade_id": 847983712, "side": "buy", "size": "0.00000025", "price": "117508.86000000", "time": "2025-07-12T14:37:30.942510Z", "fetched_at": "2025-07-12T14:39:35.195928+00:00", "symbol": "BTC-USD"}, {"trade_id": 847983711, "side": "buy", "size": "0.00001000", "price": "117508.86000000", "time": "2025-07-12T14:37:30.942510Z", "fetched_at": "2025-07-12T14:39:35.195928+00:00", "symbol": "BTC-USD"}, {"trade_id": 847983710, "side": "sell", "size": "0.00045000", "price": "117508.87000000", "time": "2025-07-12T14:37:29.952978Z", "fetched_at": "2025-07-12T14:39:35.195928+00:00", "symbol": "BTC-USD"}, {"trade_id": 847983709, "side": "buy", "size": "0.00000697", "price": "117515.46000000", "time": "2025-07-12T14:37:29.343572Z", "fetched_at": "2025-07-12T14:39:35.195928+00:00", "symbol": "BTC-USD"}, {"trade_id": 847983708, "side": "buy", "size": "0.00001650", "price": "117515.46000000", "time": "2025-07-12T14:37:29.343572Z", "fetched_at": "2025-07-12T14:39:35.195928+00:00", "symbol": "BTC-USD"}, {"trade_id": 847983707, "side": "buy", "size": "0.04020202", "price": "117515.46000000", "time": "2025-07-12T14:37:29.343572Z", "fetched_at": "2025-07-12T14:39:35.195928+00:00", "symbol": "BTC-USD"}, {"trade_id": 847983706, "side": "sell", "size": "0.00016536", "price": "117515.47000000", "time": "2025-07-12T14:37:29.146163Z", "fetched_at": "2025-07-12T14:39:35.195928+00:00", "symbol": "BTC-USD"}, {"trade_id": 847983705, "side": "buy", "size": "0.00000153", "price": "117515.44000000", "time": "2025-07-12T14:37:29.014804Z", "fetched_at": "2025-07-12T14:39:35.195928+00:00", "symbol": "BTC-USD"}, {"trade_id": 847983704, "side": "buy", "size": "0.00001404", "price": "117515.46000000", "time": "2025-07-12T14:37:29.014804Z", "fetched_at": "2025-07-12T14:39:35.195928+00:00", "symbol": "BTC-USD"}, {"trade_id": 847983703, "side": "buy", "size": "0.00234561", "price": "117515.46000000", "time": "2025-07-12T14:37:29.014804Z", "fetched_at": "2025-07-12T14:39:35.195928+00:00", "symbol": "BTC-USD"}, {"trade_id": 847983702, "side": "buy", "size": "0.04020198", "price": "117515.46000000", "time": "2025-07-12T14:37:29.006069Z", "fetched_at": "2025-07-12T14:39:35.195928+00:00", "symbol": "BTC-USD"}, {"trade_id": 847983701, "side": "buy", "size": "0.00002321", "price": "117520.22000000", "time": "2025-07-12T14:37:29.003605Z", "fetched_at": "2025-07-12T14:39:35.195928+00:00", "symbol": "BTC-USD"}, {"trade_id": 847983700, "side": "buy", "size": "0.00880744", "price": "117520.22000000", "time": "2025-07-12T14:37:29.003605Z", "fetched_at": "2025-07-12T14:39:35.195928+00:00", "symbol": "BTC-USD"}, {"trade_id": 847983699, "side": "buy", "size": "0.00008510", "price": "117520.24000000", "time": "2025-07-12T14:37:29.003605Z", "fetched_at": "2025-07-12T14:39:35.195928+00:00", "symbol": "BTC-USD"}