[{"trade_id": 848013937, "side": "buy", "size": "0.00006436", "price": "117376.22000000", "time": "2025-07-12T16:39:29.171996Z", "fetched_at": "2025-07-12T16:39:33.349648+00:00", "symbol": "BTC-USD"}, {"trade_id": 848013936, "side": "sell", "size": "0.00008223", "price": "117376.23000000", "time": "2025-07-12T16:39:28.961909Z", "fetched_at": "2025-07-12T16:39:33.349648+00:00", "symbol": "BTC-USD"}, {"trade_id": 848013935, "side": "sell", "size": "0.00827501", "price": "117376.23000000", "time": "2025-07-12T16:39:28.616267Z", "fetched_at": "2025-07-12T16:39:33.349648+00:00", "symbol": "BTC-USD"}, {"trade_id": 848013934, "side": "sell", "size": "0.00686846", "price": "117376.23000000", "time": "2025-07-12T16:39:28.204318Z", "fetched_at": "2025-07-12T16:39:33.349648+00:00", "symbol": "BTC-USD"}, {"trade_id": 848013933, "side": "sell", "size": "0.01491415", "price": "117382.90000000", "time": "2025-07-12T16:39:26.454672Z", "fetched_at": "2025-07-12T16:39:33.349648+00:00", "symbol": "BTC-USD"}, {"trade_id": 848013932, "side": "sell", "size": "0.00425429", "price": "117381.44000000", "time": "2025-07-12T16:39:26.454672Z", "fetched_at": "2025-07-12T16:39:33.349648+00:00", "symbol": "BTC-USD"}, {"trade_id": 848013931, "side": "sell", "size": "0.03500000", "price": "117381.43000000", "time": "2025-07-12T16:39:26.454672Z", "fetched_at": "2025-07-12T16:39:33.349648+00:00", "symbol": "BTC-USD"}, {"trade_id": 848013930, "side": "sell", "size": "0.00096366", "price": "117379.36000000", "time": "2025-07-12T16:39:26.454672Z", "fetched_at": "2025-07-12T16:39:33.349648+00:00", "symbol": "BTC-USD"}, {"trade_id": 848013929, "side": "sell", "size": "0.00851923", "price": "117377.14000000", "time": "2025-07-12T16:39:26.454672Z", "fetched_at": "2025-07-12T16:39:33.349648+00:00", "symbol": "BTC-USD"}, {"trade_id": 848013928, "side": "sell", "size": "0.00001328", "price": "117377.14000000", "time": "2025-07-12T16:39:26.454672Z", "fetched_at": "2025-07-12T16:39:33.349648+00:00", "symbol": "BTC-USD"}, {"trade_id": 848013927, "side": "sell", "size": "0.00851955", "price": "117377.08000000", "time": "2025-07-12T16:39:26.454672Z", "fetched_at": "2025-07-12T16:39:33.349648+00:00", "symbol": "BTC-USD"}, {"trade_id": 848013926, "side": "sell", "size": "0.01060618", "price": "117376.23000000", "time": "2025-07-12T16:39:26.454672Z", "fetched_at": "2025-07-12T16:39:33.349648+00:00", "symbol": "BTC-USD"}, {"trade_id": 848013925, "side": "buy", "size": "0.00088676", "price": "117376.22000000", "time": "2025-07-12T16:39:26.247306Z", "fetched_at": "2025-07-12T16:39:33.349648+00:00", "symbol": "BTC-USD"}, {"trade_id": 848013924, "side": "sell", "size": "0.00041396", "price": "117376.23000000", "time": "2025-07-12T16:39:25.976837Z", "fetched_at": "2025-07-12T16:39:33.349648+00:00", "symbol": "BTC-USD"}, {"trade_id": 848013923, "side": "buy", "size": "0.00034419", "price": "117376.22000000", "time": "2025-07-12T16:39:25.900325Z", "fetched_at": "2025-07-12T16:39:33.349648+00:00", "symbol": "BTC-USD"}, {"trade_id": 848013922, "side": "buy", "size": "0.00000682", "price": "117376.22000000", "time": "2025-07-12T16:39:24.908731Z", "fetched_at": "2025-07-12T16:39:33.349648+00:00", "symbol": "BTC-USD"}, {"trade_id": 848013921, "side": "sell", "size": "0.00168309", "price": "117376.23000000", "time": "2025-07-12T16:39:24.295681Z", "fetched_at": "2025-07-12T16:39:33.349648+00:00", "symbol": "BTC-USD"}, {"trade_id": 848013920, "side": "sell", "size": "0.00103858", "price": "117376.23000000", "time": "2025-07-12T16:39:23.347699Z", "fetched_at": "2025-07-12T16:39:33.349648+00:00", "symbol": "BTC-USD"}, {"trade_id": 848013919, "side": "buy", "size": "0.00051373", "price": "117376.22000000", "time": "2025-07-12T16:39:23.067324Z", "fetched_at": "2025-07-12T16:39:33.349648+00:00", "symbol": "BTC-USD"}, {"trade_id": 848013918, "side": "sell", "size": "0.00264990", "price": "117376.23000000", "time": "2025-07-12T16:39:22.646380Z", "fetched_at": "2025-07-12T16:39:33.349648+00:00", "symbol": "BTC-USD"}, {"trade_id": 848013917, "side": "sell", "size": "0.00168690", "price": "117376.23000000", "time": "2025-07-12T16:39:22.181960Z", "fetched_at": "2025-07-12T16:39:33.349648+00:00", "symbol": "BTC-USD"}, {"trade_id": 848013916, "side": "buy", "size": "0.00099942", "price": "117376.22000000", "time": "2025-07-12T16:39:22.010187Z", "fetched_at": "2025-07-12T16:39:33.349648+00:00", "symbol": "BTC-USD"}, {"trade_id": 848013915, "side": "buy", "size": "0.00215270", "price": "117376.22000000", "time": "2025-07-12T16:39:22.008709Z", "fetched_at": "2025-07-12T16:39:33.349648+00:00", "symbol": "BTC-USD"}, {"trade_id": 848013914, "side": "buy", "size": "0.00008520", "price": "117376.22000000", "time": "2025-07-12T16:39:21.919837Z", "fetched_at": "2025-07-12T16:39:33.349648+00:00", "symbol": "BTC-USD"}, {"trade_id": 848013913, "side": "buy", "size": "0.00001053", "price": "117376.21000000", "time": "2025-07-12T16:39:18.981383Z", "fetched_at": "2025-07-12T16:39:33.349648+00:00", "symbol": "BTC-USD"}, {"trade_id": 848013912, "side": "sell", "size": "0.00056598", "price": "117376.24000000", "time": "2025-07-12T16:39:18.751732Z", "fetched_at": "2025-07-12T16:39:33.349648+00:00", "symbol": "BTC-USD"}, {"trade_id": 848013911, "side": "sell", "size": "0.00000969", "price": "117376.22000000", "time": "2025-07-12T16:39:18.751732Z", "fetched_at": "2025-07-12T16:39:33.349648+00:00", "symbol": "BTC-USD"}, {"trade_id": 848013910, "side": "sell", "size": "0.00127978", "price": "117376.22000000", "time": "2025-07-12T16:39:17.307105Z", "fetched_at": "2025-07-12T16:39:33.349648+00:00", "symbol": "BTC-USD"}, {"trade_id": 848013909, "side": "sell", "size": "0.00000989", "price": "117376.20000000", "time": "2025-07-12T16:39:17.307105Z", "fetched_at": "2025-07-12T16:39:33.349648+00:00", "symbol": "BTC-USD"}, {"trade_id": 848013908, "side": "sell", "size": "0.00865902", "price": "117382.08000000", "time": "2025-07-12T16:39:15.041582Z", "fetched_at": "2025-07-12T16:39:33.349648+00:00", "symbol": "BTC-USD"}, {"trade_id": 848013907, "side": "sell", "size": "0.05382176", "price": "117382.06000000", "time": "2025-07-12T16:39:15.041582Z", "fetched_at": "2025-07-12T16:39:33.349648+00:00", "symbol": "BTC-USD"}, {"trade_id": 848013906, "side": "sell", "size": "0.07604959", "price": "117382.05000000", "time": "2025-07-12T16:39:15.041582Z", "fetched_at": "2025-07-12T16:39:33.349648+00:00", "symbol": "BTC-USD"}, {"trade_id": 848013905, "side": "sell", "size": "0.00005312", "price": "117380.99000000", "time": "2025-07-12T16:39:15.041582Z", "fetched_at": "2025-07-12T16:39:33.349648+00:00", "symbol": "BTC-USD"}, {"trade_id": 848013904, "side": "sell", "size": "0.00851936", "price": "117379.70000000", "time": "2025-07-12T16:39:15.041582Z", "fetched_at": "2025-07-12T16:39:33.349648+00:00", "symbol": "BTC-USD"}, {"trade_id": 848013903, "side": "sell", "size": "0.00481832", "price": "117377.26000000", "time": "2025-07-12T16:39:15.041582Z", "fetched_at": "2025-07-12T16:39:33.349648+00:00", "symbol": "BTC-USD"}, {"trade_id": 848013902, "side": "sell", "size": "0.01807883", "price": "117374.81000000", "time": "2025-07-12T16:39:15.041582Z", "fetched_at": "2025-07-12T16:39:33.349648+00:00", "symbol": "BTC-USD"}, {"trade_id": 848013901, "side": "sell", "size": "0.00120000", "price": "117371.71000000", "time": "2025-07-12T16:39:14.770995Z", "fetched_at": "2025-07-12T16:39:33.349648+00:00", "symbol": "BTC-USD"}, {"trade_id": 848013900, "side": "sell", "size": "0.00018555", "price": "117371.71000000", "time": "2025-07-12T16:39:13.394895Z", "fetched_at": "2025-07-12T16:39:33.349648+00:00", "symbol": "BTC-USD"}, {"trade_id": 848013899, "side": "sell", "size": "0.00041396", "price": "117371.71000000", "time": "2025-07-12T16:39:11.753626Z", "fetched_at": "2025-07-12T16:39:33.349648+00:00", "symbol": "BTC-USD"}, {"trade_id": 848013898, "side": "sell", "size": "0.00015429", "price": "117371.71000000", "time": "2025-07-12T16:39:11.744908Z", "fetched_at": "2025-07-12T16:39:33.349648+00:00", "symbol": "BTC-USD"}, {"trade_id": 848013897, "side": "buy", "size": "0.00538993", "price": "117371.18000000", "time": "2025-07-12T16:39:11.578105Z", "fetched_at": "2025-07-12T16:39:33.349648+00:00", "symbol": "BTC-USD"}, {"trade_id": 848013896, "side": "buy", "size": "0.00000954", "price": "117375.16000000", "time": "2025-07-12T16:39:11.578105Z", "fetched_at": "2025-07-12T16:39:33.349648+00:00", "symbol": "BTC-USD"}, {"trade_id": 848013895, "side": "buy", "size": "0.04259845", "price": "117375.16000000", "time": "2025-07-12T16:39:11.578105Z", "fetched_at": "2025-07-12T16:39:33.349648+00:00", "symbol": "BTC-USD"}, {"trade_id": 848013894, "side": "buy", "size": "0.00002811", "price": "117375.16000000", "time": "2025-07-12T16:39:11.578105Z", "fetched_at": "2025-07-12T16:39:33.349648+00:00", "symbol": "BTC-USD"}, {"trade_id": 848013893, "side": "buy", "size": "0.00216912", "price": "117375.16000000", "time": "2025-07-12T16:39:11.578105Z", "fetched_at": "2025-07-12T16:39:33.349648+00:00", "symbol": "BTC-USD"}, {"trade_id": 848013892, "side": "buy", "size": "0.00002205", "price": "117375.18000000", "time": "2025-07-12T16:39:11.578105Z", "fetched_at": "2025-07-12T16:39:33.349648+00:00", "symbol": "BTC-USD"}, {"trade_id": 848013891, "side": "buy", "size": "0.00000900", "price": "117375.18000000", "time": "2025-07-12T16:39:11.578105Z", "fetched_at": "2025-07-12T16:39:33.349648+00:00", "symbol": "BTC-USD"}, {"trade_id": 848013890, "side": "buy", "size": "0.00118000", "price": "117375.18000000", "time": "2025-07-12T16:39:11.578105Z", "fetched_at": "2025-07-12T16:39:33.349648+00:00", "symbol": "BTC-USD"}, {"trade_id": 848013889, "side": "buy", "size": "0.00009380", "price": "117375.18000000", "time": "2025-07-12T16:39:11.578105Z", "fetched_at": "2025-07-12T16:39:33.349648+00:00", "symbol": "BTC-USD"}, {"trade_id": 848013888, "side": "buy", "size": "0.03500000", "price": "117375.18000000", "time": "2025-07-12T16:39:11.578105Z", "fetched_at": "2025-07-12T16:39:33.349648+00:00", "symbol": "BTC-USD"}, {"trade_id": 848013887, "side": "sell", "size": "0.00042274", "price": "117375.19000000", "time": "2025-07-12T16:39:10.791457Z", "fetched_at": "2025-07-12T16:39:33.349648+00:00", "symbol": "BTC-USD"}, {"trade_id": 848013886, "side": "sell", "size": "0.00020698", "price": "117375.19000000", "time": "2025-07-12T16:39:10.731415Z", "fetched_at": "2025-07-12T16:39:33.349648+00:00", "symbol": "BTC-USD"}, {"trade_id": 848013885, "side": "sell", "size": "0.00022279", "price": "117375.19000000", "time": "2025-07-12T16:39:10.729022Z", "fetched_at": "2025-07-12T16:39:33.349648+00:00", "symbol": "BTC-USD"}, {"trade_id": 848013884, "side": "sell", "size": "0.00148490", "price": "117375.19000000", "time": "2025-07-12T16:39:10.324600Z", "fetched_at": "2025-07-12T16:39:33.349648+00:00", "symbol": "BTC-USD"}, {"trade_id": 848013883, "side": "sell", "size": "0.00084344", "price": "117375.19000000", "time": "2025-07-12T16:39:09.963456Z", "fetched_at": "2025-07-12T16:39:33.349648+00:00", "symbol": "BTC-USD"}, {"trade_id": 848013882, "side": "sell", "size": "0.00000673", "price": "117375.19000000", "time": "2025-07-12T16:39:09.598258Z", "fetched_at": "2025-07-12T16:39:33.349648+00:00", "symbol": "BTC-USD"}, {"trade_id": 848013881, "side": "sell", "size": "0.00025303", "price": "117375.17000000", "time": "2025-07-12T16:39:09.107072Z", "fetched_at": "2025-07-12T16:39:33.349648+00:00", "symbol": "BTC-USD"}, {"trade_id": 848013880, "side": "sell", "size": "0.00012691", "price": "117375.17000000", "time": "2025-07-12T16:39:08.879321Z", "fetched_at": "2025-07-12T16:39:33.349648+00:00", "symbol": "BTC-USD"}, {"trade_id": 848013879, "side": "buy", "size": "0.00528195", "price": "117375.16000000", "time": "2025-07-12T16:39:08.859797Z", "fetched_at": "2025-07-12T16:39:33.349648+00:00", "symbol": "BTC-USD"}, {"trade_id": 848013878, "side": "sell", "size": "0.00042170", "price": "117375.17000000", "time": "2025-07-12T16:39:08.851335Z", "fetched_at": "2025-07-12T16:39:33.349648+00:00", "symbol": "BTC-USD"}, {"trade_id": 848013877, "side": "sell", "size": "0.00016160", "price": "117375.17000000", "time": "2025-07-12T16:39:08.820606Z", "fetched_at": "2025-07-12T16:39:33.349648+00:00", "symbol": "BTC-USD"}, {"trade_id": 848013876, "side": "buy", "size": "0.00013393", "price": "117375.16000000", "time": "2025-07-12T16:39:08.647323Z", "fetched_at": "2025-07-12T16:39:33.349648+00:00", "symbol": "BTC-USD"}, {"trade_id": 848013875, "side": "buy", "size": "0.00009380", "price": "117375.16000000", "time": "2025-07-12T16:39:08.647323Z", "fetched_at": "2025-07-12T16:39:33.349648+00:00", "symbol": "BTC-USD"}, {"trade_id": 848013874, "side": "buy", "size": "0.04416608", "price": "117369.15000000", "time": "2025-07-12T16:39:07.289645Z", "fetched_at": "2025-07-12T16:39:33.349648+00:00", "symbol": "BTC-USD"}, {"trade_id": 848013873, "side": "buy", "size": "0.00009380", "price": "117369.16000000", "time": "2025-07-12T16:39:07.289645Z", "fetched_at": "2025-07-12T16:39:33.349648+00:00", "symbol": "BTC-USD"}, {"trade_id": 848013872, "side": "buy", "size": "0.00852005", "price": "117370.11000000", "time": "2025-07-12T16:39:07.289645Z", "fetched_at": "2025-07-12T16:39:33.349648+00:00", "symbol": "BTC-USD"}, {"trade_id": 848013871, "side": "buy", "size": "0.00851994", "price": "117371.06000000", "time": "2025-07-12T16:39:07.289645Z", "fetched_at": "2025-07-12T16:39:33.349648+00:00", "symbol": "BTC-USD"}, {"trade_id": 848013870, "side": "buy", "size": "0.03484192", "price": "117373.35000000", "time": "2025-07-12T16:39:07.289645Z", "fetched_at": "2025-07-12T16:39:33.349648+00:00", "symbol": "BTC-USD"}, {"trade_id": 848013869, "side": "buy", "size": "0.01807902", "price": "117373.61000000", "time": "2025-07-12T16:39:07.289645Z", "fetched_at": "2025-07-12T16:39:33.349648+00:00", "symbol": "BTC-USD"}, {"trade_id": 848013868, "side": "buy", "size": "0.00425998", "price": "117375.17000000", "time": "2025-07-12T16:39:07.289645Z", "fetched_at": "2025-07-12T16:39:33.349648+00:00", "symbol": "BTC-USD"}, {"trade_id": 848013867, "side": "buy", "size": "0.04700000", "price": "117376.19000000", "time": "2025-07-12T16:39:07.289645Z", "fetched_at": "2025-07-12T16:39:33.349648+00:00", "symbol": "BTC-USD"}, {"trade_id": 848013866, "side": "buy", "size": "0.00013375", "price": "117376.32000000", "time": "2025-07-12T16:39:07.289645Z", "fetched_at": "2025-07-12T16:39:33.349648+00:00", "symbol": "BTC-USD"}, {"trade_id": 848013865, "side": "buy", "size": "0.00004600", "price": "117376.32000000", "time": "2025-07-12T16:39:07.289645Z", "fetched_at": "2025-07-12T16:39:33.349648+00:00", "symbol": "BTC-USD"}, {"trade_id": 848013864, "side": "buy", "size": "0.03695365", "price": "117376.32000000", "time": "2025-07-12T16:39:07.289645Z", "fetched_at": "2025-07-12T16:39:33.349648+00:00", "symbol": "BTC-USD"}, {"trade_id": 848013863, "side": "buy", "size": "0.00094100", "price": "117380.88000000", "time": "2025-07-12T16:39:07.289645Z", "fetched_at": "2025-07-12T16:39:33.349648+00:00", "symbol": "BTC-USD"}, {"trade_id": 848013862, "side": "buy", "size": "0.00000900", "price": "117380.88000000", "time": "2025-07-12T16:39:07.289645Z", "fetched_at": "2025-07-12T16:39:33.349648+00:00", "symbol": "BTC-USD"}, {"trade_id": 848013861, "side": "buy", "size": "0.00143581", "price": "117380.88000000", "time": "2025-07-12T16:39:07.289645Z", "fetched_at": "2025-07-12T16:39:33.349648+00:00", "symbol": "BTC-USD"}, {"trade_id": 848013860, "side": "sell", "size": "0.00024240", "price": "117380.89000000", "time": "2025-07-12T16:39:06.303886Z", "fetched_at": "2025-07-12T16:39:33.349648+00:00", "symbol": "BTC-USD"}, {"trade_id": 848013859, "side": "buy", "size": "0.00034419", "price": "117380.88000000", "time": "2025-07-12T16:39:04.886538Z", "fetched_at": "2025-07-12T16:39:33.349648+00:00", "symbol": "BTC-USD"}, {"trade_id": 848013858, "side": "buy", "size": "0.00399100", "price": "117380.88000000", "time": "2025-07-12T16:39:04.864871Z", "fetched_at": "2025-07-12T16:39:33.349648+00:00", "symbol": "BTC-USD"}, {"trade_id": 848013857, "side": "buy", "size": "0.00000900", "price": "117380.88000000", "time": "2025-07-12T16:39:04.864871Z", "fetched_at": "2025-07-12T16:39:33.349648+00:00", "symbol": "BTC-USD"}, {"trade_id": 848013856, "side": "buy", "size": "0.00183242", "price": "117380.88000000", "time": "2025-07-12T16:39:04.008323Z", "fetched_at": "2025-07-12T16:39:33.349648+00:00", "symbol": "BTC-USD"}, {"trade_id": 848013855, "side": "sell", "size": "0.00060766", "price": "117380.99000000", "time": "2025-07-12T16:39:03.676358Z", "fetched_at": "2025-07-12T16:39:33.349648+00:00", "symbol": "BTC-USD"}, {"trade_id": 848013854, "side": "sell", "size": "0.00001328", "price": "117380.89000000", "time": "2025-07-12T16:39:03.676358Z", "fetched_at": "2025-07-12T16:39:33.349648+00:00", "symbol": "BTC-USD"}, {"trade_id": 848013853, "side": "buy", "size": "0.00356329", "price": "117376.32000000", "time": "2025-07-12T16:39:03.045247Z", "fetched_at": "2025-07-12T16:39:33.349648+00:00", "symbol": "BTC-USD"}, {"trade_id": 848013852, "side": "buy", "size": "0.00137000", "price": "117376.36000000", "time": "2025-07-12T16:39:03.045247Z", "fetched_at": "2025-07-12T16:39:33.349648+00:00", "symbol": "BTC-USD"}, {"trade_id": 848013851, "side": "buy", "size": "0.00009380", "price": "117376.37000000", "time": "2025-07-12T16:39:03.045247Z", "fetched_at": "2025-07-12T16:39:33.349648+00:00", "symbol": "BTC-USD"}, {"trade_id": 848013850, "side": "buy", "size": "0.01679947", "price": "117376.35000000", "time": "2025-07-12T16:39:02.588566Z", "fetched_at": "2025-07-12T16:39:33.349648+00:00", "symbol": "BTC-USD"}, {"trade_id": 848013849, "side": "buy", "size": "0.00738100", "price": "117376.36000000", "time": "2025-07-12T16:39:02.588566Z", "fetched_at": "2025-07-12T16:39:33.349648+00:00", "symbol": "BTC-USD"}, {"trade_id": 848013848, "side": "buy", "size": "0.00000900", "price": "117376.36000000", "time": "2025-07-12T16:39:02.588566Z", "fetched_at": "2025-07-12T16:39:33.349648+00:00", "symbol": "BTC-USD"}, {"trade_id": 848013847, "side": "sell", "size": "0.00001578", "price": "117376.38000000", "time": "2025-07-12T16:39:01.230195Z", "fetched_at": "2025-07-12T16:39:33.349648+00:00", "symbol": "BTC-USD"}, {"trade_id": 848013846, "side": "buy", "size": "0.00008434", "price": "117376.37000000", "time": "2025-07-12T16:39:00.965973Z", "fetched_at": "2025-07-12T16:39:33.349648+00:00", "symbol": "BTC-USD"}, {"trade_id": 848013845, "side": "sell", "size": "0.00000245", "price": "117376.38000000", "time": "2025-07-12T16:39:00.686135Z", "fetched_at": "2025-07-12T16:39:33.349648+00:00", "symbol": "BTC-USD"}, {"trade_id": 848013844, "side": "sell", "size": "0.00008434", "price": "117376.38000000", "time": "2025-07-12T16:39:00.309039Z", "fetched_at": "2025-07-12T16:39:33.349648+00:00", "symbol": "BTC-USD"}, {"trade_id": 848013843, "side": "sell", "size": "0.00101009", "price": "117376.37000000", "time": "2025-07-12T16:38:58.419080Z", "fetched_at": "2025-07-12T16:39:33.349648+00:00", "symbol": "BTC-USD"}, {"trade_id": 848013842, "side": "sell", "size": "0.00008434", "price": "117376.37000000", "time": "2025-07-12T16:38:58.055092Z", "fetched_at": "2025-07-12T16:39:33.349648+00:00", "symbol": "BTC-USD"}, {"trade_id": 848013841, "side": "sell", "size": "0.00421720", "price": "117376.38000000", "time": "2025-07-12T16:38:57.430534Z", "fetched_at": "2025-07-12T16:39:33.349648+00:00", "symbol": "BTC-USD"}, {"trade_id": 848013840, "side": "sell", "size": "0.00008224", "price": "117376.38000000", "time": "2025-07-12T16:38:56.160121Z", "fetched_at": "2025-07-12T16:39:33.349648+00:00", "symbol": "BTC-USD"}, {"trade_id": 848013839, "side": "sell", "size": "0.00010104", "price": "117377.50000000", "time": "2025-07-12T16:38:55.832511Z", "fetched_at": "2025-07-12T16:39:33.349648+00:00", "symbol": "BTC-USD"}, {"trade_id": 848013838, "side": "sell", "size": "0.00024829", "price": "117377.50000000", "time": "2025-07-12T16:38:55.671410Z", "fetched_at": "2025-07-12T16:39:33.349648+00:00", "symbol": "BTC-USD"}, {"trade_id": 848013837, "side": "sell", "size": "0.00008434", "price": "117377.50000000", "time": "2025-07-12T16:38:55.271265Z", "fetched_at": "2025-07-12T16:39:33.349648+00:00", "symbol": "BTC-USD"}, {"trade_id": 848013836, "side": "buy", "size": "0.00504127", "price": "117376.36000000", "time": "2025-07-12T16:38:55.255835Z", "fetched_at": "2025-07-12T16:39:33.349648+00:00", "symbol": "BTC-USD"}, {"trade_id": 848013835, "side": "buy", "size": "0.01378049", "price": "117376.33000000", "time": "2025-07-12T16:38:55.080130Z", "fetched_at": "2025-07-12T16:39:33.349648+00:00", "symbol": "BTC-USD"}, {"trade_id": 848013834, "side": "buy", "size": "0.00425994", "price": "117376.34000000", "time": "2025-07-12T16:38:55.080130Z", "fetched_at": "2025-07-12T16:39:33.349648+00:00", "symbol": "BTC-USD"}, {"trade_id": 848013833, "side": "buy", "size": "0.00000900", "price": "117380.87000000", "time": "2025-07-12T16:38:55.080130Z", "fetched_at": "2025-07-12T16:39:33.349648+00:00", "symbol": "BTC-USD"}, {"trade_id": 848013832, "side": "buy", "size": "0.01191900", "price": "117380.87000000", "time": "2025-07-12T16:38:55.080130Z", "fetched_at": "2025-07-12T16:39:33.349648+00:00", "symbol": "BTC-USD"}, {"trade_id": 848013831, "side": "buy", "size": "0.00003157", "price": "117380.87000000", "time": "2025-07-12T16:38:55.080130Z", "fetched_at": "2025-07-12T16:39:33.349648+00:00", "symbol": "BTC-USD"}, {"trade_id": 848013830, "side": "sell", "size": "0.00004006", "price": "117380.88000000", "time": "2025-07-12T16:38:54.433459Z", "fetched_at": "2025-07-12T16:39:33.349648+00:00", "symbol": "BTC-USD"}, {"trade_id": 848013829, "side": "sell", "size": "0.00008224", "price": "117380.88000000", "time": "2025-07-12T16:38:53.937743Z", "fetched_at": "2025-07-12T16:39:33.349648+00:00", "symbol": "BTC-USD"}, {"trade_id": 848013828, "side": "buy", "size": "0.00009185", "price": "117380.87000000", "time": "2025-07-12T16:38:53.719610Z", "fetched_at": "2025-07-12T16:39:33.349648+00:00", "symbol": "BTC-USD"}, {"trade_id": 848013827, "side": "sell", "size": "0.00012652", "price": "117380.88000000", "time": "2025-07-12T16:38:53.704005Z", "fetched_at": "2025-07-12T16:39:33.349648+00:00", "symbol": "BTC-USD"}, {"trade_id": 848013826, "side": "sell", "size": "0.00084344", "price": "117380.88000000", "time": "2025-07-12T16:38:53.504448Z", "fetched_at": "2025-07-12T16:39:33.349648+00:00", "symbol": "BTC-USD"}, {"trade_id": 848013825, "side": "sell", "size": "0.00012652", "price": "117380.88000000", "time": "2025-07-12T16:38:53.349950Z", "fetched_at": "2025-07-12T16:39:33.349648+00:00", "symbol": "BTC-USD"}, {"trade_id": 848013824, "side": "sell", "size": "0.00356223", "price": "117380.18000000", "time": "2025-07-12T16:38:53.005701Z", "fetched_at": "2025-07-12T16:39:33.349648+00:00", "symbol": "BTC-USD"}, {"trade_id": 848013823, "side": "sell", "size": "0.00008224", "price": "117380.18000000", "time": "2025-07-12T16:38:52.849912Z", "fetched_at": "2025-07-12T16:39:33.349648+00:00", "symbol": "BTC-USD"}, {"trade_id": 848013822, "side": "sell", "size": "0.00337376", "price": "117376.35000000", "time": "2025-07-12T16:38:52.668883Z", "fetched_at": "2025-07-12T16:39:33.349648+00:00", "symbol": "BTC-USD"}, {"trade_id": 848013821, "side": "buy", "size": "0.00029093", "price": "117376.34000000", "time": "2025-07-12T16:38:52.343341Z", "fetched_at": "2025-07-12T16:39:33.349648+00:00", "symbol": "BTC-USD"}, {"trade_id": 848013820, "side": "sell", "size": "0.00239182", "price": "117376.35000000", "time": "2025-07-12T16:38:52.200789Z", "fetched_at": "2025-07-12T16:39:33.349648+00:00", "symbol": "BTC-USD"}, {"trade_id": 848013819, "side": "sell", "size": "0.00020698", "price": "117376.35000000", "time": "2025-07-12T16:38:52.053752Z", "fetched_at": "2025-07-12T16:39:33.349648+00:00", "symbol": "BTC-USD"}, {"trade_id": 848013818, "side": "sell", "size": "0.00082792", "price": "117376.35000000", "time": "2025-07-12T16:38:51.527417Z", "fetched_at": "2025-07-12T16:39:33.349648+00:00", "symbol": "BTC-USD"}, {"trade_id": 848013817, "side": "buy", "size": "0.00226394", "price": "117376.34000000", "time": "2025-07-12T16:38:49.451443Z", "fetched_at": "2025-07-12T16:39:33.349648+00:00", "symbol": "BTC-USD"}, {"trade_id": 848013816, "side": "sell", "size": "0.00003080", "price": "117376.35000000", "time": "2025-07-12T16:38:49.096654Z", "fetched_at": "2025-07-12T16:39:33.349648+00:00", "symbol": "BTC-USD"}, {"trade_id": 848013815, "side": "sell", "size": "0.00134951", "price": "117376.35000000", "time": "2025-07-12T16:38:48.946266Z", "fetched_at": "2025-07-12T16:39:33.349648+00:00", "symbol": "BTC-USD"}, {"trade_id": 848013814, "side": "sell", "size": "0.00001628", "price": "117376.35000000", "time": "2025-07-12T16:38:48.900161Z", "fetched_at": "2025-07-12T16:39:33.349648+00:00", "symbol": "BTC-USD"}, {"trade_id": 848013813, "side": "buy", "size": "0.00004027", "price": "117376.34000000", "time": "2025-07-12T16:38:48.688548Z", "fetched_at": "2025-07-12T16:39:33.349648+00:00", "symbol": "BTC-USD"}, {"trade_id": 848013812, "side": "sell", "size": "0.00063258", "price": "117376.35000000", "time": "2025-07-12T16:38:48.676294Z", "fetched_at": "2025-07-12T16:39:33.349648+00:00", "symbol": "BTC-USD"}, {"trade_id": 848013811, "side": "sell", "size": "0.00017779", "price": "117376.35000000", "time": "2025-07-12T16:38:48.255733Z", "fetched_at": "2025-07-12T16:39:33.349648+00:00", "symbol": "BTC-USD"}, {"trade_id": 848013810, "side": "buy", "size": "0.00001017", "price": "117376.34000000", "time": "2025-07-12T16:38:46.919629Z", "fetched_at": "2025-07-12T16:39:33.349648+00:00", "symbol": "BTC-USD"}, {"trade_id": 848013809, "side": "buy", "size": "0.00010000", "price": "117376.34000000", "time": "2025-07-12T16:38:46.674951Z", "fetched_at": "2025-07-12T16:39:33.349648+00:00", "symbol": "BTC-USD"}, {"trade_id": 848013808, "side": "sell", "size": "0.00747212", "price": "117376.35000000", "time": "2025-07-12T16:38:46.469640Z", "fetched_at": "2025-07-12T16:39:33.349648+00:00", "symbol": "BTC-USD"}, {"trade_id": 848013807, "side": "buy", "size": "0.00271162", "price": "117376.34000000", "time": "2025-07-12T16:38:45.812416Z", "fetched_at": "2025-07-12T16:39:33.349648+00:00", "symbol": "BTC-USD"}, {"trade_id": 848013806, "side": "sell", "size": "0.00021086", "price": "117376.35000000", "time": "2025-07-12T16:38:45.792484Z", "fetched_at": "2025-07-12T16:39:33.349648+00:00", "symbol": "BTC-USD"}, {"trade_id": 848013805, "side": "sell", "size": "0.00006686", "price": "117376.35000000", "time": "2025-07-12T16:38:43.763940Z", "fetched_at": "2025-07-12T16:39:33.349648+00:00", "symbol": "BTC-USD"}, {"trade_id": 848013804, "side": "sell", "size": "0.00020200", "price": "117376.35000000", "time": "2025-07-12T16:38:43.686794Z", "fetched_at": "2025-07-12T16:39:33.349648+00:00", "symbol": "BTC-USD"}, {"trade_id": 848013803, "side": "buy", "size": "0.00012143", "price": "117376.34000000", "time": "2025-07-12T16:38:42.446884Z", "fetched_at": "2025-07-12T16:39:33.349648+00:00", "symbol": "BTC-USD"}, {"trade_id": 848013802, "side": "buy", "size": "0.00013416", "price": "117376.34000000", "time": "2025-07-12T16:38:42.446884Z", "fetched_at": "2025-07-12T16:39:33.349648+00:00", "symbol": "BTC-USD"}, {"trade_id": 848013801, "side": "sell", "size": "0.00413953", "price": "117376.35000000", "time": "2025-07-12T16:38:42.242364Z", "fetched_at": "2025-07-12T16:39:33.349648+00:00", "symbol": "BTC-USD"}, {"trade_id": 848013800, "side": "sell", "size": "0.00004040", "price": "117376.35000000", "time": "2025-07-12T16:38:42.103779Z", "fetched_at": "2025-07-12T16:39:33.349648+00:00", "symbol": "BTC-USD"}, {"trade_id": 848013799, "side": "sell", "size": "0.00014481", "price": "117376.35000000", "time": "2025-07-12T16:38:42.054004Z", "fetched_at": "2025-07-12T16:39:33.349648+00:00", "symbol": "BTC-USD"}, {"trade_id": 848013798, "side": "buy", "size": "0.00001619", "price": "117376.34000000", "time": "2025-07-12T16:38:41.633708Z", "fetched_at": "2025-07-12T16:39:33.349648+00:00", "symbol": "BTC-USD"}, {"trade_id": 848013797, "side": "sell", "size": "0.00000928", "price": "117376.35000000", "time": "2025-07-12T16:38:41.227642Z", "fetched_at": "2025-07-12T16:39:33.349648+00:00", "symbol": "BTC-USD"}, {"trade_id": 848013796, "side": "buy", "size": "0.00020234", "price": "117376.34000000", "time": "2025-07-12T16:38:40.147743Z", "fetched_at": "2025-07-12T16:39:33.349648+00:00", "symbol": "BTC-USD"}, {"trade_id": 848013795, "side": "buy", "size": "0.00851945", "price": "117376.34000000", "time": "2025-07-12T16:38:39.471143Z", "fetched_at": "2025-07-12T16:39:33.349648+00:00", "symbol": "BTC-USD"}, {"trade_id": 848013794, "side": "sell", "size": "0.00002530", "price": "117376.35000000", "time": "2025-07-12T16:38:38.618114Z", "fetched_at": "2025-07-12T16:39:33.349648+00:00", "symbol": "BTC-USD"}, {"trade_id": 848013793, "side": "buy", "size": "0.00001674", "price": "117376.34000000", "time": "2025-07-12T16:38:38.547825Z", "fetched_at": "2025-07-12T16:39:33.349648+00:00", "symbol": "BTC-USD"}, {"trade_id": 848013792, "side": "buy", "size": "0.00010508", "price": "117376.34000000", "time": "2025-07-12T16:38:38.426560Z", "fetched_at": "2025-07-12T16:39:33.349648+00:00", "symbol": "BTC-USD"}, {"trade_id": 848013791, "side": "sell", "size": "0.00001608", "price": "117376.35000000", "time": "2025-07-12T16:38:37.974711Z", "fetched_at": "2025-07-12T16:39:33.349648+00:00", "symbol": "BTC-USD"}, {"trade_id": 848013790, "side": "sell", "size": "0.00016869", "price": "117376.35000000", "time": "2025-07-12T16:38:37.938133Z", "fetched_at": "2025-07-12T16:39:33.349648+00:00", "symbol": "BTC-USD"}, {"trade_id": 848013789, "side": "buy", "size": "0.01790072", "price": "117376.34000000", "time": "2025-07-12T16:38:37.609141Z", "fetched_at": "2025-07-12T16:39:33.349648+00:00", "symbol": "BTC-USD"}, {"trade_id": 848013788, "side": "sell", "size": "0.00300000", "price": "117376.35000000", "time": "2025-07-12T16:38:37.114579Z", "fetched_at": "2025-07-12T16:39:33.349648+00:00", "symbol": "BTC-USD"}, {"trade_id": 848013787, "side": "buy", "size": "0.00152880", "price": "117376.34000000", "time": "2025-07-12T16:38:36.256709Z", "fetched_at": "2025-07-12T16:39:33.349648+00:00", "symbol": "BTC-USD"}, {"trade_id": 848013786, "side": "buy", "size": "0.00057652", "price": "117376.34000000", "time": "2025-07-12T16:38:35.875642Z", "fetched_at": "2025-07-12T16:39:33.349648+00:00", "symbol": "BTC-USD"}, {"trade_id": 848013785, "side": "buy", "size": "0.00208100", "price": "117376.32000000", "time": "2025-07-12T16:38:35.762933Z", "fetched_at": "2025-07-12T16:39:33.349648+00:00", "symbol": "BTC-USD"}, {"trade_id": 848013784, "side": "buy", "size": "0.00000900", "price": "117378.52000000", "time": "2025-07-12T16:38:35.762933Z", "fetched_at": "2025-07-12T16:39:33.349648+00:00", "symbol": "BTC-USD"}, {"trade_id": 848013783, "side": "buy", "size": "0.03500000", "price": "117378.52000000", "time": "2025-07-12T16:38:35.762933Z", "fetched_at": "2025-07-12T16:39:33.349648+00:00", "symbol": "BTC-USD"}, {"trade_id": 848013782, "side": "buy", "size": "0.00099100", "price": "117378.52000000", "time": "2025-07-12T16:38:35.762933Z", "fetched_at": "2025-07-12T16:39:33.349648+00:00", "symbol": "BTC-USD"}, {"trade_id": 848013781, "side": "buy", "size": "0.01191900", "price": "117378.52000000", "time": "2025-07-12T16:38:35.762933Z", "fetched_at": "2025-07-12T16:39:33.349648+00:00", "symbol": "BTC-USD"}, {"trade_id": 848013780, "side": "sell", "size": "0.00000161", "price": "117378.53000000", "time": "2025-07-12T16:38:34.454075Z", "fetched_at": "2025-07-12T16:39:33.349648+00:00", "symbol": "BTC-USD"}, {"trade_id": 848013779, "side": "buy", "size": "0.00275571", "price": "117376.92000000", "time": "2025-07-12T16:38:32.824291Z", "fetched_at": "2025-07-12T16:39:33.349648+00:00", "symbol": "BTC-USD"}, {"trade_id": 848013778, "side": "buy", "size": "0.00009379", "price": "117376.93000000", "time": "2025-07-12T16:38:32.824291Z", "fetched_at": "2025-07-12T16:39:33.349648+00:00", "symbol": "BTC-USD"}, {"trade_id": 848013777, "side": "sell", "size": "0.00318149", "price": "117380.84000000", "time": "2025-07-12T16:38:32.770216Z", "fetched_at": "2025-07-12T16:39:33.349648+00:00", "symbol": "BTC-USD"}, {"trade_id": 848013776, "side": "sell", "size": "0.01807851", "price": "117376.91000000", "time": "2025-07-12T16:38:32.770216Z", "fetched_at": "2025-07-12T16:39:33.349648+00:00", "symbol": "BTC-USD"}, {"trade_id": 848013775, "side": "sell", "size": "0.00008224", "price": "117380.88000000", "time": "2025-07-12T16:38:32.214612Z", "fetched_at": "2025-07-12T16:39:33.349648+00:00", "symbol": "BTC-USD"}, {"trade_id": 848013774, "side": "sell", "size": "0.00022630", "price": "117380.88000000", "time": "2025-07-12T16:38:32.204681Z", "fetched_at": "2025-07-12T16:39:33.349648+00:00", "symbol": "BTC-USD"}, {"trade_id": 848013773, "side": "sell", "size": "0.00420936", "price": "117376.33000000", "time": "2025-07-12T16:38:30.274514Z", "fetched_at": "2025-07-12T16:39:33.349648+00:00", "symbol": "BTC-USD"}, {"trade_id": 848013772, "side": "sell", "size": "0.00024839", "price": "117376.33000000", "time": "2025-07-12T16:38:30.029866Z", "fetched_at": "2025-07-12T16:39:33.349648+00:00", "symbol": "BTC-USD"}, {"trade_id": 848013771, "side": "buy", "size": "0.05445193", "price": "117358.82000000", "time": "2025-07-12T16:38:27.371501Z", "fetched_at": "2025-07-12T16:39:33.349648+00:00", "symbol": "BTC-USD"}, {"trade_id": 848013770, "side": "buy", "size": "0.00000238", "price": "117360.01000000", "time": "2025-07-12T16:38:27.371501Z", "fetched_at": "2025-07-12T16:39:33.349648+00:00", "symbol": "BTC-USD"}, {"trade_id": 848013769, "side": "buy", "size": "0.00706979", "price": "117360.01000000", "time": "2025-07-12T16:38:27.371501Z", "fetched_at": "2025-07-12T16:39:33.349648+00:00", "symbol": "BTC-USD"}, {"trade_id": 848013768, "side": "buy", "size": "0.04983554", "price": "117360.46000000", "time": "2025-07-12T16:38:27.371501Z", "fetched_at": "2025-07-12T16:39:33.349648+00:00", "symbol": "BTC-USD"}, {"trade_id": 848013767, "side": "buy", "size": "0.00500000", "price": "117360.82000000", "time": "2025-07-12T16:38:27.371501Z", "fetched_at": "2025-07-12T16:39:33.349648+00:00", "symbol": "BTC-USD"}, {"trade_id": 848013766, "side": "buy", "size": "0.00000374", "price": "117362.27000000", "time": "2025-07-12T16:38:27.371501Z", "fetched_at": "2025-07-12T16:39:33.349648+00:00", "symbol": "BTC-USD"}, {"trade_id": 848013765, "side": "buy", "size": "0.00015222", "price": "117362.28000000", "time": "2025-07-12T16:38:27.371501Z", "fetched_at": "2025-07-12T16:39:33.349648+00:00", "symbol": "BTC-USD"}, {"trade_id": 848013764, "side": "buy", "size": "0.01537365", "price": "117364.38000000", "time": "2025-07-12T16:38:27.371501Z", "fetched_at": "2025-07-12T16:39:33.349648+00:00", "symbol": "BTC-USD"}, {"trade_id": 848013763, "side": "buy", "size": "0.03226349", "price": "117364.45000000", "time": "2025-07-12T16:38:27.371501Z", "fetched_at": "2025-07-12T16:39:33.349648+00:00", "symbol": "BTC-USD"}, {"trade_id": 848013762, "side": "buy", "size": "0.04730373", "price": "117364.55000000", "time": "2025-07-12T16:38:27.371501Z", "fetched_at": "2025-07-12T16:39:33.349648+00:00", "symbol": "BTC-USD"}, {"trade_id": 848013761, "side": "buy", "size": "0.01107987", "price": "117364.67000000", "time": "2025-07-12T16:38:27.371501Z", "fetched_at": "2025-07-12T16:39:33.349648+00:00", "symbol": "BTC-USD"}, {"trade_id": 848013760, "side": "buy", "size": "0.03004176", "price": "117364.69000000", "time": "2025-07-12T16:38:27.371501Z", "fetched_at": "2025-07-12T16:39:33.349648+00:00", "symbol": "BTC-USD"}, {"trade_id": 848013759, "side": "buy", "size": "0.11887570", "price": "117364.77000000", "time": "2025-07-12T16:38:27.371501Z", "fetched_at": "2025-07-12T16:39:33.349648+00:00", "symbol": "BTC-USD"}, {"trade_id": 848013758, "side": "buy", "size": "0.07079957", "price": "117365.09000000", "time": "2025-07-12T16:38:27.371501Z", "fetched_at": "2025-07-12T16:39:33.349648+00:00", "symbol": "BTC-USD"}, {"trade_id": 848013757, "side": "buy", "size": "0.11906568", "price": "117365.10000000", "time": "2025-07-12T16:38:27.371501Z", "fetched_at": "2025-07-12T16:39:33.349648+00:00", "symbol": "BTC-USD"}, {"trade_id": 848013756, "side": "buy", "size": "0.11391915", "price": "117365.11000000", "time": "2025-07-12T16:38:27.371501Z", "fetched_at": "2025-07-12T16:39:33.349648+00:00", "symbol": "BTC-USD"}, {"trade_id": 848013755, "side": "buy", "size": "0.00007166", "price": "117367.49000000", "time": "2025-07-12T16:38:27.371501Z", "fetched_at": "2025-07-12T16:39:33.349648+00:00", "symbol": "BTC-USD"}, {"trade_id": 848013754, "side": "buy", "size": "0.00122576", "price": "117367.51000000", "time": "2025-07-12T16:38:27.371501Z", "fetched_at": "2025-07-12T16:39:33.349648+00:00", "symbol": "BTC-USD"}, {"trade_id": 848013753, "side": "buy", "size": "0.00852004", "price": "117370.23000000", "time": "2025-07-12T16:38:27.371501Z", "fetched_at": "2025-07-12T16:39:33.349648+00:00", "symbol": "BTC-USD"}, {"trade_id": 848013752, "side": "buy", "size": "0.06556126", "price": "117370.92000000", "time": "2025-07-12T16:38:27.371501Z", "fetched_at": "2025-07-12T16:39:33.349648+00:00", "symbol": "BTC-USD"}, {"trade_id": 848013751, "side": "buy", "size": "0.00681436", "price": "117371.30000000", "time": "2025-07-12T16:38:27.371501Z", "fetched_at": "2025-07-12T16:39:33.349648+00:00", "symbol": "BTC-USD"}, {"trade_id": 848013750, "side": "buy", "size": "0.01807894", "price": "117374.13000000", "time": "2025-07-12T16:38:27.371501Z", "fetched_at": "2025-07-12T16:39:33.349648+00:00", "symbol": "BTC-USD"}, {"trade_id": 848013749, "side": "buy", "size": "0.03454006", "price": "117374.54000000", "time": "2025-07-12T16:38:27.371501Z", "fetched_at": "2025-07-12T16:39:33.349648+00:00", "symbol": "BTC-USD"}, {"trade_id": 848013748, "side": "buy", "size": "0.00426001", "price": "117375.23000000", "time": "2025-07-12T16:38:27.371501Z", "fetched_at": "2025-07-12T16:39:33.349648+00:00", "symbol": "BTC-USD"}, {"trade_id": 848013747, "side": "buy", "size": "0.00851971", "price": "117375.30000000", "time": "2025-07-12T16:38:27.371501Z", "fetched_at": "2025-07-12T16:39:33.349648+00:00", "symbol": "BTC-USD"}, {"trade_id": 848013746, "side": "buy", "size": "0.02536443", "price": "117376.19000000", "time": "2025-07-12T16:38:27.371501Z", "fetched_at": "2025-07-12T16:39:33.349648+00:00", "symbol": "BTC-USD"}, {"trade_id": 848013745, "side": "buy", "size": "0.02900000", "price": "117376.30000000", "time": "2025-07-12T16:38:27.371501Z", "fetched_at": "2025-07-12T16:39:33.349648+00:00", "symbol": "BTC-USD"}, {"trade_id": 848013744, "side": "buy", "size": "0.06308000", "price": "117376.32000000", "time": "2025-07-12T16:38:27.371501Z", "fetched_at": "2025-07-12T16:39:33.349648+00:00", "symbol": "BTC-USD"}, {"trade_id": 848013743, "side": "buy", "size": "0.00004588", "price": "117376.32000000", "time": "2025-07-12T16:38:27.371501Z", "fetched_at": "2025-07-12T16:39:33.349648+00:00", "symbol": "BTC-USD"}, {"trade_id": 848013742, "side": "buy", "size": "0.04746589", "price": "117376.32000000", "time": "2025-07-12T16:38:27.371501Z", "fetched_at": "2025-07-12T16:39:33.349648+00:00", "symbol": "BTC-USD"}, {"trade_id": 848013741, "side": "buy", "size": "0.00009380", "price": "117376.32000000", "time": "2025-07-12T16:38:27.371501Z", "fetched_at": "2025-07-12T16:39:33.349648+00:00", "symbol": "BTC-USD"}, {"trade_id": 848013740, "side": "buy", "size": "0.01212000", "price": "117376.32000000", "time": "2025-07-12T16:38:27.371501Z", "fetched_at": "2025-07-12T16:39:33.349648+00:00", "symbol": "BTC-USD"}, {"trade_id": 848013739, "side": "sell", "size": "0.00403612", "price": "117376.33000000", "time": "2025-07-12T16:38:27.279720Z", "fetched_at": "2025-07-12T16:39:33.349648+00:00", "symbol": "BTC-USD"}, {"trade_id": 848013738, "side": "sell", "size": "0.00040504", "price": "117376.33000000", "time": "2025-07-12T16:38:26.840605Z", "fetched_at": "2025-07-12T16:39:33.349648+00:00", "symbol": "BTC-USD"}, {"trade_id": 848013737, "side": "sell", "size": "0.00039737", "price": "117376.24000000", "time": "2025-07-12T16:38:25.575662Z", "fetched_at": "2025-07-12T16:39:33.349648+00:00", "symbol": "BTC-USD"}, {"trade_id": 848013736, "side": "sell", "size": "0.00000664", "price": "117376.22000000", "time": "2025-07-12T16:38:25.575662Z", "fetched_at": "2025-07-12T16:39:33.349648+00:00", "symbol": "BTC-USD"}, {"trade_id": 848013735, "side": "sell", "size": "0.00002674", "price": "117376.22000000", "time": "2025-07-12T16:38:24.033407Z", "fetched_at": "2025-07-12T16:39:33.349648+00:00", "symbol": "BTC-USD"}, {"trade_id": 848013734, "side": "buy", "size": "0.00129717", "price": "117376.19000000", "time": "2025-07-12T16:38:23.532158Z", "fetched_at": "2025-07-12T16:39:33.349648+00:00", "symbol": "BTC-USD"}, {"trade_id": 848013733, "side": "buy", "size": "0.00170251", "price": "117376.20000000", "time": "2025-07-12T16:38:23.532158Z", "fetched_at": "2025-07-12T16:39:33.349648+00:00", "symbol": "BTC-USD"}, {"trade_id": 848013732, "side": "buy", "size": "0.00000520", "price": "117376.20000000", "time": "2025-07-12T16:38:21.819123Z", "fetched_at": "2025-07-12T16:39:33.349648+00:00", "symbol": "BTC-USD"}, {"trade_id": 848013731, "side": "sell", "size": "0.00106278", "price": "117376.22000000", "time": "2025-07-12T16:38:21.495314Z", "fetched_at": "2025-07-12T16:39:33.349648+00:00", "symbol": "BTC-USD"}, {"trade_id": 848013730, "side": "sell", "size": "0.00024242", "price": "117376.22000000", "time": "2025-07-12T16:38:21.072968Z", "fetched_at": "2025-07-12T16:39:33.349648+00:00", "symbol": "BTC-USD"}, {"trade_id": 848013729, "side": "buy", "size": "0.00008520", "price": "117376.20000000", "time": "2025-07-12T16:38:21.021582Z", "fetched_at": "2025-07-12T16:39:33.349648+00:00", "symbol": "BTC-USD"}, {"trade_id": 848013728, "side": "sell", "size": "0.00012416", "price": "117376.22000000", "time": "2025-07-12T16:38:20.893686Z", "fetched_at": "2025-07-12T16:39:33.349648+00:00", "symbol": "BTC-USD"}, {"trade_id": 848013727, "side": "sell", "size": "0.00043643", "price": "117376.22000000", "time": "2025-07-12T16:38:18.247686Z", "fetched_at": "2025-07-12T16:39:33.349648+00:00", "symbol": "BTC-USD"}, {"trade_id": 848013726, "side": "sell", "size": "0.00032289", "price": "117376.22000000", "time": "2025-07-12T16:38:17.878774Z", "fetched_at": "2025-07-12T16:39:33.349648+00:00", "symbol": "BTC-USD"}, {"trade_id": 848013725, "side": "sell", "size": "0.00004007", "price": "117376.22000000", "time": "2025-07-12T16:38:17.277107Z", "fetched_at": "2025-07-12T16:39:33.349648+00:00", "symbol": "BTC-USD"}, {"trade_id": 848013724, "side": "buy", "size": "0.00843975", "price": "117376.19000000", "time": "2025-07-12T16:38:16.182259Z", "fetched_at": "2025-07-12T16:39:33.349648+00:00", "symbol": "BTC-USD"}, {"trade_id": 848013723, "side": "sell", "size": "0.00161620", "price": "117376.22000000", "time": "2025-07-12T16:38:16.042736Z", "fetched_at": "2025-07-12T16:39:33.349648+00:00", "symbol": "BTC-USD"}, {"trade_id": 848013722, "side": "buy", "size": "0.00302791", "price": "117376.19000000", "time": "2025-07-12T16:38:15.761734Z", "fetched_at": "2025-07-12T16:39:33.349648+00:00", "symbol": "BTC-USD"}, {"trade_id": 848013721, "side": "buy", "size": "0.00336157", "price": "117376.21000000", "time": "2025-07-12T16:38:15.761734Z", "fetched_at": "2025-07-12T16:39:33.349648+00:00", "symbol": "BTC-USD"}, {"trade_id": 848013720, "side": "sell", "size": "0.01246589", "price": "117383.62000000", "time": "2025-07-12T16:38:15.736414Z", "fetched_at": "2025-07-12T16:39:33.349648+00:00", "symbol": "BTC-USD"}, {"trade_id": 848013719, "side": "sell", "size": "0.01000000", "price": "117383.60000000", "time": "2025-07-12T16:38:15.736414Z", "fetched_at": "2025-07-12T16:39:33.349648+00:00", "symbol": "BTC-USD"}, {"trade_id": 848013718, "side": "sell", "size": "0.01363899", "price": "117383.59000000", "time": "2025-07-12T16:38:15.736414Z", "fetched_at": "2025-07-12T16:39:33.349648+00:00", "symbol": "BTC-USD"}, {"trade_id": 848013717, "side": "sell", "size": "0.00037023", "price": "117382.05000000", "time": "2025-07-12T16:38:15.736414Z", "fetched_at": "2025-07-12T16:39:33.349648+00:00", "symbol": "BTC-USD"}, {"trade_id": 848013716, "side": "sell", "size": "0.00093554", "price": "117382.05000000", "time": "2025-07-12T16:38:15.736414Z", "fetched_at": "2025-07-12T16:39:33.349648+00:00", "symbol": "BTC-USD"}, {"trade_id": 848013715, "side": "sell", "size": "0.00000664", "price": "117381.00000000", "time": "2025-07-12T16:38:15.736414Z", "fetched_at": "2025-07-12T16:39:33.349648+00:00", "symbol": "BTC-USD"}, {"trade_id": 848013714, "side": "sell", "size": "0.01807861", "price": "117376.22000000", "time": "2025-07-12T16:38:15.736414Z", "fetched_at": "2025-07-12T16:39:33.349648+00:00", "symbol": "BTC-USD"}, {"trade_id": 848013713, "side": "sell", "size": "0.00842765", "price": "117376.22000000", "time": "2025-07-12T16:38:15.736414Z", "fetched_at": "2025-07-12T16:39:33.349648+00:00", "symbol": "BTC-USD"}, {"trade_id": 848013712, "side": "sell", "size": "0.00009196", "price": "117376.22000000", "time": "2025-07-12T16:38:15.389355Z", "fetched_at": "2025-07-12T16:39:33.349648+00:00", "symbol": "BTC-USD"}, {"trade_id": 848013711, "side": "sell", "size": "0.01517365", "price": "117376.22000000", "time": "2025-07-12T16:38:15.361355Z", "fetched_at": "2025-07-12T16:39:33.349648+00:00", "symbol": "BTC-USD"}, {"trade_id": 848013710, "side": "sell", "size": "0.00001442", "price": "117376.22000000", "time": "2025-07-12T16:38:14.851457Z", "fetched_at": "2025-07-12T16:39:33.349648+00:00", "symbol": "BTC-USD"}, {"trade_id": 848013709, "side": "sell", "size": "0.00004142", "price": "117376.22000000", "time": "2025-07-12T16:38:14.502240Z", "fetched_at": "2025-07-12T16:39:33.349648+00:00", "symbol": "BTC-USD"}, {"trade_id": 848013708, "side": "sell", "size": "0.00008080", "price": "117376.22000000", "time": "2025-07-12T16:38:13.959026Z", "fetched_at": "2025-07-12T16:39:33.349648+00:00", "symbol": "BTC-USD"}, {"trade_id": 848013707, "side": "buy", "size": "0.00001127", "price": "117376.19000000", "time": "2025-07-12T16:38:12.433900Z", "fetched_at": "2025-07-12T16:39:33.349648+00:00", "symbol": "BTC-USD"}, {"trade_id": 848013706, "side": "buy", "size": "0.00003629", "price": "117376.19000000", "time": "2025-07-12T16:38:12.031696Z", "fetched_at": "2025-07-12T16:39:33.349648+00:00", "symbol": "BTC-USD"}, {"trade_id": 848013705, "side": "buy", "size": "0.00140866", "price": "117376.19000000", "time": "2025-07-12T16:38:11.688166Z", "fetched_at": "2025-07-12T16:39:33.349648+00:00", "symbol": "BTC-USD"}, {"trade_id": 848013704, "side": "sell", "size": "0.00054828", "price": "117376.22000000", "time": "2025-07-12T16:38:11.527359Z", "fetched_at": "2025-07-12T16:39:33.349648+00:00", "symbol": "BTC-USD"}, {"trade_id": 848013703, "side": "buy", "size": "0.00003199", "price": "117376.19000000", "time": "2025-07-12T16:38:11.357055Z", "fetched_at": "2025-07-12T16:39:33.349648+00:00", "symbol": "BTC-USD"}, {"trade_id": 848013702, "side": "buy", "size": "0.00010224", "price": "117376.19000000", "time": "2025-07-12T16:38:11.348715Z", "fetched_at": "2025-07-12T16:39:33.349648+00:00", "symbol": "BTC-USD"}, {"trade_id": 848013701, "side": "buy", "size": "0.00328029", "price": "117376.19000000", "time": "2025-07-12T16:38:11.231463Z", "fetched_at": "2025-07-12T16:39:33.349648+00:00", "symbol": "BTC-USD"}, {"trade_id": 848013700, "side": "sell", "size": "0.00082168", "price": "117383.65000000", "time": "2025-07-12T16:38:10.153874Z", "fetched_at": "2025-07-12T16:39:33.349648+00:00", "symbol": "BTC-USD"}, {"trade_id": 848013699, "side": "sell", "size": "0.00000630", "price": "117383.65000000", "time": "2025-07-12T16:38:10.153874Z", "fetched_at": "2025-07-12T16:39:33.349648+00:00", "symbol": "BTC-USD"}, {"trade_id": 848013698, "side": "sell", "size": "0.00002014", "price": "117371.89000000", "time": "2025-07-12T16:38:09.938776Z", "fetched_at": "2025-07-12T16:39:33.349648+00:00", "symbol": "BTC-USD"}, {"trade_id": 848013697, "side": "sell", "size": "0.00001992", "price": "117367.52000000", "time": "2025-07-12T16:38:09.938776Z", "fetched_at": "2025-07-12T16:39:33.349648+00:00", "symbol": "BTC-USD"}, {"trade_id": 848013696, "side": "buy", "size": "0.00000374", "price": "117367.51000000", "time": "2025-07-12T16:38:09.283281Z", "fetched_at": "2025-07-12T16:39:33.349648+00:00", "symbol": "BTC-USD"}, {"trade_id": 848013695, "side": "sell", "size": "0.00049653", "price": "117367.52000000", "time": "2025-07-12T16:38:08.915468Z", "fetched_at": "2025-07-12T16:39:33.349648+00:00", "symbol": "BTC-USD"}, {"trade_id": 848013694, "side": "sell", "size": "0.00048489", "price": "117367.52000000", "time": "2025-07-12T16:38:07.049284Z", "fetched_at": "2025-07-12T16:39:33.349648+00:00", "symbol": "BTC-USD"}, {"trade_id": 848013693, "side": "sell", "size": "0.00042830", "price": "117367.52000000", "time": "2025-07-12T16:38:06.947310Z", "fetched_at": "2025-07-12T16:39:33.349648+00:00", "symbol": "BTC-USD"}, {"trade_id": 848013692, "side": "sell", "size": "0.00041396", "price": "117367.52000000", "time": "2025-07-12T16:38:06.646063Z", "fetched_at": "2025-07-12T16:39:33.349648+00:00", "symbol": "BTC-USD"}, {"trade_id": 848013691, "side": "sell", "size": "0.00021138", "price": "117367.52000000", "time": "2025-07-12T16:38:06.617763Z", "fetched_at": "2025-07-12T16:39:33.349648+00:00", "symbol": "BTC-USD"}, {"trade_id": 848013690, "side": "sell", "size": "0.00004006", "price": "117367.52000000", "time": "2025-07-12T16:38:05.973187Z", "fetched_at": "2025-07-12T16:39:33.349648+00:00", "symbol": "BTC-USD"}, {"trade_id": 848013689, "side": "sell", "size": "0.00004242", "price": "117367.52000000", "time": "2025-07-12T16:38:05.522916Z", "fetched_at": "2025-07-12T16:39:33.349648+00:00", "symbol": "BTC-USD"}, {"trade_id": 848013688, "side": "sell", "size": "0.00004141", "price": "117367.52000000", "time": "2025-07-12T16:38:05.438884Z", "fetched_at": "2025-07-12T16:39:33.349648+00:00", "symbol": "BTC-USD"}, {"trade_id": 848013687, "side": "sell", "size": "0.19226490", "price": "117383.46000000", "time": "2025-07-12T16:38:05.282280Z", "fetched_at": "2025-07-12T16:39:33.349648+00:00", "symbol": "BTC-USD"}, {"trade_id": 848013686, "side": "sell", "size": "0.00869915", "price": "117383.33000000", "time": "2025-07-12T16:38:05.282280Z", "fetched_at": "2025-07-12T16:39:33.349648+00:00", "symbol": "BTC-USD"}, {"trade_id": 848013685, "side": "sell", "size": "0.04226579", "price": "117381.66000000", "time": "2025-07-12T16:38:05.282280Z", "fetched_at": "2025-07-12T16:39:33.349648+00:00", "symbol": "BTC-USD"}, {"trade_id": 848013684, "side": "sell", "size": "0.03749151", "price": "117381.14000000", "time": "2025-07-12T16:38:05.282280Z", "fetched_at": "2025-07-12T16:39:33.349648+00:00", "symbol": "BTC-USD"}, {"trade_id": 848013683, "side": "sell", "size": "0.04508120", "price": "117380.56000000", "time": "2025-07-12T16:38:05.282280Z", "fetched_at": "2025-07-12T16:39:33.349648+00:00", "symbol": "BTC-USD"}, {"trade_id": 848013682, "side": "sell", "size": "0.07490310", "price": "117380.55000000", "time": "2025-07-12T16:38:05.282280Z", "fetched_at": "2025-07-12T16:39:33.349648+00:00", "symbol": "BTC-USD"}, {"trade_id": 848013681, "side": "sell", "size": "0.00034000", "price": "117378.73000000", "time": "2025-07-12T16:38:05.282280Z", "fetched_at": "2025-07-12T16:39:33.349648+00:00", "symbol": "BTC-USD"}, {"trade_id": 848013680, "side": "sell", "size": "0.00852095", "price": "117377.32000000", "time": "2025-07-12T16:38:05.282280Z", "fetched_at": "2025-07-12T16:39:33.349648+00:00", "symbol": "BTC-USD"}, {"trade_id": 848013679, "side": "sell", "size": "0.00001993", "price": "117376.25000000", "time": "2025-07-12T16:38:05.282280Z", "fetched_at": "2025-07-12T16:39:33.349648+00:00", "symbol": "BTC-USD"}, {"trade_id": 848013678, "side": "sell", "size": "0.01734609", "price": "117376.22000000", "time": "2025-07-12T16:38:05.282280Z", "fetched_at": "2025-07-12T16:39:33.349648+00:00", "symbol": "BTC-USD"}, {"trade_id": 848013677, "side": "sell", "size": "0.02519640", "price": "117376.20000000", "time": "2025-07-12T16:38:05.282280Z", "fetched_at": "2025-07-12T16:39:33.349648+00:00", "symbol": "BTC-USD"}, {"trade_id": 848013676, "side": "sell", "size": "0.03294321", "price": "117374.70000000", "time": "2025-07-12T16:38:05.282280Z", "fetched_at": "2025-07-12T16:39:33.349648+00:00", "symbol": "BTC-USD"}, {"trade_id": 848013675, "side": "sell", "size": "0.02575028", "price": "117372.63000000", "time": "2025-07-12T16:38:05.282280Z", "fetched_at": "2025-07-12T16:39:33.349648+00:00", "symbol": "BTC-USD"}, {"trade_id": 848013674, "side": "sell", "size": "0.07951789", "price": "117372.62000000", "time": "2025-07-12T16:38:05.282280Z", "fetched_at": "2025-07-12T16:39:33.349648+00:00", "symbol": "BTC-USD"}, {"trade_id": 848013673, "side": "sell", "size": "0.06421712", "price": "117371.96000000", "time": "2025-07-12T16:38:05.282280Z", "fetched_at": "2025-07-12T16:39:33.349648+00:00", "symbol": "BTC-USD"}, {"trade_id": 848013672, "side": "sell", "size": "0.01000000", "price": "117371.95000000", "time": "2025-07-12T16:38:05.282280Z", "fetched_at": "2025-07-12T16:39:33.349648+00:00", "symbol": "BTC-USD"}, {"trade_id": 848013671, "side": "sell", "size": "0.00426047", "price": "117371.91000000", "time": "2025-07-12T16:38:05.282280Z", "fetched_at": "2025-07-12T16:39:33.349648+00:00", "symbol": "BTC-USD"}, {"trade_id": 848013670, "side": "sell", "size": "0.01000000", "price": "117371.90000000", "time": "2025-07-12T16:38:05.282280Z", "fetched_at": "2025-07-12T16:39:33.349648+00:00", "symbol": "BTC-USD"}, {"trade_id": 848013669, "side": "sell", "size": "0.00081264", "price": "117370.28000000", "time": "2025-07-12T16:38:05.282280Z", "fetched_at": "2025-07-12T16:39:33.349648+00:00", "symbol": "BTC-USD"}, {"trade_id": 848013668, "side": "sell", "size": "0.00147725", "price": "117369.59000000", "time": "2025-07-12T16:38:05.282280Z", "fetched_at": "2025-07-12T16:39:33.349648+00:00", "symbol": "BTC-USD"}, {"trade_id": 848013667, "side": "sell", "size": "0.00110794", "price": "117369.27000000", "time": "2025-07-12T16:38:05.282280Z", "fetched_at": "2025-07-12T16:39:33.349648+00:00", "symbol": "BTC-USD"}, {"trade_id": 848013666, "side": "sell", "size": "0.00852024", "price": "117367.53000000", "time": "2025-07-12T16:38:05.282280Z", "fetched_at": "2025-07-12T16:39:33.349648+00:00", "symbol": "BTC-USD"}, {"trade_id": 848013665, "side": "sell", "size": "0.06421000", "price": "117367.52000000", "time": "2025-07-12T16:38:05.282280Z", "fetched_at": "2025-07-12T16:39:33.349648+00:00", "symbol": "BTC-USD"}, {"trade_id": 848013664, "side": "sell", "size": "0.03500000", "price": "117367.52000000", "time": "2025-07-12T16:38:05.282280Z", "fetched_at": "2025-07-12T16:39:33.349648+00:00", "symbol": "BTC-USD"}, {"trade_id": 848013663, "side": "sell", "size": "0.01807995", "price": "117367.52000000", "time": "2025-07-12T16:38:05.282280Z", "fetched_at": "2025-07-12T16:39:33.349648+00:00", "symbol": "BTC-USD"}, {"trade_id": 848013662, "side": "sell", "size": "0.00093945", "price": "117367.52000000", "time": "2025-07-12T16:38:05.282280Z", "fetched_at": "2025-07-12T16:39:33.349648+00:00", "symbol": "BTC-USD"}, {"trade_id": 848013661, "side": "sell", "size": "0.00016870", "price": "117367.52000000", "time": "2025-07-12T16:38:05.023642Z", "fetched_at": "2025-07-12T16:39:33.349648+00:00", "symbol": "BTC-USD"}, {"trade_id": 848013660, "side": "sell", "size": "0.00001603", "price": "117367.52000000", "time": "2025-07-12T16:38:04.616838Z", "fetched_at": "2025-07-12T16:39:33.349648+00:00", "symbol": "BTC-USD"}, {"trade_id": 848013659, "side": "sell", "size": "0.00001196", "price": "117367.52000000", "time": "2025-07-12T16:38:03.552425Z", "fetched_at": "2025-07-12T16:39:33.349648+00:00", "symbol": "BTC-USD"}, {"trade_id": 848013658, "side": "sell", "size": "0.00041397", "price": "117367.52000000", "time": "2025-07-12T16:38:03.446714Z", "fetched_at": "2025-07-12T16:39:33.349648+00:00", "symbol": "BTC-USD"}, {"trade_id": 848013657, "side": "sell", "size": "0.00008434", "price": "117367.52000000", "time": "2025-07-12T16:38:02.470840Z", "fetched_at": "2025-07-12T16:39:33.349648+00:00", "symbol": "BTC-USD"}, {"trade_id": 848013656, "side": "buy", "size": "0.00746965", "price": "117367.51000000", "time": "2025-07-12T16:38:02.325697Z", "fetched_at": "2025-07-12T16:39:33.349648+00:00", "symbol": "BTC-USD"}, {"trade_id": 848013655, "side": "buy", "size": "0.00010512", "price": "117367.52000000", "time": "2025-07-12T16:38:02.325697Z", "fetched_at": "2025-07-12T16:39:33.349648+00:00", "symbol": "BTC-USD"}, {"trade_id": 848013654, "side": "buy", "size": "0.00009380", "price": "117367.52000000", "time": "2025-07-12T16:38:02.325697Z", "fetched_at": "2025-07-12T16:39:33.349648+00:00", "symbol": "BTC-USD"}, {"trade_id": 848013653, "side": "buy", "size": "0.00005024", "price": "117367.51000000", "time": "2025-07-12T16:38:00.210649Z", "fetched_at": "2025-07-12T16:39:33.349648+00:00", "symbol": "BTC-USD"}, {"trade_id": 848013652, "side": "buy", "size": "0.02168619", "price": "117376.19000000", "time": "2025-07-12T16:38:00.168941Z", "fetched_at": "2025-07-12T16:39:33.349648+00:00", "symbol": "BTC-USD"}, {"trade_id": 848013651, "side": "buy", "size": "0.02231381", "price": "117376.19000000", "time": "2025-07-12T16:38:00.168841Z", "fetched_at": "2025-07-12T16:39:33.349648+00:00", "symbol": "BTC-USD"}, {"trade_id": 848013650, "side": "buy", "size": "0.00002443", "price": "117376.21000000", "time": "2025-07-12T16:38:00.168841Z", "fetched_at": "2025-07-12T16:39:33.349648+00:00", "symbol": "BTC-USD"}, {"trade_id": 848013649, "side": "buy", "size": "0.01985501", "price": "117376.21000000", "time": "2025-07-12T16:38:00.168841Z", "fetched_at": "2025-07-12T16:39:33.349648+00:00", "symbol": "BTC-USD"}, {"trade_id": 848013648, "side": "buy", "size": "0.01156666", "price": "117376.21000000", "time": "2025-07-12T16:38:00.167757Z", "fetched_at": "2025-07-12T16:39:33.349648+00:00", "symbol": "BTC-USD"}, {"trade_id": 848013647, "side": "sell", "size": "0.00063258", "price": "117376.22000000", "time": "2025-07-12T16:38:00.067940Z", "fetched_at": "2025-07-12T16:39:33.349648+00:00", "symbol": "BTC-USD"}, {"trade_id": 848013646, "side": "buy", "size": "0.00265665", "price": "117376.21000000", "time": "2025-07-12T16:38:00.065201Z", "fetched_at": "2025-07-12T16:39:33.349648+00:00", "symbol": "BTC-USD"}, {"trade_id": 848013645, "side": "sell", "size": "0.00210101", "price": "117376.22000000", "time": "2025-07-12T16:38:00.043612Z", "fetched_at": "2025-07-12T16:39:33.349648+00:00", "symbol": "BTC-USD"}, {"trade_id": 848013644, "side": "buy", "size": "0.00018852", "price": "117376.21000000", "time": "2025-07-12T16:37:59.639004Z", "fetched_at": "2025-07-12T16:39:33.349648+00:00", "symbol": "BTC-USD"}, {"trade_id": 848013643, "side": "sell", "size": "0.00082798", "price": "117376.22000000", "time": "2025-07-12T16:37:57.591191Z", "fetched_at": "2025-07-12T16:39:33.349648+00:00", "symbol": "BTC-USD"}, {"trade_id": 848013642, "side": "sell", "size": "0.00161620", "price": "117376.22000000", "time": "2025-07-12T16:37:57.571704Z", "fetched_at": "2025-07-12T16:39:33.349648+00:00", "symbol": "BTC-USD"}, {"trade_id": 848013641, "side": "sell", "size": "0.00008224", "price": "117376.22000000", "time": "2025-07-12T16:37:56.943759Z", "fetched_at": "2025-07-12T16:39:33.349648+00:00", "symbol": "BTC-USD"}, {"trade_id": 848013640, "side": "sell", "size": "0.00082794", "price": "117376.22000000", "time": "2025-07-12T16:37:56.682075Z", "fetched_at": "2025-07-12T16:39:33.349648+00:00", "symbol": "BTC-USD"}, {"trade_id": 848013639, "side": "buy", "size": "0.00002980", "price": "117376.21000000", "time": "2025-07-12T16:37:56.462374Z", "fetched_at": "2025-07-12T16:39:33.349648+00:00", "symbol": "BTC-USD"}, {"trade_id": 848013638, "side": "sell", "size": "0.00025304", "price": "117376.22000000", "time": "2025-07-12T16:37:55.805682Z", "fetched_at": "2025-07-12T16:39:33.349648+00:00", "symbol": "BTC-USD"}, {"trade_id": 848013637, "side": "sell", "size": "0.00001123", "price": "117376.22000000", "time": "2025-07-12T16:37:55.537641Z", "fetched_at": "2025-07-12T16:39:33.349648+00:00", "symbol": "BTC-USD"}, {"trade_id": 848013636, "side": "sell", "size": "0.00194557", "price": "117376.22000000", "time": "2025-07-12T16:37:55.101426Z", "fetched_at": "2025-07-12T16:39:33.349648+00:00", "symbol": "BTC-USD"}, {"trade_id": 848013635, "side": "sell", "size": "0.00016557", "price": "117376.22000000", "time": "2025-07-12T16:37:54.995531Z", "fetched_at": "2025-07-12T16:39:33.349648+00:00", "symbol": "BTC-USD"}, {"trade_id": 848013634, "side": "sell", "size": "0.00016557", "price": "117376.22000000", "time": "2025-07-12T16:37:54.412534Z", "fetched_at": "2025-07-12T16:39:33.349648+00:00", "symbol": "BTC-USD"}, {"trade_id": 848013633, "side": "sell", "size": "0.00097206", "price": "117376.22000000", "time": "2025-07-12T16:37:54.128004Z", "fetched_at": "2025-07-12T16:39:33.349648+00:00", "symbol": "BTC-USD"}, {"trade_id": 848013632, "side": "sell", "size": "0.00002530", "price": "117376.22000000", "time": "2025-07-12T16:37:54.057055Z", "fetched_at": "2025-07-12T16:39:33.349648+00:00", "symbol": "BTC-USD"}, {"trade_id": 848013631, "side": "sell", "size": "0.00084346", "price": "117376.22000000", "time": "2025-07-12T16:37:53.921928Z", "fetched_at": "2025-07-12T16:39:33.349648+00:00", "symbol": "BTC-USD"}, {"trade_id": 848013630, "side": "sell", "size": "0.02069853", "price": "117376.22000000", "time": "2025-07-12T16:37:53.783099Z", "fetched_at": "2025-07-12T16:39:33.349648+00:00", "symbol": "BTC-USD"}, {"trade_id": 848013629, "side": "sell", "size": "0.00012121", "price": "117376.22000000", "time": "2025-07-12T16:37:53.460386Z", "fetched_at": "2025-07-12T16:39:33.349648+00:00", "symbol": "BTC-USD"}, {"trade_id": 848013628, "side": "buy", "size": "0.00029827", "price": "117376.21000000", "time": "2025-07-12T16:37:53.374332Z", "fetched_at": "2025-07-12T16:39:33.349648+00:00", "symbol": "BTC-USD"}, {"trade_id": 848013627, "side": "sell", "size": "0.00008018", "price": "117376.22000000", "time": "2025-07-12T16:37:52.899075Z", "fetched_at": "2025-07-12T16:39:33.349648+00:00", "symbol": "BTC-USD"}, {"trade_id": 848013626, "side": "sell", "size": "0.00002736", "price": "117376.22000000", "time": "2025-07-12T16:37:52.899075Z", "fetched_at": "2025-07-12T16:39:33.349648+00:00", "symbol": "BTC-USD"}, {"trade_id": 848013625, "side": "sell", "size": "0.00008224", "price": "117376.22000000", "time": "2025-07-12T16:37:52.379089Z", "fetched_at": "2025-07-12T16:39:33.349648+00:00", "symbol": "BTC-USD"}, {"trade_id": 848013624, "side": "sell", "size": "0.00008435", "price": "117376.22000000", "time": "2025-07-12T16:37:52.268454Z", "fetched_at": "2025-07-12T16:39:33.349648+00:00", "symbol": "BTC-USD"}, {"trade_id": 848013623, "side": "sell", "size": "0.00022352", "price": "117376.22000000", "time": "2025-07-12T16:37:52.247296Z", "fetched_at": "2025-07-12T16:39:33.349648+00:00", "symbol": "BTC-USD"}, {"trade_id": 848013622, "side": "sell", "size": "0.00004040", "price": "117376.22000000", "time": "2025-07-12T16:37:51.975416Z", "fetched_at": "2025-07-12T16:39:33.349648+00:00", "symbol": "BTC-USD"}, {"trade_id": 848013621, "side": "sell", "size": "0.00012652", "price": "117376.22000000", "time": "2025-07-12T16:37:51.883042Z", "fetched_at": "2025-07-12T16:39:33.349648+00:00", "symbol": "BTC-USD"}, {"trade_id": 848013620, "side": "sell", "size": "0.00020699", "price": "117376.22000000", "time": "2025-07-12T16:37:51.631042Z", "fetched_at": "2025-07-12T16:39:33.349648+00:00", "symbol": "BTC-USD"}, {"trade_id": 848013619, "side": "sell", "size": "0.00827945", "price": "117376.22000000", "time": "2025-07-12T16:37:51.213523Z", "fetched_at": "2025-07-12T16:39:33.349648+00:00", "symbol": "BTC-USD"}, {"trade_id": 848013618, "side": "sell", "size": "0.00042173", "price": "117376.22000000", "time": "2025-07-12T16:37:50.763395Z", "fetched_at": "2025-07-12T16:39:33.349648+00:00", "symbol": "BTC-USD"}, {"trade_id": 848013617, "side": "sell", "size": "0.00012416", "price": "117376.22000000", "time": "2025-07-12T16:37:50.507059Z", "fetched_at": "2025-07-12T16:39:33.349648+00:00", "symbol": "BTC-USD"}, {"trade_id": 848013616, "side": "sell", "size": "0.00020699", "price": "117376.22000000", "time": "2025-07-12T16:37:50.293219Z", "fetched_at": "2025-07-12T16:39:33.349648+00:00", "symbol": "BTC-USD"}, {"trade_id": 848013615, "side": "buy", "size": "0.00036091", "price": "117376.21000000", "time": "2025-07-12T16:37:50.273158Z", "fetched_at": "2025-07-12T16:39:33.349648+00:00", "symbol": "BTC-USD"}, {"trade_id": 848013614, "side": "sell", "size": "0.00008224", "price": "117376.22000000", "time": "2025-07-12T16:37:50.085334Z", "fetched_at": "2025-07-12T16:39:33.349648+00:00", "symbol": "BTC-USD"}, {"trade_id": 848013613, "side": "buy", "size": "0.00004418", "price": "117376.21000000", "time": "2025-07-12T16:37:49.572035Z", "fetched_at": "2025-07-12T16:39:33.349648+00:00", "symbol": "BTC-USD"}, {"trade_id": 848013612, "side": "sell", "size": "0.00082794", "price": "117376.22000000", "time": "2025-07-12T16:37:49.359440Z", "fetched_at": "2025-07-12T16:39:33.349648+00:00", "symbol": "BTC-USD"}, {"trade_id": 848013611, "side": "sell", "size": "0.00001678", "price": "117376.22000000", "time": "2025-07-12T16:37:48.748068Z", "fetched_at": "2025-07-12T16:39:33.349648+00:00", "symbol": "BTC-USD"}, {"trade_id": 848013610, "side": "sell", "size": "0.00003357", "price": "117376.22000000", "time": "2025-07-12T16:37:48.674368Z", "fetched_at": "2025-07-12T16:39:33.349648+00:00", "symbol": "BTC-USD"}, {"trade_id": 848013609, "side": "sell", "size": "0.00024840", "price": "117376.22000000", "time": "2025-07-12T16:37:48.338167Z", "fetched_at": "2025-07-12T16:39:33.349648+00:00", "symbol": "BTC-USD"}, {"trade_id": 848013608, "side": "sell", "size": "0.00008224", "price": "117376.25000000", "time": "2025-07-12T16:37:46.943030Z", "fetched_at": "2025-07-12T16:39:33.349648+00:00", "symbol": "BTC-USD"}, {"trade_id": 848013607, "side": "sell", "size": "0.00002710", "price": "117376.25000000", "time": "2025-07-12T16:37:46.778814Z", "fetched_at": "2025-07-12T16:39:33.349648+00:00", "symbol": "BTC-USD"}, {"trade_id": 848013606, "side": "sell", "size": "0.00000664", "price": "117376.25000000", "time": "2025-07-12T16:37:46.778814Z", "fetched_at": "2025-07-12T16:39:33.349648+00:00", "symbol": "BTC-USD"}, {"trade_id": 848013605, "side": "sell", "size": "0.00110000", "price": "117371.93000000", "time": "2025-07-12T16:37:46.567785Z", "fetched_at": "2025-07-12T16:39:33.349648+00:00", "symbol": "BTC-USD"}, {"trade_id": 848013604, "side": "sell", "size": "0.00020000", "price": "117371.92000000", "time": "2025-07-12T16:37:46.514134Z", "fetched_at": "2025-07-12T16:39:33.349648+00:00", "symbol": "BTC-USD"}, {"trade_id": 848013603, "side": "sell", "size": "0.00421716", "price": "117367.52000000", "time": "2025-07-12T16:37:45.896573Z", "fetched_at": "2025-07-12T16:39:33.349648+00:00", "symbol": "BTC-USD"}, {"trade_id": 848013602, "side": "sell", "size": "0.03764355", "price": "117371.98000000", "time": "2025-07-12T16:37:45.542469Z", "fetched_at": "2025-07-12T16:39:33.349648+00:00", "symbol": "BTC-USD"}, {"trade_id": 848013601, "side": "sell", "size": "0.06019404", "price": "117371.97000000", "time": "2025-07-12T16:37:45.542469Z", "fetched_at": "2025-07-12T16:39:33.349648+00:00", "symbol": "BTC-USD"}, {"trade_id": 848013600, "side": "sell", "size": "0.00852009", "price": "117369.53000000", "time": "2025-07-12T16:37:45.542469Z", "fetched_at": "2025-07-12T16:39:33.349648+00:00", "symbol": "BTC-USD"}, {"trade_id": 848013599, "side": "sell", "size": "0.01783156", "price": "117367.52000000", "time": "2025-07-12T16:37:45.542469Z", "fetched_at": "2025-07-12T16:39:33.349648+00:00", "symbol": "BTC-USD"}, {"trade_id": 848013598, "side": "sell", "size": "0.00024839", "price": "117367.52000000", "time": "2025-07-12T16:37:45.473877Z", "fetched_at": "2025-07-12T16:39:33.349648+00:00", "symbol": "BTC-USD"}, {"trade_id": 848013597, "side": "buy", "size": "0.04592834", "price": "117367.49000000", "time": "2025-07-12T16:37:45.018724Z", "fetched_at": "2025-07-12T16:39:33.349648+00:00", "symbol": "BTC-USD"}, {"trade_id": 848013596, "side": "buy", "size": "0.09997786", "price": "117369.72000000", "time": "2025-07-12T16:37:45.018724Z", "fetched_at": "2025-07-12T16:39:33.349648+00:00", "symbol": "BTC-USD"}, {"trade_id": 848013595, "side": "buy", "size": "0.00009380", "price": "117373.06000000", "time": "2025-07-12T16:37:45.018724Z", "fetched_at": "2025-07-12T16:39:33.349648+00:00", "symbol": "BTC-USD"}, {"trade_id": 848013594, "side": "sell", "size": "0.00007825", "price": "117373.07000000", "time": "2025-07-12T16:37:43.797606Z", "fetched_at": "2025-07-12T16:39:33.349648+00:00", "symbol": "BTC-USD"}, {"trade_id": 848013593, "side": "sell", "size": "0.00029948", "price": "117373.07000000", "time": "2025-07-12T16:37:42.197335Z", "fetched_at": "2025-07-12T16:39:33.349648+00:00", "symbol": "BTC-USD"}, {"trade_id": 848013592, "side": "sell", "size": "0.00083230", "price": "117373.07000000", "time": "2025-07-12T16:37:41.106862Z", "fetched_at": "2025-07-12T16:39:33.349648+00:00", "symbol": "BTC-USD"}, {"trade_id": 848013591, "side": "sell", "size": "0.00008434", "price": "117373.06000000", "time": "2025-07-12T16:37:40.127860Z", "fetched_at": "2025-07-12T16:39:33.349648+00:00", "symbol": "BTC-USD"}, {"trade_id": 848013590, "side": "buy", "size": "0.02522926", "price": "117363.75000000", "time": "2025-07-12T16:37:39.924189Z", "fetched_at": "2025-07-12T16:39:33.349648+00:00", "symbol": "BTC-USD"}, {"trade_id": 848013589, "side": "buy", "size": "0.01309203", "price": "117367.49000000", "time": "2025-07-12T16:37:39.924189Z", "fetched_at": "2025-07-12T16:39:33.349648+00:00", "symbol": "BTC-USD"}, {"trade_id": 848013588, "side": "buy", "size": "0.00426010", "price": "117367.50000000", "time": "2025-07-12T16:37:39.924189Z", "fetched_at": "2025-07-12T16:39:33.349648+00:00", "symbol": "BTC-USD"}, {"trade_id": 848013587, "side": "buy", "size": "0.00681481", "price": "117368.38000000", "time": "2025-07-12T16:37:39.924189Z", "fetched_at": "2025-07-12T16:39:33.349648+00:00", "symbol": "BTC-USD"}, {"trade_id": 848013586, "side": "buy", "size": "0.00009380", "price": "117373.06000000", "time": "2025-07-12T16:37:39.924189Z", "fetched_at": "2025-07-12T16:39:33.349648+00:00", "symbol": "BTC-USD"}, {"trade_id": 848013585, "side": "sell", "size": "0.00007270", "price": "117373.07000000", "time": "2025-07-12T16:37:39.683627Z", "fetched_at": "2025-07-12T16:39:33.349648+00:00", "symbol": "BTC-USD"}, {"trade_id": 848013584, "side": "buy", "size": "0.01030922", "price": "117367.65000000", "time": "2025-07-12T16:37:39.618587Z", "fetched_at": "2025-07-12T16:39:33.349648+00:00", "symbol": "BTC-USD"}, {"trade_id": 848013583, "side": "buy", "size": "0.00681481", "price": "117368.53000000", "time": "2025-07-12T16:37:39.618587Z", "fetched_at": "2025-07-12T16:39:33.349648+00:00", "symbol": "BTC-USD"}, {"trade_id": 848013582, "side": "buy", "size": "0.00009380", "price": "117373.06000000", "time": "2025-07-12T16:37:39.618587Z", "fetched_at": "2025-07-12T16:39:33.349648+00:00", "symbol": "BTC-USD"}, {"trade_id": 848013581, "side": "sell", "size": "0.00482536", "price": "117373.07000000", "time": "2025-07-12T16:37:39.616921Z", "fetched_at": "2025-07-12T16:39:33.349648+00:00", "symbol": "BTC-USD"}, {"trade_id": 848013580, "side": "sell", "size": "0.00281806", "price": "117373.07000000", "time": "2025-07-12T16:37:39.616921Z", "fetched_at": "2025-07-12T16:39:33.349648+00:00", "symbol": "BTC-USD"}, {"trade_id": 848013579, "side": "sell", "size": "0.00849124", "price": "117373.07000000", "time": "2025-07-12T16:37:39.616921Z", "fetched_at": "2025-07-12T16:39:33.349648+00:00", "symbol": "BTC-USD"}, {"trade_id": 848013578, "side": "sell", "size": "0.00002860", "price": "117373.07000000", "time": "2025-07-12T16:37:37.407918Z", "fetched_at": "2025-07-12T16:39:33.349648+00:00", "symbol": "BTC-USD"}, {"trade_id": 848013577, "side": "buy", "size": "0.00809139", "price": "117367.83000000", "time": "2025-07-12T16:37:37.322424Z", "fetched_at": "2025-07-12T16:39:33.349648+00:00", "symbol": "BTC-USD"}, {"trade_id": 848013576, "side": "buy", "size": "0.00681481", "price": "117368.58000000", "time": "2025-07-12T16:37:37.322424Z", "fetched_at": "2025-07-12T16:39:33.349648+00:00", "symbol": "BTC-USD"}, {"trade_id": 848013575, "side": "buy", "size": "0.00009380", "price": "117368.58000000", "time": "2025-07-12T16:37:37.322424Z", "fetched_at": "2025-07-12T16:39:33.349648+00:00", "symbol": "BTC-USD"}, {"trade_id": 848013574, "side": "buy", "size": "0.03500000", "price": "117368.58000000", "time": "2025-07-12T16:37:37.322424Z", "fetched_at": "2025-07-12T16:39:33.349648+00:00", "symbol": "BTC-USD"}, {"trade_id": 848013573, "side": "buy", "size": "0.00320087", "price": "117368.56000000", "time": "2025-07-12T16:37:36.534845Z", "fetched_at": "2025-07-12T16:39:33.349648+00:00", "symbol": "BTC-USD"}, {"trade_id": 848013572, "side": "buy", "size": "0.00009380", "price": "117368.58000000", "time": "2025-07-12T16:37:36.534845Z", "fetched_at": "2025-07-12T16:39:33.349648+00:00", "symbol": "BTC-USD"}, {"trade_id": 848013571, "side": "sell", "size": "0.00043000", "price": "117368.59000000", "time": "2025-07-12T16:37:36.042453Z", "fetched_at": "2025-07-12T16:39:33.349648+00:00", "symbol": "BTC-USD"}, {"trade_id": 848013570, "side": "sell", "size": "0.00080809", "price": "117373.12000000", "time": "2025-07-12T16:37:35.179910Z", "fetched_at": "2025-07-12T16:39:33.349648+00:00", "symbol": "BTC-USD"}, {"trade_id": 848013569, "side": "sell", "size": "0.00002530", "price": "117373.12000000", "time": "2025-07-12T16:37:35.056721Z", "fetched_at": "2025-07-12T16:39:33.349648+00:00", "symbol": "BTC-USD"}, {"trade_id": 848013568, "side": "buy", "size": "0.00009380", "price": "117376.24000000", "time": "2025-07-12T16:37:34.938687Z", "fetched_at": "2025-07-12T16:39:33.349648+00:00", "symbol": "BTC-USD"}, {"trade_id": 848013567, "side": "buy", "size": "0.03090797", "price": "117367.49000000", "time": "2025-07-12T16:37:33.959144Z", "fetched_at": "2025-07-12T16:39:33.349648+00:00", "symbol": "BTC-USD"}, {"trade_id": 848013566, "side": "buy", "size": "0.04745503", "price": "117367.50000000", "time": "2025-07-12T16:37:33.959144Z", "fetched_at": "2025-07-12T16:39:33.349648+00:00", "symbol": "BTC-USD"}, {"trade_id": 848013565, "side": "buy", "size": "0.01807980", "price": "117368.51000000", "time": "2025-07-12T16:37:33.959144Z", "fetched_at": "2025-07-12T16:39:33.349648+00:00", "symbol": "BTC-USD"}, {"trade_id": 848013564, "side": "buy", "size": "0.00681443", "price": "117370.41000000", "time": "2025-07-12T16:37:33.959144Z", "fetched_at": "2025-07-12T16:39:33.349648+00:00", "symbol": "BTC-USD"}, {"trade_id": 848013563, "side": "buy", "size": "0.00851988", "price": "117370.41000000", "time": "2025-07-12T16:37:33.959144Z", "fetched_at": "2025-07-12T16:39:33.349648+00:00", "symbol": "BTC-USD"}, {"trade_id": 848013562, "side": "buy", "size": "0.06585350", "price": "117370.99000000", "time": "2025-07-12T16:37:33.959144Z", "fetched_at": "2025-07-12T16:39:33.349648+00:00", "symbol": "BTC-USD"}, {"trade_id": 848013561, "side": "buy", "size": "0.02842285", "price": "117371.39000000", "time": "2025-07-12T16:37:33.959144Z", "fetched_at": "2025-07-12T16:39:33.349648+00:00", "symbol": "BTC-USD"}, {"trade_id": 848013560, "side": "buy", "size": "0.00006844", "price": "117371.40000000", "time": "2025-07-12T16:37:33.959144Z", "fetched_at": "2025-07-12T16:39:33.349648+00:00", "symbol": "BTC-USD"}, {"trade_id": 848013559, "side": "buy", "size": "0.00426006", "price": "117372.63000000", "time": "2025-07-12T16:37:33.959144Z", "fetched_at": "2025-07-12T16:39:33.349648+00:00", "symbol": "BTC-USD"}, {"trade_id": 848013558, "side": "buy", "size": "0.00045456", "price": "117376.19000000", "time": "2025-07-12T16:37:33.959144Z", "fetched_at": "2025-07-12T16:39:33.349648+00:00", "symbol": "BTC-USD"}, {"trade_id": 848013557, "side": "buy", "size": "0.02800000", "price": "117376.21000000", "time": "2025-07-12T16:37:33.959144Z", "fetched_at": "2025-07-12T16:39:33.349648+00:00", "symbol": "BTC-USD"}, {"trade_id": 848013556, "side": "sell", "size": "0.00164161", "price": "117383.68000000", "time": "2025-07-12T16:37:31.973137Z", "fetched_at": "2025-07-12T16:39:33.349648+00:00", "symbol": "BTC-USD"}, {"trade_id": 848013555, "side": "sell", "size": "0.00001376", "price": "117383.67000000", "time": "2025-07-12T16:37:31.973137Z", "fetched_at": "2025-07-12T16:39:33.349648+00:00", "symbol": "BTC-USD"}, {"trade_id": 848013554, "side": "sell", "size": "0.00000221", "price": "117377.63000000", "time": "2025-07-12T16:37:31.973137Z", "fetched_at": "2025-07-12T16:39:33.349648+00:00", "symbol": "BTC-USD"}, {"trade_id": 848013553, "side": "sell", "size": "0.00001033", "price": "117377.63000000", "time": "2025-07-12T16:37:31.973137Z", "fetched_at": "2025-07-12T16:39:33.349648+00:00", "symbol": "BTC-USD"}, {"trade_id": 848013552, "side": "sell", "size": "0.00000664", "price": "117377.63000000", "time": "2025-07-12T16:37:31.973137Z", "fetched_at": "2025-07-12T16:39:33.349648+00:00", "symbol": "BTC-USD"}, {"trade_id": 848013551, "side": "sell", "size": "0.00004018", "price": "117383.71000000", "time": "2025-07-12T16:37:31.569416Z", "fetched_at": "2025-07-12T16:39:33.349648+00:00", "symbol": "BTC-USD"}, {"trade_id": 848013550, "side": "sell", "size": "0.00001288", "price": "117383.70000000", "time": "2025-07-12T16:37:31.569416Z", "fetched_at": "2025-07-12T16:39:33.349648+00:00", "symbol": "BTC-USD"}, {"trade_id": 848013549, "side": "sell", "size": "0.00001034", "price": "117377.63000000", "time": "2025-07-12T16:37:31.569416Z", "fetched_at": "2025-07-12T16:39:33.349648+00:00", "symbol": "BTC-USD"}, {"trade_id": 848013548, "side": "sell", "size": "0.00000425", "price": "117377.63000000", "time": "2025-07-12T16:37:31.569416Z", "fetched_at": "2025-07-12T16:39:33.349648+00:00", "symbol": "BTC-USD"}, {"trade_id": 848013547, "side": "sell", "size": "0.00001458", "price": "117377.63000000", "time": "2025-07-12T16:37:31.569416Z", "fetched_at": "2025-07-12T16:39:33.349648+00:00", "symbol": "BTC-USD"}, {"trade_id": 848013546, "side": "sell", "size": "0.00700000", "price": "117377.62000000", "time": "2025-07-12T16:37:31.228665Z", "fetched_at": "2025-07-12T16:39:33.349648+00:00", "symbol": "BTC-USD"}, {"trade_id": 848013545, "side": "buy", "size": "0.00010644", "price": "117376.19000000", "time": "2025-07-12T16:37:31.180Z", "fetched_at": "2025-07-12T16:39:33.349648+00:00", "symbol": "BTC-USD"}, {"trade_id": 848013544, "side": "buy", "size": "0.00009379", "price": "117377.61000000", "time": "2025-07-12T16:37:31.180Z", "fetched_at": "2025-07-12T16:39:33.349648+00:00", "symbol": "BTC-USD"}, {"trade_id": 848013543, "side": "buy", "size": "0.00021043", "price": "117377.61000000", "time": "2025-07-12T16:37:31.180Z", "fetched_at": "2025-07-12T16:39:33.349648+00:00", "symbol": "BTC-USD"}, {"trade_id": 848013542, "side": "buy", "size": "0.04400000", "price": "117377.62000000", "time": "2025-07-12T16:37:30.033156Z", "fetched_at": "2025-07-12T16:39:33.349648+00:00", "symbol": "BTC-USD"}, {"trade_id": 848013541, "side": "buy", "size": "0.05707977", "price": "117377.62000000", "time": "2025-07-12T16:37:28.308286Z", "fetched_at": "2025-07-12T16:39:33.349648+00:00", "symbol": "BTC-USD"}, {"trade_id": 848013540, "side": "buy", "size": "0.00003814", "price": "117377.62000000", "time": "2025-07-12T16:37:28.308286Z", "fetched_at": "2025-07-12T16:39:33.349648+00:00", "symbol": "BTC-USD"}, {"trade_id": 848013539, "side": "buy", "size": "0.00259925", "price": "117377.62000000", "time": "2025-07-12T16:37:28.308286Z", "fetched_at": "2025-07-12T16:39:33.349648+00:00", "symbol": "BTC-USD"}, {"trade_id": 848013538, "side": "buy", "size": "0.00051100", "price": "117377.62000000", "time": "2025-07-12T16:37:28.308286Z", "fetched_at": "2025-07-12T16:39:33.349648+00:00", "symbol": "BTC-USD"}, {"trade_id": 848013537, "side": "sell", "size": "0.00021086", "price": "117377.63000000", "time": "2025-07-12T16:37:28.241422Z", "fetched_at": "2025-07-12T16:39:33.349648+00:00", "symbol": "BTC-USD"}, {"trade_id": 848013536, "side": "sell", "size": "0.00182129", "price": "117377.63000000", "time": "2025-07-12T16:37:27.996681Z", "fetched_at": "2025-07-12T16:39:33.349648+00:00", "symbol": "BTC-USD"}, {"trade_id": 848013535, "side": "sell", "size": "0.00034215", "price": "117377.63000000", "time": "2025-07-12T16:37:25.463312Z", "fetched_at": "2025-07-12T16:39:33.349648+00:00", "symbol": "BTC-USD"}, {"trade_id": 848013534, "side": "sell", "size": "0.00028280", "price": "117377.63000000", "time": "2025-07-12T16:37:24.873946Z", "fetched_at": "2025-07-12T16:39:33.349648+00:00", "symbol": "BTC-USD"}, {"trade_id": 848013533, "side": "sell", "size": "0.00389359", "price": "117377.63000000", "time": "2025-07-12T16:37:24.867277Z", "fetched_at": "2025-07-12T16:39:33.349648+00:00", "symbol": "BTC-USD"}, {"trade_id": 848013532, "side": "sell", "size": "0.00017094", "price": "117377.63000000", "time": "2025-07-12T16:37:22.529012Z", "fetched_at": "2025-07-12T16:39:33.349648+00:00", "symbol": "BTC-USD"}, {"trade_id": 848013531, "side": "sell", "size": "0.00001356", "price": "117377.61000000", "time": "2025-07-12T16:37:22.529012Z", "fetched_at": "2025-07-12T16:39:33.349648+00:00", "symbol": "BTC-USD"}, {"trade_id": 848013530, "side": "sell", "size": "0.00001033", "price": "117377.61000000", "time": "2025-07-12T16:37:22.529012Z", "fetched_at": "2025-07-12T16:39:33.349648+00:00", "symbol": "BTC-USD"}, {"trade_id": 848013529, "side": "sell", "size": "0.00000212", "price": "117377.61000000", "time": "2025-07-12T16:37:22.529012Z", "fetched_at": "2025-07-12T16:39:33.349648+00:00", "symbol": "BTC-USD"}, {"trade_id": 848013528, "side": "sell", "size": "0.00001003", "price": "117377.61000000", "time": "2025-07-12T16:37:22.529012Z", "fetched_at": "2025-07-12T16:39:33.349648+00:00", "symbol": "BTC-USD"}, {"trade_id": 848013527, "side": "buy", "size": "0.02995169", "price": "117377.60000000", "time": "2025-07-12T16:37:21.440358Z", "fetched_at": "2025-07-12T16:39:33.349648+00:00", "symbol": "BTC-USD"}, {"trade_id": 848013526, "side": "buy", "size": "0.00008102", "price": "117377.60000000", "time": "2025-07-12T16:37:21.233671Z", "fetched_at": "2025-07-12T16:39:33.349648+00:00", "symbol": "BTC-USD"}, {"trade_id": 848013525, "side": "buy", "size": "0.04700000", "price": "117377.60000000", "time": "2025-07-12T16:37:21.208663Z", "fetched_at": "2025-07-12T16:39:33.349648+00:00", "symbol": "BTC-USD"}, {"trade_id": 848013524, "side": "sell", "size": "0.00121203", "price": "117377.52000000", "time": "2025-07-12T16:37:18.859805Z", "fetched_at": "2025-07-12T16:39:33.349648+00:00", "symbol": "BTC-USD"}, {"trade_id": 848013523, "side": "sell", "size": "0.00000810", "price": "117377.52000000", "time": "2025-07-12T16:37:18.416009Z", "fetched_at": "2025-07-12T16:39:33.349648+00:00", "symbol": "BTC-USD"}, {"trade_id": 848013522, "side": "sell", "size": "0.00040398", "price": "117377.52000000", "time": "2025-07-12T16:37:17.127860Z", "fetched_at": "2025-07-12T16:39:33.349648+00:00", "symbol": "BTC-USD"}, {"trade_id": 848013521, "side": "sell", "size": "0.00424887", "price": "117377.52000000", "time": "2025-07-12T16:37:16.895875Z", "fetched_at": "2025-07-12T16:39:33.349648+00:00", "symbol": "BTC-USD"}, {"trade_id": 848013520, "side": "sell", "size": "0.00074698", "price": "117377.52000000", "time": "2025-07-12T16:37:15.656265Z", "fetched_at": "2025-07-12T16:39:33.349648+00:00", "symbol": "BTC-USD"}, {"trade_id": 848013519, "side": "sell", "size": "0.00008434", "price": "117377.52000000", "time": "2025-07-12T16:37:15.647396Z", "fetched_at": "2025-07-12T16:39:33.349648+00:00", "symbol": "BTC-USD"}, {"trade_id": 848013518, "side": "sell", "size": "0.00051749", "price": "117377.52000000", "time": "2025-07-12T16:37:15.598182Z", "fetched_at": "2025-07-12T16:39:33.349648+00:00", "symbol": "BTC-USD"}, {"trade_id": 848013517, "side": "sell", "size": "0.00035954", "price": "117377.52000000", "time": "2025-07-12T16:37:15.246971Z", "fetched_at": "2025-07-12T16:39:33.349648+00:00", "symbol": "BTC-USD"}, {"trade_id": 848013516, "side": "sell", "size": "0.00016556", "price": "117377.52000000", "time": "2025-07-12T16:37:15.163293Z", "fetched_at": "2025-07-12T16:39:33.349648+00:00", "symbol": "BTC-USD"}, {"trade_id": 848013515, "side": "sell", "size": "0.00196707", "price": "117377.51000000", "time": "2025-07-12T16:37:14.909457Z", "fetched_at": "2025-07-12T16:39:33.349648+00:00", "symbol": "BTC-USD"}, {"trade_id": 848013514, "side": "sell", "size": "0.00001034", "price": "117377.50000000", "time": "2025-07-12T16:37:14.909457Z", "fetched_at": "2025-07-12T16:39:33.349648+00:00", "symbol": "BTC-USD"}, {"trade_id": 848013513, "side": "buy", "size": "0.05043900", "price": "117376.19000000", "time": "2025-07-12T16:37:13.689215Z", "fetched_at": "2025-07-12T16:39:33.349648+00:00", "symbol": "BTC-USD"}, {"trade_id": 848013512, "side": "buy", "size": "0.00101504", "price": "117377.49000000", "time": "2025-07-12T16:37:13.689215Z", "fetched_at": "2025-07-12T16:39:33.349648+00:00", "symbol": "BTC-USD"}, {"trade_id": 848013511, "side": "buy", "size": "0.00009379", "price": "117377.60000000", "time": "2025-07-12T16:37:13.689215Z", "fetched_at": "2025-07-12T16:39:33.349648+00:00", "symbol": "BTC-USD"}, {"trade_id": 848013510, "side": "buy", "size": "0.00000900", "price": "117377.60000000", "time": "2025-07-12T16:37:13.689215Z", "fetched_at": "2025-07-12T16:39:33.349648+00:00", "symbol": "BTC-USD"}, {"trade_id": 848013509, "side": "buy", "size": "0.00001000", "price": "117377.60000000", "time": "2025-07-12T16:37:13.689215Z", "fetched_at": "2025-07-12T16:39:33.349648+00:00", "symbol": "BTC-USD"}, {"trade_id": 848013508, "side": "buy", "size": "0.00001000", "price": "117377.60000000", "time": "2025-07-12T16:37:13.689215Z", "fetched_at": "2025-07-12T16:39:33.349648+00:00", "symbol": "BTC-USD"}, {"trade_id": 848013507, "side": "buy", "size": "0.00642317", "price": "117377.60000000", "time": "2025-07-12T16:37:13.689215Z", "fetched_at": "2025-07-12T16:39:33.349648+00:00", "symbol": "BTC-USD"}, {"trade_id": 848013506, "side": "sell", "size": "0.00000008", "price": "117377.61000000", "time": "2025-07-12T16:37:12.145771Z", "fetched_at": "2025-07-12T16:39:33.349648+00:00", "symbol": "BTC-USD"}, {"trade_id": 848013505, "side": "sell", "size": "0.00000153", "price": "117377.61000000", "time": "2025-07-12T16:37:12.129488Z", "fetched_at": "2025-07-12T16:39:33.349648+00:00", "symbol": "BTC-USD"}, {"trade_id": 848013504, "side": "sell", "size": "0.00379554", "price": "117377.61000000", "time": "2025-07-12T16:37:12.110340Z", "fetched_at": "2025-07-12T16:39:33.349648+00:00", "symbol": "BTC-USD"}, {"trade_id": 848013503, "side": "sell", "size": "0.00018218", "price": "117377.61000000", "time": "2025-07-12T16:37:11.967408Z", "fetched_at": "2025-07-12T16:39:33.349648+00:00", "symbol": "BTC-USD"}, {"trade_id": 848013502, "side": "buy", "size": "0.00057683", "price": "117377.60000000", "time": "2025-07-12T16:37:10.880093Z", "fetched_at": "2025-07-12T16:39:33.349648+00:00", "symbol": "BTC-USD"}, {"trade_id": 848013501, "side": "sell", "size": "0.00021065", "price": "117377.61000000", "time": "2025-07-12T16:37:10.420425Z", "fetched_at": "2025-07-12T16:39:33.349648+00:00", "symbol": "BTC-USD"}, {"trade_id": 848013500, "side": "sell", "size": "0.00326006", "price": "117377.61000000", "time": "2025-07-12T16:37:10.420425Z", "fetched_at": "2025-07-12T16:39:33.349648+00:00", "symbol": "BTC-USD"}, {"trade_id": 848013499, "side": "sell", "size": "0.00001415", "price": "117377.61000000", "time": "2025-07-12T16:37:10.420425Z", "fetched_at": "2025-07-12T16:39:33.349648+00:00", "symbol": "BTC-USD"}, {"trade_id": 848013498, "side": "buy", "size": "0.02700000", "price": "117377.60000000", "time": "2025-07-12T16:37:10.143772Z", "fetched_at": "2025-07-12T16:39:33.349648+00:00", "symbol": "BTC-USD"}, {"trade_id": 848013497, "side": "sell", "size": "0.00084338", "price": "117377.61000000", "time": "2025-07-12T16:37:10.127859Z", "fetched_at": "2025-07-12T16:39:33.349648+00:00", "symbol": "BTC-USD"}, {"trade_id": 848013496, "side": "sell", "size": "0.00498562", "price": "117377.61000000", "time": "2025-07-12T16:37:10.122825Z", "fetched_at": "2025-07-12T16:39:33.349648+00:00", "symbol": "BTC-USD"}, {"trade_id": 848013495, "side": "sell", "size": "0.00122017", "price": "117377.61000000", "time": "2025-07-12T16:37:09.876877Z", "fetched_at": "2025-07-12T16:39:33.349648+00:00", "symbol": "BTC-USD"}, {"trade_id": 848013494, "side": "sell", "size": "0.00080809", "price": "117377.61000000", "time": "2025-07-12T16:37:09.556377Z", "fetched_at": "2025-07-12T16:39:33.349648+00:00", "symbol": "BTC-USD"}, {"trade_id": 848013493, "side": "buy", "size": "0.00507517", "price": "117383.90000000", "time": "2025-07-12T16:37:08.888162Z", "fetched_at": "2025-07-12T16:39:33.349648+00:00", "symbol": "BTC-USD"}, {"trade_id": 848013492, "side": "buy", "size": "0.00001100", "price": "117383.99000000", "time": "2025-07-12T16:37:08.888162Z", "fetched_at": "2025-07-12T16:39:33.349648+00:00", "symbol": "BTC-USD"}, {"trade_id": 848013491, "side": "buy", "size": "0.00000900", "price": "117383.99000000", "time": "2025-07-12T16:37:08.888162Z", "fetched_at": "2025-07-12T16:39:33.349648+00:00", "symbol": "BTC-USD"}, {"trade_id": 848013490, "side": "buy", "size": "0.00013279", "price": "117383.99000000", "time": "2025-07-12T16:37:08.888162Z", "fetched_at": "2025-07-12T16:39:33.349648+00:00", "symbol": "BTC-USD"}, {"trade_id": 848013489, "side": "sell", "size": "0.00071324", "price": "117384.00000000", "time": "2025-07-12T16:37:08.646297Z", "fetched_at": "2025-07-12T16:39:33.349648+00:00", "symbol": "BTC-USD"}, {"trade_id": 848013488, "side": "sell", "size": "0.00001100", "price": "117384.00000000", "time": "2025-07-12T16:37:08.646297Z", "fetched_at": "2025-07-12T16:39:33.349648+00:00", "symbol": "BTC-USD"}, {"trade_id": 848013487, "side": "sell", "size": "0.00000238", "price": "117384.00000000", "time": "2025-07-12T16:37:08.646297Z", "fetched_at": "2025-07-12T16:39:33.349648+00:00", "symbol": "BTC-USD"}, {"trade_id": 848013486, "side": "buy", "size": "0.00018721", "price": "117383.99000000", "time": "2025-07-12T16:37:07.812918Z", "fetched_at": "2025-07-12T16:39:33.349648+00:00", "symbol": "BTC-USD"}, {"trade_id": 848013485, "side": "sell", "size": "0.00213818", "price": "117384.00000000", "time": "2025-07-12T16:37:07.550409Z", "fetched_at": "2025-07-12T16:39:33.349648+00:00", "symbol": "BTC-USD"}, {"trade_id": 848013484, "side": "sell", "size": "0.00015131", "price": "117384.02000000", "time": "2025-07-12T16:37:06.569453Z", "fetched_at": "2025-07-12T16:39:33.349648+00:00", "symbol": "BTC-USD"}, {"trade_id": 848013483, "side": "sell", "size": "0.00001029", "price": "117384.00000000", "time": "2025-07-12T16:37:06.569453Z", "fetched_at": "2025-07-12T16:39:33.349648+00:00", "symbol": "BTC-USD"}, {"trade_id": 848013482, "side": "sell", "size": "0.00016573", "price": "117384.02000000", "time": "2025-07-12T16:37:06.562885Z", "fetched_at": "2025-07-12T16:39:33.349648+00:00", "symbol": "BTC-USD"}, {"trade_id": 848013481, "side": "sell", "size": "0.00000975", "price": "117384.00000000", "time": "2025-07-12T16:37:06.562885Z", "fetched_at": "2025-07-12T16:39:33.349648+00:00", "symbol": "BTC-USD"}, {"trade_id": 848013480, "side": "sell", "size": "0.00077920", "price": "117384.02000000", "time": "2025-07-12T16:37:06.454539Z", "fetched_at": "2025-07-12T16:39:33.349648+00:00", "symbol": "BTC-USD"}, {"trade_id": 848013479, "side": "sell", "size": "0.00000975", "price": "117384.00000000", "time": "2025-07-12T16:37:06.454539Z", "fetched_at": "2025-07-12T16:39:33.349648+00:00", "symbol": "BTC-USD"}, {"trade_id": 848013478, "side": "sell", "size": "0.00001645", "price": "117384.02000000", "time": "2025-07-12T16:37:06.153582Z", "fetched_at": "2025-07-12T16:39:33.349648+00:00", "symbol": "BTC-USD"}, {"trade_id": 848013477, "side": "buy", "size": "0.04450794", "price": "117384.01000000", "time": "2025-07-12T16:37:05.853547Z", "fetched_at": "2025-07-12T16:39:33.349648+00:00", "symbol": "BTC-USD"}, {"trade_id": 848013476, "side": "sell", "size": "0.00012651", "price": "117384.02000000", "time": "2025-07-12T16:37:05.341156Z", "fetched_at": "2025-07-12T16:39:33.349648+00:00", "symbol": "BTC-USD"}, {"trade_id": 848013475, "side": "sell", "size": "0.00001864", "price": "117384.02000000", "time": "2025-07-12T16:37:04.796483Z", "fetched_at": "2025-07-12T16:39:33.349648+00:00", "symbol": "BTC-USD"}, {"trade_id": 848013474, "side": "sell", "size": "0.00827984", "price": "117384.02000000", "time": "2025-07-12T16:37:04.293511Z", "fetched_at": "2025-07-12T16:39:33.349648+00:00", "symbol": "BTC-USD"}, {"trade_id": 848013473, "side": "sell", "size": "0.00161538", "price": "117384.01000000", "time": "2025-07-12T16:37:03.719335Z", "fetched_at": "2025-07-12T16:39:33.349648+00:00", "symbol": "BTC-USD"}, {"trade_id": 848013472, "side": "sell", "size": "0.00000652", "price": "117384.00000000", "time": "2025-07-12T16:37:03.719335Z", "fetched_at": "2025-07-12T16:39:33.349648+00:00", "symbol": "BTC-USD"}, {"trade_id": 848013471, "side": "sell", "size": "0.00000042", "price": "117384.00000000", "time": "2025-07-12T16:37:03.719335Z", "fetched_at": "2025-07-12T16:39:33.349648+00:00", "symbol": "BTC-USD"}, {"trade_id": 848013470, "side": "sell", "size": "0.00000187", "price": "117384.00000000", "time": "2025-07-12T16:37:03.719335Z", "fetched_at": "2025-07-12T16:39:33.349648+00:00", "symbol": "BTC-USD"}, {"trade_id": 848013469, "side": "sell", "size": "0.08157417", "price": "117388.37000000", "time": "2025-07-12T16:37:02.064236Z", "fetched_at": "2025-07-12T16:39:33.349648+00:00", "symbol": "BTC-USD"}, {"trade_id": 848013468, "side": "sell", "size": "0.01770823", "price": "117384.02000000", "time": "2025-07-12T16:37:02.064236Z", "fetched_at": "2025-07-12T16:39:33.349648+00:00", "symbol": "BTC-USD"}, {"trade_id": 848013467, "side": "sell", "size": "0.00002586", "price": "117384.00000000", "time": "2025-07-12T16:37:02.064236Z", "fetched_at": "2025-07-12T16:39:33.349648+00:00", "symbol": "BTC-USD"}, {"trade_id": 848013466, "side": "sell", "size": "0.00000477", "price": "117384.00000000", "time": "2025-07-12T16:37:02.064236Z", "fetched_at": "2025-07-12T16:39:33.349648+00:00", "symbol": "BTC-USD"}, {"trade_id": 848013465, "side": "sell", "size": "0.00002038", "price": "117384.00000000", "time": "2025-07-12T16:37:02.064236Z", "fetched_at": "2025-07-12T16:39:33.349648+00:00", "symbol": "BTC-USD"}, {"trade_id": 848013464, "side": "sell", "size": "0.00001058", "price": "117384.00000000", "time": "2025-07-12T16:37:02.064236Z", "fetched_at": "2025-07-12T16:39:33.349648+00:00", "symbol": "BTC-USD"}, {"trade_id": 848013463, "side": "sell", "size": "0.00036918", "price": "117384.02000000", "time": "2025-07-12T16:37:02.017109Z", "fetched_at": "2025-07-12T16:39:33.349648+00:00", "symbol": "BTC-USD"}, {"trade_id": 848013462, "side": "sell", "size": "0.00001058", "price": "117384.00000000", "time": "2025-07-12T16:37:02.017109Z", "fetched_at": "2025-07-12T16:39:33.349648+00:00", "symbol": "BTC-USD"}, {"trade_id": 848013461, "side": "sell", "size": "0.18034512", "price": "117388.38000000", "time": "2025-07-12T16:37:02.008929Z", "fetched_at": "2025-07-12T16:39:33.349648+00:00", "symbol": "BTC-USD"}, {"trade_id": 848013460, "side": "sell", "size": "0.00000161", "price": "117384.13000000", "time": "2025-07-12T16:37:02.008929Z", "fetched_at": "2025-07-12T16:39:33.349648+00:00", "symbol": "BTC-USD"}, {"trade_id": 848013459, "side": "sell", "size": "0.00000514", "price": "117384.13000000", "time": "2025-07-12T16:37:02.008929Z", "fetched_at": "2025-07-12T16:39:33.349648+00:00", "symbol": "BTC-USD"}, {"trade_id": 848013458, "side": "sell", "size": "0.00000618", "price": "117384.13000000", "time": "2025-07-12T16:37:02.008929Z", "fetched_at": "2025-07-12T16:39:33.349648+00:00", "symbol": "BTC-USD"}, {"trade_id": 848013457, "side": "sell", "size": "0.01807741", "price": "117384.02000000", "time": "2025-07-12T16:37:02.008929Z", "fetched_at": "2025-07-12T16:39:33.349648+00:00", "symbol": "BTC-USD"}, {"trade_id": 848013456, "side": "sell", "size": "0.00851904", "price": "117384.01000000", "time": "2025-07-12T16:37:02.008929Z", "fetched_at": "2025-07-12T16:39:33.349648+00:00", "symbol": "BTC-USD"}, {"trade_id": 848013455, "side": "sell", "size": "0.00001058", "price": "117384.00000000", "time": "2025-07-12T16:37:02.008929Z", "fetched_at": "2025-07-12T16:39:33.349648+00:00", "symbol": "BTC-USD"}, {"trade_id": 848013454, "side": "sell", "size": "0.01733396", "price": "117384.02000000", "time": "2025-07-12T16:37:01.258022Z", "fetched_at": "2025-07-12T16:39:33.349648+00:00", "symbol": "BTC-USD"}, {"trade_id": 848013453, "side": "sell", "size": "0.00001148", "price": "117384.00000000", "time": "2025-07-12T16:37:01.258022Z", "fetched_at": "2025-07-12T16:39:33.349648+00:00", "symbol": "BTC-USD"}, {"trade_id": 848013452, "side": "buy", "size": "0.00058200", "price": "117383.99000000", "time": "2025-07-12T16:37:01.117795Z", "fetched_at": "2025-07-12T16:39:33.349648+00:00", "symbol": "BTC-USD"}, {"trade_id": 848013451, "side": "sell", "size": "0.00022629", "price": "117377.58000000", "time": "2025-07-12T16:37:00.325076Z", "fetched_at": "2025-07-12T16:39:33.349648+00:00", "symbol": "BTC-USD"}, {"trade_id": 848013450, "side": "buy", "size": "0.01420686", "price": "117377.57000000", "time": "2025-07-12T16:36:58.461034Z", "fetched_at": "2025-07-12T16:39:33.349648+00:00", "symbol": "BTC-USD"}, {"trade_id": 848013449, "side": "buy", "size": "0.00009379", "price": "117377.57000000", "time": "2025-07-12T16:36:58.461034Z", "fetched_at": "2025-07-12T16:39:33.349648+00:00", "symbol": "BTC-USD"}, {"trade_id": 848013448, "side": "buy", "size": "0.00193648", "price": "117377.57000000", "time": "2025-07-12T16:36:58.461034Z", "fetched_at": "2025-07-12T16:39:33.349648+00:00", "symbol": "BTC-USD"}, {"trade_id": 848013447, "side": "buy", "size": "0.00009100", "price": "117377.57000000", "time": "2025-07-12T16:36:58.461034Z", "fetched_at": "2025-07-12T16:39:33.349648+00:00", "symbol": "BTC-USD"}, {"trade_id": 848013446, "side": "buy", "size": "0.00002621", "price": "117377.57000000", "time": "2025-07-12T16:36:58.461034Z", "fetched_at": "2025-07-12T16:39:33.349648+00:00", "symbol": "BTC-USD"}, {"trade_id": 848013445, "side": "buy", "size": "0.00000900", "price": "117377.57000000", "time": "2025-07-12T16:36:58.461034Z", "fetched_at": "2025-07-12T16:39:33.349648+00:00", "symbol": "BTC-USD"}, {"trade_id": 848013444, "side": "buy", "size": "0.00084608", "price": "117377.57000000", "time": "2025-07-12T16:36:58.461034Z", "fetched_at": "2025-07-12T16:39:33.349648+00:00", "symbol": "BTC-USD"}, {"trade_id": 848013443, "side": "sell", "size": "0.00012651", "price": "117377.58000000", "time": "2025-07-12T16:36:58.391518Z", "fetched_at": "2025-07-12T16:39:33.349648+00:00", "symbol": "BTC-USD"}, {"trade_id": 848013442, "side": "sell", "size": "0.00028755", "price": "117377.58000000", "time": "2025-07-12T16:36:57.739593Z", "fetched_at": "2025-07-12T16:39:33.349648+00:00", "symbol": "BTC-USD"}, {"trade_id": 848013441, "side": "sell", "size": "0.00004007", "price": "117377.58000000", "time": "2025-07-12T16:36:57.627939Z", "fetched_at": "2025-07-12T16:39:33.349648+00:00", "symbol": "BTC-USD"}, {"trade_id": 848013440, "side": "sell", "size": "0.00094549", "price": "117377.58000000", "time": "2025-07-12T16:36:57.286820Z", "fetched_at": "2025-07-12T16:39:33.349648+00:00", "symbol": "BTC-USD"}