[{"trade_id": 848008009, "side": "buy", "size": "0.00085271", "price": "117274.20000000", "time": "2025-07-12T16:10:47.485543Z", "fetched_at": "2025-07-12T16:10:50.186300+00:00", "symbol": "BTC-USD"}, {"trade_id": 848008008, "side": "sell", "size": "0.00072888", "price": "117276.32000000", "time": "2025-07-12T16:10:46.965614Z", "fetched_at": "2025-07-12T16:10:50.186300+00:00", "symbol": "BTC-USD"}, {"trade_id": 848008007, "side": "sell", "size": "0.00002112", "price": "117272.74000000", "time": "2025-07-12T16:10:46.965614Z", "fetched_at": "2025-07-12T16:10:50.186300+00:00", "symbol": "BTC-USD"}, {"trade_id": 848008006, "side": "sell", "size": "0.00240887", "price": "117276.40000000", "time": "2025-07-12T16:10:46.664177Z", "fetched_at": "2025-07-12T16:10:50.186300+00:00", "symbol": "BTC-USD"}, {"trade_id": 848008005, "side": "sell", "size": "0.00001764", "price": "117272.74000000", "time": "2025-07-12T16:10:46.664177Z", "fetched_at": "2025-07-12T16:10:50.186300+00:00", "symbol": "BTC-USD"}, {"trade_id": 848008004, "side": "sell", "size": "0.00008236", "price": "117275.27000000", "time": "2025-07-12T16:10:46.504536Z", "fetched_at": "2025-07-12T16:10:50.186300+00:00", "symbol": "BTC-USD"}, {"trade_id": 848008003, "side": "sell", "size": "0.00001764", "price": "117272.74000000", "time": "2025-07-12T16:10:46.504536Z", "fetched_at": "2025-07-12T16:10:50.186300+00:00", "symbol": "BTC-USD"}, {"trade_id": 848008002, "side": "sell", "size": "0.00232000", "price": "117272.69000000", "time": "2025-07-12T16:10:45.236942Z", "fetched_at": "2025-07-12T16:10:50.186300+00:00", "symbol": "BTC-USD"}, {"trade_id": 848008001, "side": "sell", "size": "0.00008839", "price": "117272.77000000", "time": "2025-07-12T16:10:45.072892Z", "fetched_at": "2025-07-12T16:10:50.186300+00:00", "symbol": "BTC-USD"}, {"trade_id": 848008000, "side": "sell", "size": "0.00016175", "price": "117273.72000000", "time": "2025-07-12T16:10:44.906156Z", "fetched_at": "2025-07-12T16:10:50.186300+00:00", "symbol": "BTC-USD"}, {"trade_id": 848007999, "side": "sell", "size": "0.00039135", "price": "117276.19000000", "time": "2025-07-12T16:10:44.605683Z", "fetched_at": "2025-07-12T16:10:50.186300+00:00", "symbol": "BTC-USD"}, {"trade_id": 848007998, "side": "sell", "size": "0.00002299", "price": "117276.18000000", "time": "2025-07-12T16:10:44.605683Z", "fetched_at": "2025-07-12T16:10:50.186300+00:00", "symbol": "BTC-USD"}, {"trade_id": 848007997, "side": "buy", "size": "0.01707414", "price": "117274.42000000", "time": "2025-07-12T16:10:43.846062Z", "fetched_at": "2025-07-12T16:10:50.186300+00:00", "symbol": "BTC-USD"}, {"trade_id": 848007996, "side": "buy", "size": "0.03221082", "price": "117274.42000000", "time": "2025-07-12T16:10:43.846062Z", "fetched_at": "2025-07-12T16:10:50.186300+00:00", "symbol": "BTC-USD"}, {"trade_id": 848007995, "side": "sell", "size": "0.00122616", "price": "117277.29000000", "time": "2025-07-12T16:10:42.826544Z", "fetched_at": "2025-07-12T16:10:50.186300+00:00", "symbol": "BTC-USD"}, {"trade_id": 848007994, "side": "sell", "size": "0.00002100", "price": "117277.28000000", "time": "2025-07-12T16:10:42.826544Z", "fetched_at": "2025-07-12T16:10:50.186300+00:00", "symbol": "BTC-USD"}, {"trade_id": 848007993, "side": "sell", "size": "0.00150014", "price": "117277.92000000", "time": "2025-07-12T16:10:42.514490Z", "fetched_at": "2025-07-12T16:10:50.186300+00:00", "symbol": "BTC-USD"}, {"trade_id": 848007992, "side": "buy", "size": "0.00775134", "price": "117277.00000000", "time": "2025-07-12T16:10:42.275038Z", "fetched_at": "2025-07-12T16:10:50.186300+00:00", "symbol": "BTC-USD"}, {"trade_id": 848007991, "side": "sell", "size": "0.00000844", "price": "117274.43000000", "time": "2025-07-12T16:10:41.235168Z", "fetched_at": "2025-07-12T16:10:50.186300+00:00", "symbol": "BTC-USD"}, {"trade_id": 848007990, "side": "buy", "size": "0.00002558", "price": "117274.42000000", "time": "2025-07-12T16:10:41.106786Z", "fetched_at": "2025-07-12T16:10:50.186300+00:00", "symbol": "BTC-USD"}, {"trade_id": 848007989, "side": "buy", "size": "0.00038566", "price": "117276.04000000", "time": "2025-07-12T16:10:39.835812Z", "fetched_at": "2025-07-12T16:10:50.186300+00:00", "symbol": "BTC-USD"}, {"trade_id": 848007988, "side": "buy", "size": "0.00000008", "price": "117276.60000000", "time": "2025-07-12T16:10:39.121725Z", "fetched_at": "2025-07-12T16:10:50.186300+00:00", "symbol": "BTC-USD"}, {"trade_id": 848007987, "side": "sell", "size": "0.00242296", "price": "117274.38000000", "time": "2025-07-12T16:10:38.056030Z", "fetched_at": "2025-07-12T16:10:50.186300+00:00", "symbol": "BTC-USD"}, {"trade_id": 848007986, "side": "sell", "size": "0.00004951", "price": "117272.34000000", "time": "2025-07-12T16:10:38.056030Z", "fetched_at": "2025-07-12T16:10:50.186300+00:00", "symbol": "BTC-USD"}, {"trade_id": 848007985, "side": "sell", "size": "0.08286718", "price": "117272.34000000", "time": "2025-07-12T16:10:37.975804Z", "fetched_at": "2025-07-12T16:10:50.186300+00:00", "symbol": "BTC-USD"}, {"trade_id": 848007984, "side": "buy", "size": "0.00526996", "price": "117272.33000000", "time": "2025-07-12T16:10:37.448071Z", "fetched_at": "2025-07-12T16:10:50.186300+00:00", "symbol": "BTC-USD"}, {"trade_id": 848007983, "side": "sell", "size": "0.00103000", "price": "117273.39000000", "time": "2025-07-12T16:10:37.172048Z", "fetched_at": "2025-07-12T16:10:50.186300+00:00", "symbol": "BTC-USD"}, {"trade_id": 848007982, "side": "sell", "size": "0.00017000", "price": "117275.15000000", "time": "2025-07-12T16:10:35.951352Z", "fetched_at": "2025-07-12T16:10:50.186300+00:00", "symbol": "BTC-USD"}, {"trade_id": 848007981, "side": "sell", "size": "0.00249206", "price": "117275.58000000", "time": "2025-07-12T16:10:35.861314Z", "fetched_at": "2025-07-12T16:10:50.186300+00:00", "symbol": "BTC-USD"}, {"trade_id": 848007980, "side": "sell", "size": "0.00004028", "price": "117274.71000000", "time": "2025-07-12T16:10:35.861314Z", "fetched_at": "2025-07-12T16:10:50.186300+00:00", "symbol": "BTC-USD"}, {"trade_id": 848007979, "side": "sell", "size": "0.00014187", "price": "117275.58000000", "time": "2025-07-12T16:10:35.818752Z", "fetched_at": "2025-07-12T16:10:50.186300+00:00", "symbol": "BTC-USD"}, {"trade_id": 848007978, "side": "sell", "size": "0.00004028", "price": "117274.71000000", "time": "2025-07-12T16:10:35.818752Z", "fetched_at": "2025-07-12T16:10:50.186300+00:00", "symbol": "BTC-USD"}, {"trade_id": 848007977, "side": "buy", "size": "0.00006846", "price": "117271.65000000", "time": "2025-07-12T16:10:34.985187Z", "fetched_at": "2025-07-12T16:10:50.186300+00:00", "symbol": "BTC-USD"}, {"trade_id": 848007976, "side": "buy", "size": "0.00002803", "price": "117272.25000000", "time": "2025-07-12T16:10:34.985187Z", "fetched_at": "2025-07-12T16:10:50.186300+00:00", "symbol": "BTC-USD"}, {"trade_id": 848007975, "side": "sell", "size": "0.01706125", "price": "117280.90000000", "time": "2025-07-12T16:10:34.582603Z", "fetched_at": "2025-07-12T16:10:50.186300+00:00", "symbol": "BTC-USD"}, {"trade_id": 848007974, "side": "sell", "size": "0.01000000", "price": "117280.63000000", "time": "2025-07-12T16:10:34.582603Z", "fetched_at": "2025-07-12T16:10:50.186300+00:00", "symbol": "BTC-USD"}, {"trade_id": 848007973, "side": "sell", "size": "0.00852682", "price": "117276.95000000", "time": "2025-07-12T16:10:34.582603Z", "fetched_at": "2025-07-12T16:10:50.186300+00:00", "symbol": "BTC-USD"}, {"trade_id": 848007972, "side": "sell", "size": "0.03132757", "price": "117276.93000000", "time": "2025-07-12T16:10:34.582603Z", "fetched_at": "2025-07-12T16:10:50.186300+00:00", "symbol": "BTC-USD"}, {"trade_id": 848007971, "side": "sell", "size": "0.00004515", "price": "117273.24000000", "time": "2025-07-12T16:10:34.582603Z", "fetched_at": "2025-07-12T16:10:50.186300+00:00", "symbol": "BTC-USD"}, {"trade_id": 848007970, "side": "sell", "size": "0.01809456", "price": "117272.76000000", "time": "2025-07-12T16:10:34.582603Z", "fetched_at": "2025-07-12T16:10:50.186300+00:00", "symbol": "BTC-USD"}, {"trade_id": 848007969, "side": "sell", "size": "0.00016597", "price": "117275.12000000", "time": "2025-07-12T16:10:33.800950Z", "fetched_at": "2025-07-12T16:10:50.186300+00:00", "symbol": "BTC-USD"}, {"trade_id": 848007968, "side": "sell", "size": "0.00004506", "price": "117275.11000000", "time": "2025-07-12T16:10:33.800950Z", "fetched_at": "2025-07-12T16:10:50.186300+00:00", "symbol": "BTC-USD"}, {"trade_id": 848007967, "side": "sell", "size": "0.00036512", "price": "117275.42000000", "time": "2025-07-12T16:10:32.804132Z", "fetched_at": "2025-07-12T16:10:50.186300+00:00", "symbol": "BTC-USD"}, {"trade_id": 848007966, "side": "sell", "size": "0.00004916", "price": "117270.18000000", "time": "2025-07-12T16:10:32.804132Z", "fetched_at": "2025-07-12T16:10:50.186300+00:00", "symbol": "BTC-USD"}, {"trade_id": 848007965, "side": "buy", "size": "0.00144352", "price": "117269.46000000", "time": "2025-07-12T16:10:31.987915Z", "fetched_at": "2025-07-12T16:10:50.186300+00:00", "symbol": "BTC-USD"}, {"trade_id": 848007964, "side": "sell", "size": "0.00042202", "price": "117269.47000000", "time": "2025-07-12T16:10:31.972097Z", "fetched_at": "2025-07-12T16:10:50.186300+00:00", "symbol": "BTC-USD"}, {"trade_id": 848007963, "side": "sell", "size": "0.00015120", "price": "117269.47000000", "time": "2025-07-12T16:10:31.614152Z", "fetched_at": "2025-07-12T16:10:50.186300+00:00", "symbol": "BTC-USD"}, {"trade_id": 848007962, "side": "sell", "size": "0.00003605", "price": "117269.47000000", "time": "2025-07-12T16:10:31.472347Z", "fetched_at": "2025-07-12T16:10:50.186300+00:00", "symbol": "BTC-USD"}, {"trade_id": 848007961, "side": "buy", "size": "0.00012095", "price": "117269.44000000", "time": "2025-07-12T16:10:28.378104Z", "fetched_at": "2025-07-12T16:10:50.186300+00:00", "symbol": "BTC-USD"}, {"trade_id": 848007960, "side": "buy", "size": "0.00000358", "price": "117269.47000000", "time": "2025-07-12T16:10:28.378104Z", "fetched_at": "2025-07-12T16:10:50.186300+00:00", "symbol": "BTC-USD"}, {"trade_id": 848007959, "side": "sell", "size": "0.00000668", "price": "117273.98000000", "time": "2025-07-12T16:10:28.113916Z", "fetched_at": "2025-07-12T16:10:50.186300+00:00", "symbol": "BTC-USD"}, {"trade_id": 848007958, "side": "sell", "size": "0.00008229", "price": "117270.48000000", "time": "2025-07-12T16:10:27.258828Z", "fetched_at": "2025-07-12T16:10:50.186300+00:00", "symbol": "BTC-USD"}, {"trade_id": 848007957, "side": "sell", "size": "0.00284463", "price": "117269.95000000", "time": "2025-07-12T16:10:26.600464Z", "fetched_at": "2025-07-12T16:10:50.186300+00:00", "symbol": "BTC-USD"}, {"trade_id": 848007956, "side": "buy", "size": "0.05100000", "price": "117277.41000000", "time": "2025-07-12T16:10:25.300204Z", "fetched_at": "2025-07-12T16:10:50.186300+00:00", "symbol": "BTC-USD"}, {"trade_id": 848007955, "side": "buy", "size": "0.00338292", "price": "117282.92000000", "time": "2025-07-12T16:10:25.183080Z", "fetched_at": "2025-07-12T16:10:50.186300+00:00", "symbol": "BTC-USD"}, {"trade_id": 848007954, "side": "buy", "size": "0.00000349", "price": "117282.92000000", "time": "2025-07-12T16:10:25.183080Z", "fetched_at": "2025-07-12T16:10:50.186300+00:00", "symbol": "BTC-USD"}, {"trade_id": 848007953, "side": "buy", "size": "0.00290737", "price": "117282.92000000", "time": "2025-07-12T16:10:25.183080Z", "fetched_at": "2025-07-12T16:10:50.186300+00:00", "symbol": "BTC-USD"}, {"trade_id": 848007952, "side": "buy", "size": "0.02900000", "price": "117282.96000000", "time": "2025-07-12T16:10:25.183080Z", "fetched_at": "2025-07-12T16:10:50.186300+00:00", "symbol": "BTC-USD"}, {"trade_id": 848007951, "side": "sell", "size": "0.02328924", "price": "117282.97000000", "time": "2025-07-12T16:10:24.877256Z", "fetched_at": "2025-07-12T16:10:50.186300+00:00", "symbol": "BTC-USD"}, {"trade_id": 848007950, "side": "sell", "size": "0.00004286", "price": "117282.97000000", "time": "2025-07-12T16:10:24.877256Z", "fetched_at": "2025-07-12T16:10:50.186300+00:00", "symbol": "BTC-USD"}, {"trade_id": 848007949, "side": "sell", "size": "0.01809299", "price": "117282.97000000", "time": "2025-07-12T16:10:24.877256Z", "fetched_at": "2025-07-12T16:10:50.186300+00:00", "symbol": "BTC-USD"}, {"trade_id": 848007948, "side": "sell", "size": "0.00021058", "price": "117282.96000000", "time": "2025-07-12T16:10:24.212172Z", "fetched_at": "2025-07-12T16:10:50.186300+00:00", "symbol": "BTC-USD"}, {"trade_id": 848007947, "side": "buy", "size": "0.00086114", "price": "117282.94000000", "time": "2025-07-12T16:10:23.247807Z", "fetched_at": "2025-07-12T16:10:50.186300+00:00", "symbol": "BTC-USD"}, {"trade_id": 848007946, "side": "sell", "size": "0.00041424", "price": "117282.95000000", "time": "2025-07-12T16:10:23.178932Z", "fetched_at": "2025-07-12T16:10:50.186300+00:00", "symbol": "BTC-USD"}, {"trade_id": 848007945, "side": "sell", "size": "0.00016569", "price": "117282.95000000", "time": "2025-07-12T16:10:22.254980Z", "fetched_at": "2025-07-12T16:10:50.186300+00:00", "symbol": "BTC-USD"}, {"trade_id": 848007944, "side": "sell", "size": "0.00008440", "price": "117282.95000000", "time": "2025-07-12T16:10:21.868939Z", "fetched_at": "2025-07-12T16:10:50.186300+00:00", "symbol": "BTC-USD"}, {"trade_id": 848007943, "side": "sell", "size": "0.00012534", "price": "117284.16000000", "time": "2025-07-12T16:10:21.618482Z", "fetched_at": "2025-07-12T16:10:50.186300+00:00", "symbol": "BTC-USD"}, {"trade_id": 848007942, "side": "buy", "size": "0.00061583", "price": "117283.37000000", "time": "2025-07-12T16:10:19.264607Z", "fetched_at": "2025-07-12T16:10:50.186300+00:00", "symbol": "BTC-USD"}, {"trade_id": 848007941, "side": "sell", "size": "0.00000009", "price": "117283.95000000", "time": "2025-07-12T16:10:18.575428Z", "fetched_at": "2025-07-12T16:10:50.186300+00:00", "symbol": "BTC-USD"}, {"trade_id": 848007940, "side": "buy", "size": "0.00024921", "price": "117282.91000000", "time": "2025-07-12T16:10:18.348655Z", "fetched_at": "2025-07-12T16:10:50.186300+00:00", "symbol": "BTC-USD"}, {"trade_id": 848007939, "side": "buy", "size": "0.00000503", "price": "117286.91000000", "time": "2025-07-12T16:10:18.348655Z", "fetched_at": "2025-07-12T16:10:50.186300+00:00", "symbol": "BTC-USD"}, {"trade_id": 848007938, "side": "sell", "size": "0.00004009", "price": "117286.92000000", "time": "2025-07-12T16:10:18.075445Z", "fetched_at": "2025-07-12T16:10:50.186300+00:00", "symbol": "BTC-USD"}, {"trade_id": 848007937, "side": "sell", "size": "0.00080025", "price": "117286.92000000", "time": "2025-07-12T16:10:17.971448Z", "fetched_at": "2025-07-12T16:10:50.186300+00:00", "symbol": "BTC-USD"}, {"trade_id": 848007936, "side": "sell", "size": "0.00002826", "price": "117286.92000000", "time": "2025-07-12T16:10:17.971448Z", "fetched_at": "2025-07-12T16:10:50.186300+00:00", "symbol": "BTC-USD"}, {"trade_id": 848007935, "side": "sell", "size": "0.00106416", "price": "117292.55000000", "time": "2025-07-12T16:10:17.675230Z", "fetched_at": "2025-07-12T16:10:50.186300+00:00", "symbol": "BTC-USD"}, {"trade_id": 848007934, "side": "sell", "size": "0.00208472", "price": "117291.25000000", "time": "2025-07-12T16:10:17.565955Z", "fetched_at": "2025-07-12T16:10:50.186300+00:00", "symbol": "BTC-USD"}, {"trade_id": 848007933, "side": "sell", "size": "0.00002537", "price": "117286.92000000", "time": "2025-07-12T16:10:17.565955Z", "fetched_at": "2025-07-12T16:10:50.186300+00:00", "symbol": "BTC-USD"}, {"trade_id": 848007932, "side": "sell", "size": "0.00018054", "price": "117291.25000000", "time": "2025-07-12T16:10:17.132206Z", "fetched_at": "2025-07-12T16:10:50.186300+00:00", "symbol": "BTC-USD"}, {"trade_id": 848007931, "side": "sell", "size": "0.00002659", "price": "117286.92000000", "time": "2025-07-12T16:10:17.132206Z", "fetched_at": "2025-07-12T16:10:50.186300+00:00", "symbol": "BTC-USD"}, {"trade_id": 848007930, "side": "sell", "size": "0.00018154", "price": "117294.37000000", "time": "2025-07-12T16:10:16.792915Z", "fetched_at": "2025-07-12T16:10:50.186300+00:00", "symbol": "BTC-USD"}, {"trade_id": 848007929, "side": "sell", "size": "0.00002946", "price": "117286.92000000", "time": "2025-07-12T16:10:16.792915Z", "fetched_at": "2025-07-12T16:10:50.186300+00:00", "symbol": "BTC-USD"}, {"trade_id": 848007928, "side": "sell", "size": "0.00016468", "price": "117288.02000000", "time": "2025-07-12T16:10:16.750445Z", "fetched_at": "2025-07-12T16:10:50.186300+00:00", "symbol": "BTC-USD"}, {"trade_id": 848007927, "side": "sell", "size": "0.00001034", "price": "117286.94000000", "time": "2025-07-12T16:10:16.750445Z", "fetched_at": "2025-07-12T16:10:50.186300+00:00", "symbol": "BTC-USD"}, {"trade_id": 848007926, "side": "sell", "size": "0.00000204", "price": "117286.93000000", "time": "2025-07-12T16:10:16.750445Z", "fetched_at": "2025-07-12T16:10:50.186300+00:00", "symbol": "BTC-USD"}, {"trade_id": 848007925, "side": "sell", "size": "0.00003007", "price": "117286.92000000", "time": "2025-07-12T16:10:16.750445Z", "fetched_at": "2025-07-12T16:10:50.186300+00:00", "symbol": "BTC-USD"}, {"trade_id": 848007924, "side": "buy", "size": "0.00063720", "price": "117286.91000000", "time": "2025-07-12T16:10:15.965642Z", "fetched_at": "2025-07-12T16:10:50.186300+00:00", "symbol": "BTC-USD"}, {"trade_id": 848007923, "side": "sell", "size": "0.00297118", "price": "117297.18000000", "time": "2025-07-12T16:10:14.310925Z", "fetched_at": "2025-07-12T16:10:50.186300+00:00", "symbol": "BTC-USD"}, {"trade_id": 848007922, "side": "sell", "size": "0.00000213", "price": "117293.60000000", "time": "2025-07-12T16:10:14.310925Z", "fetched_at": "2025-07-12T16:10:50.186300+00:00", "symbol": "BTC-USD"}, {"trade_id": 848007921, "side": "sell", "size": "0.00003044", "price": "117289.01000000", "time": "2025-07-12T16:10:14.310925Z", "fetched_at": "2025-07-12T16:10:50.186300+00:00", "symbol": "BTC-USD"}, {"trade_id": 848007920, "side": "sell", "size": "0.00081855", "price": "117290.89000000", "time": "2025-07-12T16:10:13.991258Z", "fetched_at": "2025-07-12T16:10:50.186300+00:00", "symbol": "BTC-USD"}, {"trade_id": 848007919, "side": "sell", "size": "0.00001033", "price": "117289.01000000", "time": "2025-07-12T16:10:13.991258Z", "fetched_at": "2025-07-12T16:10:50.186300+00:00", "symbol": "BTC-USD"}, {"trade_id": 848007918, "side": "sell", "size": "0.00012660", "price": "117281.01000000", "time": "2025-07-12T16:10:13.364723Z", "fetched_at": "2025-07-12T16:10:50.186300+00:00", "symbol": "BTC-USD"}, {"trade_id": 848007917, "side": "sell", "size": "0.00041423", "price": "117282.29000000", "time": "2025-07-12T16:10:12.945323Z", "fetched_at": "2025-07-12T16:10:50.186300+00:00", "symbol": "BTC-USD"}, {"trade_id": 848007916, "side": "buy", "size": "0.00582609", "price": "117275.05000000", "time": "2025-07-12T16:10:12.834363Z", "fetched_at": "2025-07-12T16:10:50.186300+00:00", "symbol": "BTC-USD"}, {"trade_id": 848007915, "side": "sell", "size": "0.00016568", "price": "117275.62000000", "time": "2025-07-12T16:10:12.515474Z", "fetched_at": "2025-07-12T16:10:50.186300+00:00", "symbol": "BTC-USD"}, {"trade_id": 848007914, "side": "sell", "size": "0.00032356", "price": "117271.17000000", "time": "2025-07-12T16:10:12.097075Z", "fetched_at": "2025-07-12T16:10:50.186300+00:00", "symbol": "BTC-USD"}, {"trade_id": 848007913, "side": "sell", "size": "0.00042000", "price": "117270.54000000", "time": "2025-07-12T16:10:11.702277Z", "fetched_at": "2025-07-12T16:10:50.186300+00:00", "symbol": "BTC-USD"}, {"trade_id": 848007912, "side": "buy", "size": "0.00465529", "price": "117275.83000000", "time": "2025-07-12T16:10:11.632288Z", "fetched_at": "2025-07-12T16:10:50.186300+00:00", "symbol": "BTC-USD"}, {"trade_id": 848007911, "side": "buy", "size": "0.00025086", "price": "117276.17000000", "time": "2025-07-12T16:10:11.632288Z", "fetched_at": "2025-07-12T16:10:50.186300+00:00", "symbol": "BTC-USD"}, {"trade_id": 848007910, "side": "buy", "size": "0.00853577", "price": "117277.41000000", "time": "2025-07-12T16:10:11.632288Z", "fetched_at": "2025-07-12T16:10:50.186300+00:00", "symbol": "BTC-USD"}, {"trade_id": 848007909, "side": "buy", "size": "0.04230694", "price": "117281.87000000", "time": "2025-07-12T16:10:11.628218Z", "fetched_at": "2025-07-12T16:10:50.186300+00:00", "symbol": "BTC-USD"}, {"trade_id": 848007908, "side": "buy", "size": "0.00000213", "price": "117284.30000000", "time": "2025-07-12T16:10:11.628218Z", "fetched_at": "2025-07-12T16:10:50.186300+00:00", "symbol": "BTC-USD"}, {"trade_id": 848007907, "side": "buy", "size": "0.00227407", "price": "117284.31000000", "time": "2025-07-12T16:10:11.628218Z", "fetched_at": "2025-07-12T16:10:50.186300+00:00", "symbol": "BTC-USD"}, {"trade_id": 848007906, "side": "buy", "size": "0.00032553", "price": "117285.35000000", "time": "2025-07-12T16:10:11.628218Z", "fetched_at": "2025-07-12T16:10:50.186300+00:00", "symbol": "BTC-USD"}, {"trade_id": 848007905, "side": "buy", "size": "0.00002385", "price": "117286.51000000", "time": "2025-07-12T16:10:11.628218Z", "fetched_at": "2025-07-12T16:10:50.186300+00:00", "symbol": "BTC-USD"}, {"trade_id": 848007904, "side": "sell", "size": "0.00016570", "price": "117285.36000000", "time": "2025-07-12T16:10:11.290299Z", "fetched_at": "2025-07-12T16:10:50.186300+00:00", "symbol": "BTC-USD"}, {"trade_id": 848007903, "side": "sell", "size": "0.00082893", "price": "117288.96000000", "time": "2025-07-12T16:10:09.660423Z", "fetched_at": "2025-07-12T16:10:50.186300+00:00", "symbol": "BTC-USD"}, {"trade_id": 848007902, "side": "buy", "size": "0.00032539", "price": "117281.87000000", "time": "2025-07-12T16:10:09.550115Z", "fetched_at": "2025-07-12T16:10:50.186300+00:00", "symbol": "BTC-USD"}, {"trade_id": 848007901, "side": "buy", "size": "0.00004578", "price": "117281.87000000", "time": "2025-07-12T16:10:09.550115Z", "fetched_at": "2025-07-12T16:10:50.186300+00:00", "symbol": "BTC-USD"}, {"trade_id": 848007900, "side": "buy", "size": "0.00006038", "price": "117281.88000000", "time": "2025-07-12T16:10:09.550115Z", "fetched_at": "2025-07-12T16:10:50.186300+00:00", "symbol": "BTC-USD"}, {"trade_id": 848007899, "side": "buy", "size": "0.03846423", "price": "117277.41000000", "time": "2025-07-12T16:10:08.866274Z", "fetched_at": "2025-07-12T16:10:50.186300+00:00", "symbol": "BTC-USD"}, {"trade_id": 848007898, "side": "buy", "size": "0.00500000", "price": "117278.59000000", "time": "2025-07-12T16:10:08.866274Z", "fetched_at": "2025-07-12T16:10:50.186300+00:00", "symbol": "BTC-USD"}, {"trade_id": 848007897, "side": "buy", "size": "0.00682001", "price": "117279.22000000", "time": "2025-07-12T16:10:08.866274Z", "fetched_at": "2025-07-12T16:10:50.186300+00:00", "symbol": "BTC-USD"}, {"trade_id": 848007896, "side": "buy", "size": "0.00500000", "price": "117279.86000000", "time": "2025-07-12T16:10:08.866274Z", "fetched_at": "2025-07-12T16:10:50.186300+00:00", "symbol": "BTC-USD"}, {"trade_id": 848007895, "side": "buy", "size": "0.02690217", "price": "117279.89000000", "time": "2025-07-12T16:10:08.866274Z", "fetched_at": "2025-07-12T16:10:50.186300+00:00", "symbol": "BTC-USD"}, {"trade_id": 848007894, "side": "buy", "size": "0.00006038", "price": "117281.16000000", "time": "2025-07-12T16:10:08.866274Z", "fetched_at": "2025-07-12T16:10:50.186300+00:00", "symbol": "BTC-USD"}, {"trade_id": 848007893, "side": "buy", "size": "0.01809242", "price": "117286.68000000", "time": "2025-07-12T16:10:08.866274Z", "fetched_at": "2025-07-12T16:10:50.186300+00:00", "symbol": "BTC-USD"}, {"trade_id": 848007892, "side": "buy", "size": "0.00015341", "price": "117289.00000000", "time": "2025-07-12T16:10:08.783367Z", "fetched_at": "2025-07-12T16:10:50.186300+00:00", "symbol": "BTC-USD"}, {"trade_id": 848007891, "side": "sell", "size": "0.00253339", "price": "117279.88000000", "time": "2025-07-12T16:10:08.470910Z", "fetched_at": "2025-07-12T16:10:50.186300+00:00", "symbol": "BTC-USD"}, {"trade_id": 848007890, "side": "buy", "size": "0.04400000", "price": "117286.11000000", "time": "2025-07-12T16:10:08.411567Z", "fetched_at": "2025-07-12T16:10:50.186300+00:00", "symbol": "BTC-USD"}, {"trade_id": 848007889, "side": "buy", "size": "0.00387290", "price": "117288.42000000", "time": "2025-07-12T16:10:08.411567Z", "fetched_at": "2025-07-12T16:10:50.186300+00:00", "symbol": "BTC-USD"}, {"trade_id": 848007888, "side": "buy", "size": "0.03667664", "price": "117290.72000000", "time": "2025-07-12T16:10:08.411255Z", "fetched_at": "2025-07-12T16:10:50.186300+00:00", "symbol": "BTC-USD"}, {"trade_id": 848007887, "side": "buy", "size": "0.00000878", "price": "117290.72000000", "time": "2025-07-12T16:10:08.411255Z", "fetched_at": "2025-07-12T16:10:50.186300+00:00", "symbol": "BTC-USD"}, {"trade_id": 848007886, "side": "buy", "size": "0.00002721", "price": "117293.57000000", "time": "2025-07-12T16:10:08.410807Z", "fetched_at": "2025-07-12T16:10:50.186300+00:00", "symbol": "BTC-USD"}, {"trade_id": 848007885, "side": "buy", "size": "0.00491125", "price": "117293.57000000", "time": "2025-07-12T16:10:08.410807Z", "fetched_at": "2025-07-12T16:10:50.186300+00:00", "symbol": "BTC-USD"}, {"trade_id": 848007884, "side": "buy", "size": "0.00104106", "price": "117293.58000000", "time": "2025-07-12T16:10:08.410807Z", "fetched_at": "2025-07-12T16:10:50.186300+00:00", "symbol": "BTC-USD"}, {"trade_id": 848007883, "side": "buy", "size": "0.00187181", "price": "117293.58000000", "time": "2025-07-12T16:10:08.410807Z", "fetched_at": "2025-07-12T16:10:50.186300+00:00", "symbol": "BTC-USD"}, {"trade_id": 848007882, "side": "buy", "size": "0.06349278", "price": "117293.59000000", "time": "2025-07-12T16:10:08.410807Z", "fetched_at": "2025-07-12T16:10:50.186300+00:00", "symbol": "BTC-USD"}, {"trade_id": 848007881, "side": "sell", "size": "0.00414075", "price": "117293.59000000", "time": "2025-07-12T16:10:07.063433Z", "fetched_at": "2025-07-12T16:10:50.186300+00:00", "symbol": "BTC-USD"}, {"trade_id": 848007880, "side": "sell", "size": "0.00041446", "price": "117293.59000000", "time": "2025-07-12T16:10:06.955647Z", "fetched_at": "2025-07-12T16:10:50.186300+00:00", "symbol": "BTC-USD"}, {"trade_id": 848007879, "side": "buy", "size": "0.00010561", "price": "117293.58000000", "time": "2025-07-12T16:10:06.740885Z", "fetched_at": "2025-07-12T16:10:50.186300+00:00", "symbol": "BTC-USD"}, {"trade_id": 848007878, "side": "buy", "size": "0.00104107", "price": "117293.57000000", "time": "2025-07-12T16:10:06.050118Z", "fetched_at": "2025-07-12T16:10:50.186300+00:00", "symbol": "BTC-USD"}, {"trade_id": 848007877, "side": "buy", "size": "0.00019307", "price": "117293.57000000", "time": "2025-07-12T16:10:06.050118Z", "fetched_at": "2025-07-12T16:10:50.186300+00:00", "symbol": "BTC-USD"}, {"trade_id": 848007876, "side": "buy", "size": "0.00010693", "price": "117293.57000000", "time": "2025-07-12T16:10:05.287279Z", "fetched_at": "2025-07-12T16:10:50.186300+00:00", "symbol": "BTC-USD"}, {"trade_id": 848007875, "side": "buy", "size": "0.00004632", "price": "117291.03000000", "time": "2025-07-12T16:10:04.859642Z", "fetched_at": "2025-07-12T16:10:50.186300+00:00", "symbol": "BTC-USD"}, {"trade_id": 848007874, "side": "sell", "size": "0.00559056", "price": "117300.99000000", "time": "2025-07-12T16:10:04.616705Z", "fetched_at": "2025-07-12T16:10:50.186300+00:00", "symbol": "BTC-USD"}, {"trade_id": 848007873, "side": "sell", "size": "0.00852509", "price": "117300.73000000", "time": "2025-07-12T16:10:04.616705Z", "fetched_at": "2025-07-12T16:10:50.186300+00:00", "symbol": "BTC-USD"}, {"trade_id": 848007872, "side": "sell", "size": "0.08741806", "price": "117300.72000000", "time": "2025-07-12T16:10:04.616705Z", "fetched_at": "2025-07-12T16:10:50.186300+00:00", "symbol": "BTC-USD"}, {"trade_id": 848007871, "side": "sell", "size": "0.02500000", "price": "117300.00000000", "time": "2025-07-12T16:10:04.616705Z", "fetched_at": "2025-07-12T16:10:50.186300+00:00", "symbol": "BTC-USD"}, {"trade_id": 848007870, "side": "sell", "size": "0.01023018", "price": "117300.00000000", "time": "2025-07-12T16:10:04.616705Z", "fetched_at": "2025-07-12T16:10:50.186300+00:00", "symbol": "BTC-USD"}, {"trade_id": 848007869, "side": "sell", "size": "0.06584551", "price": "117298.98000000", "time": "2025-07-12T16:10:04.616705Z", "fetched_at": "2025-07-12T16:10:50.186300+00:00", "symbol": "BTC-USD"}, {"trade_id": 848007868, "side": "sell", "size": "0.01832847", "price": "117294.87000000", "time": "2025-07-12T16:10:04.616705Z", "fetched_at": "2025-07-12T16:10:50.186300+00:00", "symbol": "BTC-USD"}, {"trade_id": 848007867, "side": "sell", "size": "0.05050439", "price": "117294.86000000", "time": "2025-07-12T16:10:04.616705Z", "fetched_at": "2025-07-12T16:10:50.186300+00:00", "symbol": "BTC-USD"}, {"trade_id": 848007866, "side": "sell", "size": "0.00000664", "price": "117292.97000000", "time": "2025-07-12T16:10:04.616705Z", "fetched_at": "2025-07-12T16:10:50.186300+00:00", "symbol": "BTC-USD"}, {"trade_id": 848007865, "side": "sell", "size": "0.00164303", "price": "117294.86000000", "time": "2025-07-12T16:10:03.864048Z", "fetched_at": "2025-07-12T16:10:50.186300+00:00", "symbol": "BTC-USD"}, {"trade_id": 848007864, "side": "sell", "size": "0.00001000", "price": "117293.76000000", "time": "2025-07-12T16:10:03.864048Z", "fetched_at": "2025-07-12T16:10:50.186300+00:00", "symbol": "BTC-USD"}, {"trade_id": 848007863, "side": "sell", "size": "0.00001196", "price": "117288.91000000", "time": "2025-07-12T16:10:03.864048Z", "fetched_at": "2025-07-12T16:10:50.186300+00:00", "symbol": "BTC-USD"}, {"trade_id": 848007862, "side": "sell", "size": "0.00001387", "price": "117284.97000000", "time": "2025-07-12T16:10:03.864048Z", "fetched_at": "2025-07-12T16:10:50.186300+00:00", "symbol": "BTC-USD"}, {"trade_id": 848007861, "side": "sell", "size": "0.00001000", "price": "117284.97000000", "time": "2025-07-12T16:10:03.864048Z", "fetched_at": "2025-07-12T16:10:50.186300+00:00", "symbol": "BTC-USD"}, {"trade_id": 848007860, "side": "sell", "size": "0.00910284", "price": "117281.74000000", "time": "2025-07-12T16:10:03.046798Z", "fetched_at": "2025-07-12T16:10:50.186300+00:00", "symbol": "BTC-USD"}, {"trade_id": 848007859, "side": "sell", "size": "0.00001000", "price": "117276.18000000", "time": "2025-07-12T16:10:02.948122Z", "fetched_at": "2025-07-12T16:10:50.186300+00:00", "symbol": "BTC-USD"}, {"trade_id": 848007858, "side": "sell", "size": "0.00001000", "price": "117267.39000000", "time": "2025-07-12T16:10:02.922542Z", "fetched_at": "2025-07-12T16:10:50.186300+00:00", "symbol": "BTC-USD"}, {"trade_id": 848007857, "side": "sell", "size": "0.00499853", "price": "117261.87000000", "time": "2025-07-12T16:10:02.836806Z", "fetched_at": "2025-07-12T16:10:50.186300+00:00", "symbol": "BTC-USD"}, {"trade_id": 848007856, "side": "sell", "size": "0.00001000", "price": "117258.60000000", "time": "2025-07-12T16:10:02.766888Z", "fetched_at": "2025-07-12T16:10:50.186300+00:00", "symbol": "BTC-USD"}, {"trade_id": 848007855, "side": "sell", "size": "0.00338734", "price": "117258.05000000", "time": "2025-07-12T16:10:02.766888Z", "fetched_at": "2025-07-12T16:10:50.186300+00:00", "symbol": "BTC-USD"}, {"trade_id": 848007854, "side": "sell", "size": "0.00087675", "price": "117258.05000000", "time": "2025-07-12T16:10:02.704333Z", "fetched_at": "2025-07-12T16:10:50.186300+00:00", "symbol": "BTC-USD"}, {"trade_id": 848007853, "side": "sell", "size": "0.00001000", "price": "117249.81000000", "time": "2025-07-12T16:10:02.704333Z", "fetched_at": "2025-07-12T16:10:50.186300+00:00", "symbol": "BTC-USD"}, {"trade_id": 848007852, "side": "sell", "size": "0.00000213", "price": "117247.57000000", "time": "2025-07-12T16:10:02.666864Z", "fetched_at": "2025-07-12T16:10:50.186300+00:00", "symbol": "BTC-USD"}, {"trade_id": 848007851, "side": "sell", "size": "0.00042657", "price": "117247.57000000", "time": "2025-07-12T16:10:02.666864Z", "fetched_at": "2025-07-12T16:10:50.186300+00:00", "symbol": "BTC-USD"}, {"trade_id": 848007850, "side": "buy", "size": "0.00018645", "price": "117247.56000000", "time": "2025-07-12T16:10:02.625344Z", "fetched_at": "2025-07-12T16:10:50.186300+00:00", "symbol": "BTC-USD"}, {"trade_id": 848007849, "side": "sell", "size": "0.00000213", "price": "117242.85000000", "time": "2025-07-12T16:10:01.996023Z", "fetched_at": "2025-07-12T16:10:50.186300+00:00", "symbol": "BTC-USD"}, {"trade_id": 848007848, "side": "sell", "size": "0.00000738", "price": "117242.82000000", "time": "2025-07-12T16:10:01.996023Z", "fetched_at": "2025-07-12T16:10:50.186300+00:00", "symbol": "BTC-USD"}, {"trade_id": 848007847, "side": "buy", "size": "0.00000001", "price": "117242.81000000", "time": "2025-07-12T16:10:01.757115Z", "fetched_at": "2025-07-12T16:10:50.186300+00:00", "symbol": "BTC-USD"}, {"trade_id": 848007846, "side": "buy", "size": "0.00009272", "price": "117242.81000000", "time": "2025-07-12T16:10:00.831243Z", "fetched_at": "2025-07-12T16:10:50.186300+00:00", "symbol": "BTC-USD"}, {"trade_id": 848007845, "side": "sell", "size": "0.00048746", "price": "117239.19000000", "time": "2025-07-12T16:09:58.995354Z", "fetched_at": "2025-07-12T16:10:50.186300+00:00", "symbol": "BTC-USD"}, {"trade_id": 848007844, "side": "buy", "size": "0.00072278", "price": "117234.15000000", "time": "2025-07-12T16:09:58.276353Z", "fetched_at": "2025-07-12T16:10:50.186300+00:00", "symbol": "BTC-USD"}, {"trade_id": 848007843, "side": "sell", "size": "0.00414545", "price": "117242.81000000", "time": "2025-07-12T16:09:58.129087Z", "fetched_at": "2025-07-12T16:10:50.186300+00:00", "symbol": "BTC-USD"}, {"trade_id": 848007842, "side": "buy", "size": "0.00258457", "price": "117234.15000000", "time": "2025-07-12T16:09:58.125187Z", "fetched_at": "2025-07-12T16:10:50.186300+00:00", "symbol": "BTC-USD"}, {"trade_id": 848007841, "side": "sell", "size": "0.00700000", "price": "117242.84000000", "time": "2025-07-12T16:09:57.931107Z", "fetched_at": "2025-07-12T16:10:50.186300+00:00", "symbol": "BTC-USD"}, {"trade_id": 848007840, "side": "sell", "size": "0.00008445", "price": "117242.85000000", "time": "2025-07-12T16:09:57.670277Z", "fetched_at": "2025-07-12T16:10:50.186300+00:00", "symbol": "BTC-USD"}, {"trade_id": 848007839, "side": "sell", "size": "0.00008445", "price": "117242.85000000", "time": "2025-07-12T16:09:57.567631Z", "fetched_at": "2025-07-12T16:10:50.186300+00:00", "symbol": "BTC-USD"}, {"trade_id": 848007838, "side": "sell", "size": "0.00000008", "price": "117242.85000000", "time": "2025-07-12T16:09:57.486607Z", "fetched_at": "2025-07-12T16:10:50.186300+00:00", "symbol": "BTC-USD"}, {"trade_id": 848007837, "side": "sell", "size": "0.00000042", "price": "117242.85000000", "time": "2025-07-12T16:09:57.469709Z", "fetched_at": "2025-07-12T16:10:50.186300+00:00", "symbol": "BTC-USD"}, {"trade_id": 848007836, "side": "sell", "size": "0.00084397", "price": "117243.06000000", "time": "2025-07-12T16:09:57.451707Z", "fetched_at": "2025-07-12T16:10:50.186300+00:00", "symbol": "BTC-USD"}, {"trade_id": 848007835, "side": "sell", "size": "0.00006202", "price": "117243.06000000", "time": "2025-07-12T16:09:57.450504Z", "fetched_at": "2025-07-12T16:10:50.186300+00:00", "symbol": "BTC-USD"}, {"trade_id": 848007834, "side": "sell", "size": "0.00001000", "price": "117241.02000000", "time": "2025-07-12T16:09:57.450504Z", "fetched_at": "2025-07-12T16:10:50.186300+00:00", "symbol": "BTC-USD"}, {"trade_id": 848007833, "side": "sell", "size": "0.00001244", "price": "117240.81000000", "time": "2025-07-12T16:09:57.450504Z", "fetched_at": "2025-07-12T16:10:50.186300+00:00", "symbol": "BTC-USD"}, {"trade_id": 848007832, "side": "sell", "size": "0.00126670", "price": "117240.77000000", "time": "2025-07-12T16:09:57.405280Z", "fetched_at": "2025-07-12T16:10:50.186300+00:00", "symbol": "BTC-USD"}, {"trade_id": 848007831, "side": "sell", "size": "0.02709756", "price": "117234.16000000", "time": "2025-07-12T16:09:57.082334Z", "fetched_at": "2025-07-12T16:10:50.186300+00:00", "symbol": "BTC-USD"}, {"trade_id": 848007830, "side": "sell", "size": "0.00000281", "price": "117234.16000000", "time": "2025-07-12T16:09:57.082334Z", "fetched_at": "2025-07-12T16:10:50.186300+00:00", "symbol": "BTC-USD"}, {"trade_id": 848007829, "side": "sell", "size": "0.00000470", "price": "117234.16000000", "time": "2025-07-12T16:09:57.082334Z", "fetched_at": "2025-07-12T16:10:50.186300+00:00", "symbol": "BTC-USD"}, {"trade_id": 848007828, "side": "sell", "size": "0.00000590", "price": "117234.16000000", "time": "2025-07-12T16:09:57.082334Z", "fetched_at": "2025-07-12T16:10:50.186300+00:00", "symbol": "BTC-USD"}, {"trade_id": 848007827, "side": "sell", "size": "0.01488903", "price": "117234.16000000", "time": "2025-07-12T16:09:57.082334Z", "fetched_at": "2025-07-12T16:10:50.186300+00:00", "symbol": "BTC-USD"}, {"trade_id": 848007826, "side": "buy", "size": "0.00003108", "price": "117234.15000000", "time": "2025-07-12T16:09:56.839818Z", "fetched_at": "2025-07-12T16:10:50.186300+00:00", "symbol": "BTC-USD"}, {"trade_id": 848007825, "side": "sell", "size": "0.00215000", "price": "117234.16000000", "time": "2025-07-12T16:09:56.575870Z", "fetched_at": "2025-07-12T16:10:50.186300+00:00", "symbol": "BTC-USD"}, {"trade_id": 848007824, "side": "buy", "size": "0.00261684", "price": "117234.15000000", "time": "2025-07-12T16:09:56.387845Z", "fetched_at": "2025-07-12T16:10:50.186300+00:00", "symbol": "BTC-USD"}, {"trade_id": 848007823, "side": "buy", "size": "0.00003460", "price": "117234.15000000", "time": "2025-07-12T16:09:56.387845Z", "fetched_at": "2025-07-12T16:10:50.186300+00:00", "symbol": "BTC-USD"}, {"trade_id": 848007822, "side": "sell", "size": "0.00288006", "price": "117234.16000000", "time": "2025-07-12T16:09:53.189337Z", "fetched_at": "2025-07-12T16:10:50.186300+00:00", "symbol": "BTC-USD"}, {"trade_id": 848007821, "side": "sell", "size": "0.00008091", "price": "117234.16000000", "time": "2025-07-12T16:09:52.353211Z", "fetched_at": "2025-07-12T16:10:50.186300+00:00", "symbol": "BTC-USD"}, {"trade_id": 848007820, "side": "buy", "size": "0.00017053", "price": "117234.15000000", "time": "2025-07-12T16:09:52.333012Z", "fetched_at": "2025-07-12T16:10:50.186300+00:00", "symbol": "BTC-USD"}, {"trade_id": 848007819, "side": "buy", "size": "0.02740546", "price": "117233.90000000", "time": "2025-07-12T16:09:51.440602Z", "fetched_at": "2025-07-12T16:10:50.186300+00:00", "symbol": "BTC-USD"}, {"trade_id": 848007818, "side": "buy", "size": "0.00008383", "price": "117234.15000000", "time": "2025-07-12T16:09:51.440602Z", "fetched_at": "2025-07-12T16:10:50.186300+00:00", "symbol": "BTC-USD"}, {"trade_id": 848007817, "side": "buy", "size": "0.00682244", "price": "117234.15000000", "time": "2025-07-12T16:09:51.440602Z", "fetched_at": "2025-07-12T16:10:50.186300+00:00", "symbol": "BTC-USD"}, {"trade_id": 848007816, "side": "buy", "size": "0.01200000", "price": "117234.15000000", "time": "2025-07-12T16:09:51.440602Z", "fetched_at": "2025-07-12T16:10:50.186300+00:00", "symbol": "BTC-USD"}, {"trade_id": 848007815, "side": "sell", "size": "0.00001000", "price": "117232.23000000", "time": "2025-07-12T16:09:51.076053Z", "fetched_at": "2025-07-12T16:10:50.186300+00:00", "symbol": "BTC-USD"}, {"trade_id": 848007814, "side": "sell", "size": "0.00499960", "price": "117231.07000000", "time": "2025-07-12T16:09:51.076053Z", "fetched_at": "2025-07-12T16:10:50.186300+00:00", "symbol": "BTC-USD"}, {"trade_id": 848007813, "side": "sell", "size": "0.00482678", "price": "117231.05000000", "time": "2025-07-12T16:09:51.076053Z", "fetched_at": "2025-07-12T16:10:50.186300+00:00", "symbol": "BTC-USD"}, {"trade_id": 848007812, "side": "sell", "size": "0.08344813", "price": "117229.32000000", "time": "2025-07-12T16:09:51.076053Z", "fetched_at": "2025-07-12T16:10:50.186300+00:00", "symbol": "BTC-USD"}, {"trade_id": 848007811, "side": "sell", "size": "0.01697339", "price": "117229.32000000", "time": "2025-07-12T16:09:51.069728Z", "fetched_at": "2025-07-12T16:10:50.186300+00:00", "symbol": "BTC-USD"}, {"trade_id": 848007810, "side": "sell", "size": "0.01934253", "price": "117228.65000000", "time": "2025-07-12T16:09:51.059705Z", "fetched_at": "2025-07-12T16:10:50.186300+00:00", "symbol": "BTC-USD"}, {"trade_id": 848007809, "side": "sell", "size": "0.00853090", "price": "117220.91000000", "time": "2025-07-12T16:09:51.051026Z", "fetched_at": "2025-07-12T16:10:50.186300+00:00", "symbol": "BTC-USD"}, {"trade_id": 848007808, "side": "sell", "size": "0.01728988", "price": "117219.24000000", "time": "2025-07-12T16:09:51.047862Z", "fetched_at": "2025-07-12T16:10:50.186300+00:00", "symbol": "BTC-USD"}, {"trade_id": 848007807, "side": "sell", "size": "0.00005765", "price": "117219.23000000", "time": "2025-07-12T16:09:51.047862Z", "fetched_at": "2025-07-12T16:10:50.186300+00:00", "symbol": "BTC-USD"}, {"trade_id": 848007806, "side": "sell", "size": "0.00003416", "price": "117219.23000000", "time": "2025-07-12T16:09:51.047862Z", "fetched_at": "2025-07-12T16:10:50.186300+00:00", "symbol": "BTC-USD"}, {"trade_id": 848007805, "side": "sell", "size": "0.00003541", "price": "117219.22000000", "time": "2025-07-12T16:09:51.047862Z", "fetched_at": "2025-07-12T16:10:50.186300+00:00", "symbol": "BTC-USD"}, {"trade_id": 848007804, "side": "sell", "size": "0.00081295", "price": "117219.24000000", "time": "2025-07-12T16:09:50.231094Z", "fetched_at": "2025-07-12T16:10:50.186300+00:00", "symbol": "BTC-USD"}, {"trade_id": 848007803, "side": "sell", "size": "0.00002331", "price": "117219.22000000", "time": "2025-07-12T16:09:50.231094Z", "fetched_at": "2025-07-12T16:10:50.186300+00:00", "symbol": "BTC-USD"}, {"trade_id": 848007802, "side": "sell", "size": "0.00026700", "price": "117228.44000000", "time": "2025-07-12T16:09:49.786878Z", "fetched_at": "2025-07-12T16:10:50.186300+00:00", "symbol": "BTC-USD"}, {"trade_id": 848007801, "side": "sell", "size": "0.00000727", "price": "117225.99000000", "time": "2025-07-12T16:09:49.786878Z", "fetched_at": "2025-07-12T16:10:50.186300+00:00", "symbol": "BTC-USD"}, {"trade_id": 848007800, "side": "sell", "size": "0.00000568", "price": "117225.99000000", "time": "2025-07-12T16:09:49.786878Z", "fetched_at": "2025-07-12T16:10:50.186300+00:00", "symbol": "BTC-USD"}, {"trade_id": 848007799, "side": "sell", "size": "0.00003280", "price": "117217.79000000", "time": "2025-07-12T16:09:49.786878Z", "fetched_at": "2025-07-12T16:10:50.186300+00:00", "symbol": "BTC-USD"}, {"trade_id": 848007798, "side": "sell", "size": "0.00269594", "price": "117223.97000000", "time": "2025-07-12T16:09:48.823044Z", "fetched_at": "2025-07-12T16:10:50.186300+00:00", "symbol": "BTC-USD"}, {"trade_id": 848007797, "side": "sell", "size": "0.00003406", "price": "117220.82000000", "time": "2025-07-12T16:09:48.823044Z", "fetched_at": "2025-07-12T16:10:50.186300+00:00", "symbol": "BTC-USD"}, {"trade_id": 848007796, "side": "sell", "size": "0.00004012", "price": "117225.98000000", "time": "2025-07-12T16:09:47.724893Z", "fetched_at": "2025-07-12T16:10:50.186300+00:00", "symbol": "BTC-USD"}, {"trade_id": 848007795, "side": "sell", "size": "0.00016746", "price": "117225.52000000", "time": "2025-07-12T16:09:47.604972Z", "fetched_at": "2025-07-12T16:10:50.186300+00:00", "symbol": "BTC-USD"}, {"trade_id": 848007794, "side": "sell", "size": "0.00000145", "price": "117224.39000000", "time": "2025-07-12T16:09:47.604972Z", "fetched_at": "2025-07-12T16:10:50.186300+00:00", "symbol": "BTC-USD"}, {"trade_id": 848007793, "side": "sell", "size": "0.00003423", "price": "117225.45000000", "time": "2025-07-12T16:09:46.086348Z", "fetched_at": "2025-07-12T16:10:50.186300+00:00", "symbol": "BTC-USD"}, {"trade_id": 848007792, "side": "sell", "size": "0.00000648", "price": "117223.64000000", "time": "2025-07-12T16:09:46.086348Z", "fetched_at": "2025-07-12T16:10:50.186300+00:00", "symbol": "BTC-USD"}, {"trade_id": 848007791, "side": "sell", "size": "0.00165975", "price": "117225.53000000", "time": "2025-07-12T16:09:46.044227Z", "fetched_at": "2025-07-12T16:10:50.186300+00:00", "symbol": "BTC-USD"}, {"trade_id": 848007790, "side": "sell", "size": "0.00003744", "price": "117225.52000000", "time": "2025-07-12T16:09:46.044227Z", "fetched_at": "2025-07-12T16:10:50.186300+00:00", "symbol": "BTC-USD"}, {"trade_id": 848007789, "side": "sell", "size": "0.00000213", "price": "117223.64000000", "time": "2025-07-12T16:09:46.044227Z", "fetched_at": "2025-07-12T16:10:50.186300+00:00", "symbol": "BTC-USD"}, {"trade_id": 848007788, "side": "sell", "size": "0.00024274", "price": "117212.08000000", "time": "2025-07-12T16:09:45.305216Z", "fetched_at": "2025-07-12T16:10:50.186300+00:00", "symbol": "BTC-USD"}, {"trade_id": 848007787, "side": "sell", "size": "0.00056647", "price": "117212.08000000", "time": "2025-07-12T16:09:45.080982Z", "fetched_at": "2025-07-12T16:10:50.186300+00:00", "symbol": "BTC-USD"}, {"trade_id": 848007786, "side": "sell", "size": "0.00270423", "price": "117212.08000000", "time": "2025-07-12T16:09:43.717064Z", "fetched_at": "2025-07-12T16:10:50.186300+00:00", "symbol": "BTC-USD"}, {"trade_id": 848007785, "side": "sell", "size": "0.00004730", "price": "117212.08000000", "time": "2025-07-12T16:09:43.125853Z", "fetched_at": "2025-07-12T16:10:50.186300+00:00", "symbol": "BTC-USD"}, {"trade_id": 848007784, "side": "buy", "size": "0.00034483", "price": "117212.06000000", "time": "2025-07-12T16:09:41.691669Z", "fetched_at": "2025-07-12T16:10:50.186300+00:00", "symbol": "BTC-USD"}, {"trade_id": 848007783, "side": "buy", "size": "0.00008384", "price": "117212.07000000", "time": "2025-07-12T16:09:41.691669Z", "fetched_at": "2025-07-12T16:10:50.186300+00:00", "symbol": "BTC-USD"}, {"trade_id": 848007782, "side": "sell", "size": "0.00056323", "price": "117223.51000000", "time": "2025-07-12T16:09:40.515591Z", "fetched_at": "2025-07-12T16:10:50.186300+00:00", "symbol": "BTC-USD"}, {"trade_id": 848007781, "side": "sell", "size": "0.00004676", "price": "117223.50000000", "time": "2025-07-12T16:09:40.515591Z", "fetched_at": "2025-07-12T16:10:50.186300+00:00", "symbol": "BTC-USD"}, {"trade_id": 848007780, "side": "sell", "size": "0.00000001", "price": "117219.70000000", "time": "2025-07-12T16:09:40.515591Z", "fetched_at": "2025-07-12T16:10:50.186300+00:00", "symbol": "BTC-USD"}, {"trade_id": 848007779, "side": "sell", "size": "0.00150602", "price": "117219.42000000", "time": "2025-07-12T16:09:40.063729Z", "fetched_at": "2025-07-12T16:10:50.186300+00:00", "symbol": "BTC-USD"}, {"trade_id": 848007778, "side": "sell", "size": "0.00004246", "price": "117215.97000000", "time": "2025-07-12T16:09:40.063729Z", "fetched_at": "2025-07-12T16:10:50.186300+00:00", "symbol": "BTC-USD"}, {"trade_id": 848007777, "side": "sell", "size": "0.00010963", "price": "117215.97000000", "time": "2025-07-12T16:09:40.063729Z", "fetched_at": "2025-07-12T16:10:50.186300+00:00", "symbol": "BTC-USD"}, {"trade_id": 848007776, "side": "sell", "size": "0.00254882", "price": "117211.00000000", "time": "2025-07-12T16:09:39.467775Z", "fetched_at": "2025-07-12T16:10:50.186300+00:00", "symbol": "BTC-USD"}, {"trade_id": 848007775, "side": "sell", "size": "0.00093057", "price": "117211.00000000", "time": "2025-07-12T16:09:39.232747Z", "fetched_at": "2025-07-12T16:10:50.186300+00:00", "symbol": "BTC-USD"}, {"trade_id": 848007774, "side": "sell", "size": "0.00082905", "price": "117211.00000000", "time": "2025-07-12T16:09:39.176496Z", "fetched_at": "2025-07-12T16:10:50.186300+00:00", "symbol": "BTC-USD"}, {"trade_id": 848007773, "side": "sell", "size": "0.00829045", "price": "117209.46000000", "time": "2025-07-12T16:09:38.133001Z", "fetched_at": "2025-07-12T16:10:50.186300+00:00", "symbol": "BTC-USD"}, {"trade_id": 848007772, "side": "buy", "size": "0.00693670", "price": "117207.76000000", "time": "2025-07-12T16:09:37.699354Z", "fetched_at": "2025-07-12T16:10:50.186300+00:00", "symbol": "BTC-USD"}, {"trade_id": 848007771, "side": "buy", "size": "0.00008385", "price": "117207.77000000", "time": "2025-07-12T16:09:37.699354Z", "fetched_at": "2025-07-12T16:10:50.186300+00:00", "symbol": "BTC-USD"}, {"trade_id": 848007770, "side": "buy", "size": "0.00000009", "price": "117213.48000000", "time": "2025-07-12T16:09:37.699354Z", "fetched_at": "2025-07-12T16:10:50.186300+00:00", "symbol": "BTC-USD"}, {"trade_id": 848007769, "side": "buy", "size": "0.00980436", "price": "117215.93000000", "time": "2025-07-12T16:09:37.699354Z", "fetched_at": "2025-07-12T16:10:50.186300+00:00", "symbol": "BTC-USD"}, {"trade_id": 848007768, "side": "sell", "size": "0.00082905", "price": "117215.94000000", "time": "2025-07-12T16:09:37.059629Z", "fetched_at": "2025-07-12T16:10:50.186300+00:00", "symbol": "BTC-USD"}, {"trade_id": 848007767, "side": "sell", "size": "0.00038000", "price": "117215.94000000", "time": "2025-07-12T16:09:34.872732Z", "fetched_at": "2025-07-12T16:10:50.186300+00:00", "symbol": "BTC-USD"}, {"trade_id": 848007766, "side": "buy", "size": "0.00093843", "price": "117215.93000000", "time": "2025-07-12T16:09:34.559269Z", "fetched_at": "2025-07-12T16:10:50.186300+00:00", "symbol": "BTC-USD"}, {"trade_id": 848007765, "side": "sell", "size": "0.00044740", "price": "117215.94000000", "time": "2025-07-12T16:09:34.094327Z", "fetched_at": "2025-07-12T16:10:50.186300+00:00", "symbol": "BTC-USD"}, {"trade_id": 848007764, "side": "buy", "size": "0.00060791", "price": "117215.93000000", "time": "2025-07-12T16:09:33.686969Z", "fetched_at": "2025-07-12T16:10:50.186300+00:00", "symbol": "BTC-USD"}, {"trade_id": 848007763, "side": "buy", "size": "0.00008384", "price": "117215.96000000", "time": "2025-07-12T16:09:33.686969Z", "fetched_at": "2025-07-12T16:10:50.186300+00:00", "symbol": "BTC-USD"}, {"trade_id": 848007762, "side": "buy", "size": "0.00022776", "price": "117215.96000000", "time": "2025-07-12T16:09:33.686969Z", "fetched_at": "2025-07-12T16:10:50.186300+00:00", "symbol": "BTC-USD"}, {"trade_id": 848007761, "side": "sell", "size": "0.00190165", "price": "117215.97000000", "time": "2025-07-12T16:09:32.963194Z", "fetched_at": "2025-07-12T16:10:50.186300+00:00", "symbol": "BTC-USD"}, {"trade_id": 848007760, "side": "sell", "size": "0.00422279", "price": "117215.97000000", "time": "2025-07-12T16:09:31.118170Z", "fetched_at": "2025-07-12T16:10:50.186300+00:00", "symbol": "BTC-USD"}, {"trade_id": 848007759, "side": "sell", "size": "0.00163000", "price": "117215.97000000", "time": "2025-07-12T16:09:30.938640Z", "fetched_at": "2025-07-12T16:10:50.186300+00:00", "symbol": "BTC-USD"}, {"trade_id": 848007758, "side": "sell", "size": "0.00808036", "price": "117225.56000000", "time": "2025-07-12T16:09:29.893741Z", "fetched_at": "2025-07-12T16:10:50.186300+00:00", "symbol": "BTC-USD"}, {"trade_id": 848007757, "side": "sell", "size": "0.00002298", "price": "117225.55000000", "time": "2025-07-12T16:09:29.893741Z", "fetched_at": "2025-07-12T16:10:50.186300+00:00", "symbol": "BTC-USD"}, {"trade_id": 848007756, "side": "sell", "size": "0.00034000", "price": "117223.64000000", "time": "2025-07-12T16:09:29.893741Z", "fetched_at": "2025-07-12T16:10:50.186300+00:00", "symbol": "BTC-USD"}, {"trade_id": 848007755, "side": "sell", "size": "0.00000221", "price": "117223.47000000", "time": "2025-07-12T16:09:29.893741Z", "fetched_at": "2025-07-12T16:10:50.186300+00:00", "symbol": "BTC-USD"}, {"trade_id": 848007754, "side": "sell", "size": "0.00236080", "price": "117223.22000000", "time": "2025-07-12T16:09:29.439464Z", "fetched_at": "2025-07-12T16:10:50.186300+00:00", "symbol": "BTC-USD"}, {"trade_id": 848007753, "side": "sell", "size": "0.00004374", "price": "117223.22000000", "time": "2025-07-12T16:09:29.439464Z", "fetched_at": "2025-07-12T16:10:50.186300+00:00", "symbol": "BTC-USD"}, {"trade_id": 848007752, "side": "sell", "size": "0.00114899", "price": "117220.06000000", "time": "2025-07-12T16:09:29.135941Z", "fetched_at": "2025-07-12T16:10:50.186300+00:00", "symbol": "BTC-USD"}, {"trade_id": 848007751, "side": "sell", "size": "0.00003698", "price": "117220.05000000", "time": "2025-07-12T16:09:29.135941Z", "fetched_at": "2025-07-12T16:10:50.186300+00:00", "symbol": "BTC-USD"}, {"trade_id": 848007750, "side": "sell", "size": "0.00169400", "price": "117217.35000000", "time": "2025-07-12T16:09:29.135941Z", "fetched_at": "2025-07-12T16:10:50.186300+00:00", "symbol": "BTC-USD"}, {"trade_id": 848007749, "side": "buy", "size": "0.00251988", "price": "117215.93000000", "time": "2025-07-12T16:09:28.885676Z", "fetched_at": "2025-07-12T16:10:50.186300+00:00", "symbol": "BTC-USD"}, {"trade_id": 848007748, "side": "buy", "size": "0.00008384", "price": "117217.34000000", "time": "2025-07-12T16:09:28.885676Z", "fetched_at": "2025-07-12T16:10:50.186300+00:00", "symbol": "BTC-USD"}, {"trade_id": 848007747, "side": "sell", "size": "0.00014759", "price": "117217.35000000", "time": "2025-07-12T16:09:28.154192Z", "fetched_at": "2025-07-12T16:10:50.186300+00:00", "symbol": "BTC-USD"}, {"trade_id": 848007746, "side": "sell", "size": "0.00577351", "price": "117217.35000000", "time": "2025-07-12T16:09:27.736760Z", "fetched_at": "2025-07-12T16:10:50.186300+00:00", "symbol": "BTC-USD"}, {"trade_id": 848007745, "side": "buy", "size": "0.03077902", "price": "117215.93000000", "time": "2025-07-12T16:09:25.734637Z", "fetched_at": "2025-07-12T16:10:50.186300+00:00", "symbol": "BTC-USD"}, {"trade_id": 848007744, "side": "buy", "size": "0.00008384", "price": "117215.94000000", "time": "2025-07-12T16:09:25.734637Z", "fetched_at": "2025-07-12T16:10:50.186300+00:00", "symbol": "BTC-USD"}, {"trade_id": 848007743, "side": "buy", "size": "0.00120863", "price": "117215.94000000", "time": "2025-07-12T16:09:25.556103Z", "fetched_at": "2025-07-12T16:10:50.186300+00:00", "symbol": "BTC-USD"}, {"trade_id": 848007742, "side": "buy", "size": "0.00008384", "price": "117215.95000000", "time": "2025-07-12T16:09:25.556103Z", "fetched_at": "2025-07-12T16:10:50.186300+00:00", "symbol": "BTC-USD"}, {"trade_id": 848007741, "side": "sell", "size": "0.00073677", "price": "117215.97000000", "time": "2025-07-12T16:09:23.606752Z", "fetched_at": "2025-07-12T16:10:50.186300+00:00", "symbol": "BTC-USD"}, {"trade_id": 848007740, "side": "buy", "size": "0.00235040", "price": "117215.93000000", "time": "2025-07-12T16:09:22.284733Z", "fetched_at": "2025-07-12T16:10:50.186300+00:00", "symbol": "BTC-USD"}, {"trade_id": 848007739, "side": "buy", "size": "0.00003640", "price": "117215.94000000", "time": "2025-07-12T16:09:22.284733Z", "fetched_at": "2025-07-12T16:10:50.186300+00:00", "symbol": "BTC-USD"}, {"trade_id": 848007738, "side": "buy", "size": "0.00008384", "price": "117215.95000000", "time": "2025-07-12T16:09:22.284733Z", "fetched_at": "2025-07-12T16:10:50.186300+00:00", "symbol": "BTC-USD"}, {"trade_id": 848007737, "side": "sell", "size": "0.00606881", "price": "117224.78000000", "time": "2025-07-12T16:09:22.221022Z", "fetched_at": "2025-07-12T16:10:50.186300+00:00", "symbol": "BTC-USD"}, {"trade_id": 848007736, "side": "sell", "size": "0.00028400", "price": "117225.96000000", "time": "2025-07-12T16:09:22.124299Z", "fetched_at": "2025-07-12T16:10:50.186300+00:00", "symbol": "BTC-USD"}, {"trade_id": 848007735, "side": "sell", "size": "0.00003966", "price": "117225.95000000", "time": "2025-07-12T16:09:22.124299Z", "fetched_at": "2025-07-12T16:10:50.186300+00:00", "symbol": "BTC-USD"}, {"trade_id": 848007734, "side": "sell", "size": "0.00004935", "price": "117225.96000000", "time": "2025-07-12T16:09:22.051577Z", "fetched_at": "2025-07-12T16:10:50.186300+00:00", "symbol": "BTC-USD"}, {"trade_id": 848007733, "side": "sell", "size": "0.00003511", "price": "117225.48000000", "time": "2025-07-12T16:09:22.051577Z", "fetched_at": "2025-07-12T16:10:50.186300+00:00", "symbol": "BTC-USD"}, {"trade_id": 848007732, "side": "sell", "size": "0.00009158", "price": "117225.96000000", "time": "2025-07-12T16:09:22.026532Z", "fetched_at": "2025-07-12T16:10:50.186300+00:00", "symbol": "BTC-USD"}, {"trade_id": 848007731, "side": "sell", "size": "0.00003511", "price": "117225.95000000", "time": "2025-07-12T16:09:22.026532Z", "fetched_at": "2025-07-12T16:10:50.186300+00:00", "symbol": "BTC-USD"}, {"trade_id": 848007730, "side": "sell", "size": "0.00008091", "price": "117223.64000000", "time": "2025-07-12T16:09:21.970639Z", "fetched_at": "2025-07-12T16:10:50.186300+00:00", "symbol": "BTC-USD"}, {"trade_id": 848007729, "side": "buy", "size": "0.00017989", "price": "117217.29000000", "time": "2025-07-12T16:09:21.645617Z", "fetched_at": "2025-07-12T16:10:50.186300+00:00", "symbol": "BTC-USD"}, {"trade_id": 848007728, "side": "buy", "size": "0.00008383", "price": "117217.30000000", "time": "2025-07-12T16:09:21.645617Z", "fetched_at": "2025-07-12T16:10:50.186300+00:00", "symbol": "BTC-USD"}, {"trade_id": 848007727, "side": "sell", "size": "0.00414536", "price": "117220.82000000", "time": "2025-07-12T16:09:21.293448Z", "fetched_at": "2025-07-12T16:10:50.186300+00:00", "symbol": "BTC-USD"}, {"trade_id": 848007726, "side": "buy", "size": "0.00005365", "price": "117217.32000000", "time": "2025-07-12T16:09:21.270695Z", "fetched_at": "2025-07-12T16:10:50.186300+00:00", "symbol": "BTC-USD"}, {"trade_id": 848007725, "side": "buy", "size": "0.00162239", "price": "117217.29000000", "time": "2025-07-12T16:09:21.252925Z", "fetched_at": "2025-07-12T16:10:50.186300+00:00", "symbol": "BTC-USD"}, {"trade_id": 848007724, "side": "buy", "size": "0.00008384", "price": "117217.32000000", "time": "2025-07-12T16:09:21.252925Z", "fetched_at": "2025-07-12T16:10:50.186300+00:00", "symbol": "BTC-USD"}, {"trade_id": 848007723, "side": "buy", "size": "0.00001723", "price": "117217.32000000", "time": "2025-07-12T16:09:21.216053Z", "fetched_at": "2025-07-12T16:10:50.186300+00:00", "symbol": "BTC-USD"}, {"trade_id": 848007722, "side": "sell", "size": "0.00059489", "price": "117225.99000000", "time": "2025-07-12T16:09:20.908246Z", "fetched_at": "2025-07-12T16:10:50.186300+00:00", "symbol": "BTC-USD"}, {"trade_id": 848007721, "side": "sell", "size": "0.00003073", "price": "117225.98000000", "time": "2025-07-12T16:09:20.908246Z", "fetched_at": "2025-07-12T16:10:50.186300+00:00", "symbol": "BTC-USD"}, {"trade_id": 848007720, "side": "sell", "size": "0.00007328", "price": "117225.99000000", "time": "2025-07-12T16:09:20.897790Z", "fetched_at": "2025-07-12T16:10:50.186300+00:00", "symbol": "BTC-USD"}, {"trade_id": 848007719, "side": "sell", "size": "0.00001442", "price": "117225.98000000", "time": "2025-07-12T16:09:20.897790Z", "fetched_at": "2025-07-12T16:10:50.186300+00:00", "symbol": "BTC-USD"}, {"trade_id": 848007718, "side": "sell", "size": "0.00000826", "price": "117225.98000000", "time": "2025-07-12T16:09:20.897790Z", "fetched_at": "2025-07-12T16:10:50.186300+00:00", "symbol": "BTC-USD"}, {"trade_id": 848007717, "side": "sell", "size": "0.00003073", "price": "117225.97000000", "time": "2025-07-12T16:09:20.897790Z", "fetched_at": "2025-07-12T16:10:50.186300+00:00", "symbol": "BTC-USD"}, {"trade_id": 848007716, "side": "sell", "size": "0.00005086", "price": "117226.00000000", "time": "2025-07-12T16:09:20.625363Z", "fetched_at": "2025-07-12T16:10:50.186300+00:00", "symbol": "BTC-USD"}, {"trade_id": 848007715, "side": "sell", "size": "0.00003816", "price": "117225.99000000", "time": "2025-07-12T16:09:20.625363Z", "fetched_at": "2025-07-12T16:10:50.186300+00:00", "symbol": "BTC-USD"}, {"trade_id": 848007714, "side": "sell", "size": "0.00079091", "price": "117225.99000000", "time": "2025-07-12T16:09:20.425103Z", "fetched_at": "2025-07-12T16:10:50.186300+00:00", "symbol": "BTC-USD"}, {"trade_id": 848007713, "side": "sell", "size": "0.00003816", "price": "117225.98000000", "time": "2025-07-12T16:09:20.425103Z", "fetched_at": "2025-07-12T16:10:50.186300+00:00", "symbol": "BTC-USD"}, {"trade_id": 848007712, "side": "sell", "size": "0.11786508", "price": "117229.31000000", "time": "2025-07-12T16:09:19.849707Z", "fetched_at": "2025-07-12T16:10:50.186300+00:00", "symbol": "BTC-USD"}, {"trade_id": 848007711, "side": "sell", "size": "0.11906568", "price": "117228.87000000", "time": "2025-07-12T16:09:19.849707Z", "fetched_at": "2025-07-12T16:10:50.186300+00:00", "symbol": "BTC-USD"}, {"trade_id": 848007710, "side": "sell", "size": "0.01925766", "price": "117228.86000000", "time": "2025-07-12T16:09:19.849707Z", "fetched_at": "2025-07-12T16:10:50.186300+00:00", "symbol": "BTC-USD"}, {"trade_id": 848007709, "side": "sell", "size": "0.01753320", "price": "117224.98000000", "time": "2025-07-12T16:09:19.849707Z", "fetched_at": "2025-07-12T16:10:50.186300+00:00", "symbol": "BTC-USD"}, {"trade_id": 848007708, "side": "sell", "size": "0.00000502", "price": "117224.81000000", "time": "2025-07-12T16:09:19.849707Z", "fetched_at": "2025-07-12T16:10:50.186300+00:00", "symbol": "BTC-USD"}, {"trade_id": 848007707, "side": "sell", "size": "0.00000334", "price": "117224.81000000", "time": "2025-07-12T16:09:19.849707Z", "fetched_at": "2025-07-12T16:10:50.186300+00:00", "symbol": "BTC-USD"}, {"trade_id": 848007706, "side": "sell", "size": "0.10673292", "price": "117224.77000000", "time": "2025-07-12T16:09:19.849707Z", "fetched_at": "2025-07-12T16:10:50.186300+00:00", "symbol": "BTC-USD"}, {"trade_id": 848007705, "side": "sell", "size": "0.05541405", "price": "117224.76000000", "time": "2025-07-12T16:09:19.849707Z", "fetched_at": "2025-07-12T16:10:50.186300+00:00", "symbol": "BTC-USD"}, {"trade_id": 848007704, "side": "sell", "size": "0.00853069", "price": "117223.78000000", "time": "2025-07-12T16:09:19.849707Z", "fetched_at": "2025-07-12T16:10:50.186300+00:00", "symbol": "BTC-USD"}, {"trade_id": 848007703, "side": "sell", "size": "0.00003808", "price": "117223.77000000", "time": "2025-07-12T16:09:19.849707Z", "fetched_at": "2025-07-12T16:10:50.186300+00:00", "symbol": "BTC-USD"}, {"trade_id": 848007702, "side": "sell", "size": "0.01810279", "price": "117219.46000000", "time": "2025-07-12T16:09:19.849707Z", "fetched_at": "2025-07-12T16:10:50.186300+00:00", "symbol": "BTC-USD"}, {"trade_id": 848007701, "side": "sell", "size": "0.00000218", "price": "117224.77000000", "time": "2025-07-12T16:09:19.297250Z", "fetched_at": "2025-07-12T16:10:50.186300+00:00", "symbol": "BTC-USD"}, {"trade_id": 848007700, "side": "sell", "size": "0.00003794", "price": "117224.76000000", "time": "2025-07-12T16:09:19.297250Z", "fetched_at": "2025-07-12T16:10:50.186300+00:00", "symbol": "BTC-USD"}, {"trade_id": 848007699, "side": "sell", "size": "0.00012488", "price": "117223.91000000", "time": "2025-07-12T16:09:18.658673Z", "fetched_at": "2025-07-12T16:10:50.186300+00:00", "symbol": "BTC-USD"}, {"trade_id": 848007698, "side": "sell", "size": "0.00003794", "price": "117223.90000000", "time": "2025-07-12T16:09:18.658673Z", "fetched_at": "2025-07-12T16:10:50.186300+00:00", "symbol": "BTC-USD"}, {"trade_id": 848007697, "side": "sell", "size": "0.00000298", "price": "117218.83000000", "time": "2025-07-12T16:09:18.658673Z", "fetched_at": "2025-07-12T16:10:50.186300+00:00", "symbol": "BTC-USD"}, {"trade_id": 848007696, "side": "sell", "size": "0.00082905", "price": "117218.83000000", "time": "2025-07-12T16:09:16.831306Z", "fetched_at": "2025-07-12T16:10:50.186300+00:00", "symbol": "BTC-USD"}, {"trade_id": 848007695, "side": "sell", "size": "0.00020727", "price": "117218.83000000", "time": "2025-07-12T16:09:16.769554Z", "fetched_at": "2025-07-12T16:10:50.186300+00:00", "symbol": "BTC-USD"}, {"trade_id": 848007694, "side": "sell", "size": "0.00012669", "price": "117218.83000000", "time": "2025-07-12T16:09:16.537375Z", "fetched_at": "2025-07-12T16:10:50.186300+00:00", "symbol": "BTC-USD"}, {"trade_id": 848007693, "side": "sell", "size": "0.00000169", "price": "117224.79000000", "time": "2025-07-12T16:09:16.352062Z", "fetched_at": "2025-07-12T16:10:50.186300+00:00", "symbol": "BTC-USD"}, {"trade_id": 848007692, "side": "sell", "size": "0.00003877", "price": "117224.78000000", "time": "2025-07-12T16:09:16.352062Z", "fetched_at": "2025-07-12T16:10:50.186300+00:00", "symbol": "BTC-USD"}, {"trade_id": 848007691, "side": "sell", "size": "0.00029002", "price": "117217.71000000", "time": "2025-07-12T16:09:16.272439Z", "fetched_at": "2025-07-12T16:10:50.186300+00:00", "symbol": "BTC-USD"}, {"trade_id": 848007690, "side": "sell", "size": "0.00012669", "price": "117217.71000000", "time": "2025-07-12T16:09:16.257991Z", "fetched_at": "2025-07-12T16:10:50.186300+00:00", "symbol": "BTC-USD"}, {"trade_id": 848007689, "side": "sell", "size": "0.00122319", "price": "117224.12000000", "time": "2025-07-12T16:09:15.323828Z", "fetched_at": "2025-07-12T16:10:50.186300+00:00", "symbol": "BTC-USD"}, {"trade_id": 848007688, "side": "sell", "size": "0.00004122", "price": "117224.11000000", "time": "2025-07-12T16:09:15.323828Z", "fetched_at": "2025-07-12T16:10:50.186300+00:00", "symbol": "BTC-USD"}, {"trade_id": 848007687, "side": "sell", "size": "0.00012150", "price": "117224.12000000", "time": "2025-07-12T16:09:15.166543Z", "fetched_at": "2025-07-12T16:10:50.186300+00:00", "symbol": "BTC-USD"}, {"trade_id": 848007686, "side": "sell", "size": "0.00004742", "price": "117224.11000000", "time": "2025-07-12T16:09:15.166543Z", "fetched_at": "2025-07-12T16:10:50.186300+00:00", "symbol": "BTC-USD"}, {"trade_id": 848007685, "side": "sell", "size": "0.00128774", "price": "117224.79000000", "time": "2025-07-12T16:09:15.057240Z", "fetched_at": "2025-07-12T16:10:50.186300+00:00", "symbol": "BTC-USD"}, {"trade_id": 848007684, "side": "sell", "size": "0.00004751", "price": "117224.78000000", "time": "2025-07-12T16:09:15.057240Z", "fetched_at": "2025-07-12T16:10:50.186300+00:00", "symbol": "BTC-USD"}, {"trade_id": 848007683, "side": "sell", "size": "0.00011429", "price": "117224.79000000", "time": "2025-07-12T16:09:14.856429Z", "fetched_at": "2025-07-12T16:10:50.186300+00:00", "symbol": "BTC-USD"}, {"trade_id": 848007682, "side": "sell", "size": "0.00005151", "price": "117224.78000000", "time": "2025-07-12T16:09:14.856429Z", "fetched_at": "2025-07-12T16:10:50.186300+00:00", "symbol": "BTC-USD"}, {"trade_id": 848007681, "side": "sell", "size": "0.00015573", "price": "117221.40000000", "time": "2025-07-12T16:09:14.150564Z", "fetched_at": "2025-07-12T16:10:50.186300+00:00", "symbol": "BTC-USD"}, {"trade_id": 848007680, "side": "sell", "size": "0.00005154", "price": "117221.39000000", "time": "2025-07-12T16:09:14.150564Z", "fetched_at": "2025-07-12T16:10:50.186300+00:00", "symbol": "BTC-USD"}, {"trade_id": 848007679, "side": "buy", "size": "0.00001297", "price": "117216.29000000", "time": "2025-07-12T16:09:13.661651Z", "fetched_at": "2025-07-12T16:10:50.186300+00:00", "symbol": "BTC-USD"}, {"trade_id": 848007678, "side": "buy", "size": "0.00326487", "price": "117217.09000000", "time": "2025-07-12T16:09:13.574950Z", "fetched_at": "2025-07-12T16:10:50.186300+00:00", "symbol": "BTC-USD"}, {"trade_id": 848007677, "side": "buy", "size": "0.00007249", "price": "117217.49000000", "time": "2025-07-12T16:09:13.574950Z", "fetched_at": "2025-07-12T16:10:50.186300+00:00", "symbol": "BTC-USD"}, {"trade_id": 848007676, "side": "buy", "size": "0.00008384", "price": "117217.51000000", "time": "2025-07-12T16:09:13.574950Z", "fetched_at": "2025-07-12T16:10:50.186300+00:00", "symbol": "BTC-USD"}, {"trade_id": 848007675, "side": "sell", "size": "0.00000017", "price": "117217.52000000", "time": "2025-07-12T16:09:13.493560Z", "fetched_at": "2025-07-12T16:10:50.186300+00:00", "symbol": "BTC-USD"}, {"trade_id": 848007674, "side": "buy", "size": "0.00000232", "price": "117217.49000000", "time": "2025-07-12T16:09:13.489285Z", "fetched_at": "2025-07-12T16:10:50.186300+00:00", "symbol": "BTC-USD"}, {"trade_id": 848007673, "side": "buy", "size": "0.00008384", "price": "117217.51000000", "time": "2025-07-12T16:09:13.489285Z", "fetched_at": "2025-07-12T16:10:50.186300+00:00", "symbol": "BTC-USD"}, {"trade_id": 848007672, "side": "sell", "size": "0.00207268", "price": "117219.52000000", "time": "2025-07-12T16:09:13.036410Z", "fetched_at": "2025-07-12T16:10:50.186300+00:00", "symbol": "BTC-USD"}, {"trade_id": 848007671, "side": "sell", "size": "0.00020727", "price": "117219.52000000", "time": "2025-07-12T16:09:12.482785Z", "fetched_at": "2025-07-12T16:10:50.186300+00:00", "symbol": "BTC-USD"}, {"trade_id": 848007670, "side": "sell", "size": "0.00126692", "price": "117218.13000000", "time": "2025-07-12T16:09:12.105409Z", "fetched_at": "2025-07-12T16:10:50.186300+00:00", "symbol": "BTC-USD"}, {"trade_id": 848007669, "side": "sell", "size": "0.00084461", "price": "117218.13000000", "time": "2025-07-12T16:09:12.092315Z", "fetched_at": "2025-07-12T16:10:50.186300+00:00", "symbol": "BTC-USD"}, {"trade_id": 848007668, "side": "sell", "size": "0.00087384", "price": "117218.13000000", "time": "2025-07-12T16:09:11.872365Z", "fetched_at": "2025-07-12T16:10:50.186300+00:00", "symbol": "BTC-USD"}, {"trade_id": 848007667, "side": "sell", "size": "0.00004046", "price": "117224.80000000", "time": "2025-07-12T16:09:11.421704Z", "fetched_at": "2025-07-12T16:10:50.186300+00:00", "symbol": "BTC-USD"}, {"trade_id": 848007666, "side": "sell", "size": "0.00096718", "price": "117224.81000000", "time": "2025-07-12T16:09:10.579747Z", "fetched_at": "2025-07-12T16:10:50.186300+00:00", "symbol": "BTC-USD"}, {"trade_id": 848007665, "side": "sell", "size": "0.00002015", "price": "117224.80000000", "time": "2025-07-12T16:09:10.579747Z", "fetched_at": "2025-07-12T16:10:50.186300+00:00", "symbol": "BTC-USD"}, {"trade_id": 848007664, "side": "buy", "size": "0.00407053", "price": "117217.49000000", "time": "2025-07-12T16:09:10.502087Z", "fetched_at": "2025-07-12T16:10:50.186300+00:00", "symbol": "BTC-USD"}, {"trade_id": 848007663, "side": "buy", "size": "0.00008384", "price": "117218.15000000", "time": "2025-07-12T16:09:10.502087Z", "fetched_at": "2025-07-12T16:10:50.186300+00:00", "symbol": "BTC-USD"}, {"trade_id": 848007662, "side": "sell", "size": "0.00205126", "price": "117224.81000000", "time": "2025-07-12T16:09:10.472965Z", "fetched_at": "2025-07-12T16:10:50.186300+00:00", "symbol": "BTC-USD"}, {"trade_id": 848007661, "side": "sell", "size": "0.00000127", "price": "117224.80000000", "time": "2025-07-12T16:09:10.472965Z", "fetched_at": "2025-07-12T16:10:50.186300+00:00", "symbol": "BTC-USD"}, {"trade_id": 848007660, "side": "sell", "size": "0.00002015", "price": "117224.80000000", "time": "2025-07-12T16:09:10.472965Z", "fetched_at": "2025-07-12T16:10:50.186300+00:00", "symbol": "BTC-USD"}, {"trade_id": 848007659, "side": "sell", "size": "0.00329417", "price": "117224.81000000", "time": "2025-07-12T16:09:10.422450Z", "fetched_at": "2025-07-12T16:10:50.186300+00:00", "symbol": "BTC-USD"}, {"trade_id": 848007658, "side": "sell", "size": "0.00002015", "price": "117224.80000000", "time": "2025-07-12T16:09:10.422450Z", "fetched_at": "2025-07-12T16:10:50.186300+00:00", "symbol": "BTC-USD"}, {"trade_id": 848007657, "side": "sell", "size": "0.00416527", "price": "117218.34000000", "time": "2025-07-12T16:09:10.397887Z", "fetched_at": "2025-07-12T16:10:50.186300+00:00", "symbol": "BTC-USD"}, {"trade_id": 848007656, "side": "sell", "size": "0.00006044", "price": "117213.48000000", "time": "2025-07-12T16:09:10.397887Z", "fetched_at": "2025-07-12T16:10:50.186300+00:00", "symbol": "BTC-USD"}, {"trade_id": 848007655, "side": "sell", "size": "0.00000392", "price": "117213.48000000", "time": "2025-07-12T16:09:10.397887Z", "fetched_at": "2025-07-12T16:10:50.186300+00:00", "symbol": "BTC-USD"}, {"trade_id": 848007654, "side": "sell", "size": "0.00001033", "price": "117213.48000000", "time": "2025-07-12T16:09:10.397887Z", "fetched_at": "2025-07-12T16:10:50.186300+00:00", "symbol": "BTC-USD"}, {"trade_id": 848007653, "side": "buy", "size": "0.00002792", "price": "117213.45000000", "time": "2025-07-12T16:09:09.158525Z", "fetched_at": "2025-07-12T16:10:50.186300+00:00", "symbol": "BTC-USD"}, {"trade_id": 848007652, "side": "sell", "size": "0.07755809", "price": "117223.62000000", "time": "2025-07-12T16:09:09.156662Z", "fetched_at": "2025-07-12T16:10:50.186300+00:00", "symbol": "BTC-USD"}, {"trade_id": 848007651, "side": "sell", "size": "0.02705927", "price": "117223.61000000", "time": "2025-07-12T16:09:09.156662Z", "fetched_at": "2025-07-12T16:10:50.186300+00:00", "symbol": "BTC-USD"}, {"trade_id": 848007650, "side": "sell", "size": "0.00001000", "price": "117223.44000000", "time": "2025-07-12T16:09:09.156662Z", "fetched_at": "2025-07-12T16:10:50.186300+00:00", "symbol": "BTC-USD"}, {"trade_id": 848007649, "side": "sell", "size": "0.06209089", "price": "117220.59000000", "time": "2025-07-12T16:09:09.156662Z", "fetched_at": "2025-07-12T16:10:50.186300+00:00", "symbol": "BTC-USD"}, {"trade_id": 848007648, "side": "sell", "size": "0.03726053", "price": "117220.58000000", "time": "2025-07-12T16:09:09.156662Z", "fetched_at": "2025-07-12T16:10:50.186300+00:00", "symbol": "BTC-USD"}, {"trade_id": 848007647, "side": "sell", "size": "0.00853097", "price": "117219.84000000", "time": "2025-07-12T16:09:09.156662Z", "fetched_at": "2025-07-12T16:10:50.186300+00:00", "symbol": "BTC-USD"}, {"trade_id": 848007646, "side": "sell", "size": "0.00006016", "price": "117219.83000000", "time": "2025-07-12T16:09:09.156662Z", "fetched_at": "2025-07-12T16:10:50.186300+00:00", "symbol": "BTC-USD"}, {"trade_id": 848007645, "side": "sell", "size": "0.00001000", "price": "117214.65000000", "time": "2025-07-12T16:09:09.156662Z", "fetched_at": "2025-07-12T16:10:50.186300+00:00", "symbol": "BTC-USD"}, {"trade_id": 848007644, "side": "sell", "size": "0.01810354", "price": "117214.64000000", "time": "2025-07-12T16:09:09.156662Z", "fetched_at": "2025-07-12T16:10:50.186300+00:00", "symbol": "BTC-USD"}, {"trade_id": 848007643, "side": "sell", "size": "0.00001386", "price": "117213.48000000", "time": "2025-07-12T16:09:09.156662Z", "fetched_at": "2025-07-12T16:10:50.186300+00:00", "symbol": "BTC-USD"}, {"trade_id": 848007642, "side": "sell", "size": "0.00000025", "price": "117213.48000000", "time": "2025-07-12T16:09:09.156662Z", "fetched_at": "2025-07-12T16:10:50.186300+00:00", "symbol": "BTC-USD"}, {"trade_id": 848007641, "side": "sell", "size": "0.00000597", "price": "117213.48000000", "time": "2025-07-12T16:09:09.156662Z", "fetched_at": "2025-07-12T16:10:50.186300+00:00", "symbol": "BTC-USD"}, {"trade_id": 848007640, "side": "sell", "size": "0.02269503", "price": "117213.48000000", "time": "2025-07-12T16:09:09.156662Z", "fetched_at": "2025-07-12T16:10:50.186300+00:00", "symbol": "BTC-USD"}, {"trade_id": 848007639, "side": "sell", "size": "0.00014711", "price": "117213.48000000", "time": "2025-07-12T16:09:08.877418Z", "fetched_at": "2025-07-12T16:10:50.186300+00:00", "symbol": "BTC-USD"}, {"trade_id": 848007638, "side": "sell", "size": "0.00006016", "price": "117213.41000000", "time": "2025-07-12T16:09:08.877418Z", "fetched_at": "2025-07-12T16:10:50.186300+00:00", "symbol": "BTC-USD"}, {"trade_id": 848007637, "side": "buy", "size": "0.00279702", "price": "117212.41000000", "time": "2025-07-12T16:09:08.479773Z", "fetched_at": "2025-07-12T16:10:50.186300+00:00", "symbol": "BTC-USD"}, {"trade_id": 848007636, "side": "buy", "size": "0.00572946", "price": "117213.47000000", "time": "2025-07-12T16:09:08.479773Z", "fetched_at": "2025-07-12T16:10:50.186300+00:00", "symbol": "BTC-USD"}, {"trade_id": 848007635, "side": "sell", "size": "0.00016184", "price": "117213.48000000", "time": "2025-07-12T16:09:07.440125Z", "fetched_at": "2025-07-12T16:10:50.186300+00:00", "symbol": "BTC-USD"}, {"trade_id": 848007634, "side": "sell", "size": "0.00248722", "price": "117213.48000000", "time": "2025-07-12T16:09:06.748131Z", "fetched_at": "2025-07-12T16:10:50.186300+00:00", "symbol": "BTC-USD"}, {"trade_id": 848007633, "side": "sell", "size": "0.00004046", "price": "117213.48000000", "time": "2025-07-12T16:09:06.012866Z", "fetched_at": "2025-07-12T16:10:50.186300+00:00", "symbol": "BTC-USD"}, {"trade_id": 848007632, "side": "sell", "size": "0.00008459", "price": "117213.48000000", "time": "2025-07-12T16:09:05.168029Z", "fetched_at": "2025-07-12T16:10:50.186300+00:00", "symbol": "BTC-USD"}, {"trade_id": 848007631, "side": "sell", "size": "0.00002272", "price": "117213.48000000", "time": "2025-07-12T16:09:04.484299Z", "fetched_at": "2025-07-12T16:10:50.186300+00:00", "symbol": "BTC-USD"}, {"trade_id": 848007630, "side": "sell", "size": "0.00021853", "price": "117213.48000000", "time": "2025-07-12T16:09:04.118755Z", "fetched_at": "2025-07-12T16:10:50.186300+00:00", "symbol": "BTC-USD"}, {"trade_id": 848007629, "side": "buy", "size": "0.00004015", "price": "117213.47000000", "time": "2025-07-12T16:09:02.945326Z", "fetched_at": "2025-07-12T16:10:50.186300+00:00", "symbol": "BTC-USD"}, {"trade_id": 848007628, "side": "sell", "size": "0.00288027", "price": "117213.48000000", "time": "2025-07-12T16:09:01.924668Z", "fetched_at": "2025-07-12T16:10:50.186300+00:00", "symbol": "BTC-USD"}, {"trade_id": 848007627, "side": "buy", "size": "0.00000001", "price": "117213.47000000", "time": "2025-07-12T16:09:01.669532Z", "fetched_at": "2025-07-12T16:10:50.186300+00:00", "symbol": "BTC-USD"}, {"trade_id": 848007626, "side": "sell", "size": "0.00016894", "price": "117213.48000000", "time": "2025-07-12T16:09:01.294095Z", "fetched_at": "2025-07-12T16:10:50.186300+00:00", "symbol": "BTC-USD"}, {"trade_id": 848007625, "side": "sell", "size": "0.00021853", "price": "117213.48000000", "time": "2025-07-12T16:09:01.249447Z", "fetched_at": "2025-07-12T16:10:50.186300+00:00", "symbol": "BTC-USD"}, {"trade_id": 848007624, "side": "sell", "size": "0.00084467", "price": "117213.48000000", "time": "2025-07-12T16:09:00.821432Z", "fetched_at": "2025-07-12T16:10:50.186300+00:00", "symbol": "BTC-USD"}, {"trade_id": 848007623, "side": "buy", "size": "0.00300000", "price": "117213.47000000", "time": "2025-07-12T16:09:00.316371Z", "fetched_at": "2025-07-12T16:10:50.186300+00:00", "symbol": "BTC-USD"}, {"trade_id": 848007622, "side": "buy", "size": "0.00008618", "price": "117213.47000000", "time": "2025-07-12T16:08:59.991973Z", "fetched_at": "2025-07-12T16:10:50.186300+00:00", "symbol": "BTC-USD"}, {"trade_id": 848007621, "side": "sell", "size": "0.00000008", "price": "117213.48000000", "time": "2025-07-12T16:08:58.549123Z", "fetched_at": "2025-07-12T16:10:50.186300+00:00", "symbol": "BTC-USD"}, {"trade_id": 848007620, "side": "sell", "size": "0.00000042", "price": "117213.48000000", "time": "2025-07-12T16:08:58.533314Z", "fetched_at": "2025-07-12T16:10:50.186300+00:00", "symbol": "BTC-USD"}, {"trade_id": 848007619, "side": "sell", "size": "0.00084529", "price": "117213.48000000", "time": "2025-07-12T16:08:58.514827Z", "fetched_at": "2025-07-12T16:10:50.186300+00:00", "symbol": "BTC-USD"}, {"trade_id": 848007618, "side": "sell", "size": "0.01152439", "price": "117213.48000000", "time": "2025-07-12T16:08:58.163716Z", "fetched_at": "2025-07-12T16:10:50.186300+00:00", "symbol": "BTC-USD"}, {"trade_id": 848007617, "side": "sell", "size": "0.01810450", "price": "117208.39000000", "time": "2025-07-12T16:08:58.162477Z", "fetched_at": "2025-07-12T16:10:50.186300+00:00", "symbol": "BTC-USD"}, {"trade_id": 848007616, "side": "sell", "size": "0.00000681", "price": "117206.31000000", "time": "2025-07-12T16:08:58.162477Z", "fetched_at": "2025-07-12T16:10:50.186300+00:00", "symbol": "BTC-USD"}, {"trade_id": 848007615, "side": "sell", "size": "0.00000221", "price": "117206.02000000", "time": "2025-07-12T16:08:58.162477Z", "fetched_at": "2025-07-12T16:10:50.186300+00:00", "symbol": "BTC-USD"}, {"trade_id": 848007614, "side": "sell", "size": "0.00005297", "price": "117206.02000000", "time": "2025-07-12T16:08:58.162477Z", "fetched_at": "2025-07-12T16:10:50.186300+00:00", "symbol": "BTC-USD"}, {"trade_id": 848007613, "side": "sell", "size": "0.00001054", "price": "117205.83000000", "time": "2025-07-12T16:08:57.606537Z", "fetched_at": "2025-07-12T16:10:50.186300+00:00", "symbol": "BTC-USD"}, {"trade_id": 848007612, "side": "sell", "size": "0.00008826", "price": "117206.32000000", "time": "2025-07-12T16:08:57.074629Z", "fetched_at": "2025-07-12T16:10:50.186300+00:00", "symbol": "BTC-USD"}, {"trade_id": 848007611, "side": "sell", "size": "0.00005266", "price": "117206.31000000", "time": "2025-07-12T16:08:57.074629Z", "fetched_at": "2025-07-12T16:10:50.186300+00:00", "symbol": "BTC-USD"}, {"trade_id": 848007610, "side": "sell", "size": "0.00002802", "price": "117203.79000000", "time": "2025-07-12T16:08:57.074629Z", "fetched_at": "2025-07-12T16:10:50.186300+00:00", "symbol": "BTC-USD"}, {"trade_id": 848007609, "side": "sell", "size": "0.00000298", "price": "117203.79000000", "time": "2025-07-12T16:08:56.825762Z", "fetched_at": "2025-07-12T16:10:50.186300+00:00", "symbol": "BTC-USD"}, {"trade_id": 848007608, "side": "sell", "size": "0.00000631", "price": "117203.79000000", "time": "2025-07-12T16:08:56.825762Z", "fetched_at": "2025-07-12T16:10:50.186300+00:00", "symbol": "BTC-USD"}, {"trade_id": 848007607, "side": "buy", "size": "0.00153467", "price": "117201.23000000", "time": "2025-07-12T16:08:56.066729Z", "fetched_at": "2025-07-12T16:10:50.186300+00:00", "symbol": "BTC-USD"}, {"trade_id": 848007606, "side": "buy", "size": "0.00008385", "price": "117203.78000000", "time": "2025-07-12T16:08:56.066729Z", "fetched_at": "2025-07-12T16:10:50.186300+00:00", "symbol": "BTC-USD"}, {"trade_id": 848007605, "side": "sell", "size": "0.00027477", "price": "117203.56000000", "time": "2025-07-12T16:08:54.322215Z", "fetched_at": "2025-07-12T16:10:50.186300+00:00", "symbol": "BTC-USD"}, {"trade_id": 848007604, "side": "sell", "size": "0.00737892", "price": "117204.88000000", "time": "2025-07-12T16:08:54.248653Z", "fetched_at": "2025-07-12T16:10:50.186300+00:00", "symbol": "BTC-USD"}, {"trade_id": 848007603, "side": "sell", "size": "0.00007109", "price": "117204.87000000", "time": "2025-07-12T16:08:54.248653Z", "fetched_at": "2025-07-12T16:10:50.186300+00:00", "symbol": "BTC-USD"}, {"trade_id": 848007602, "side": "sell", "size": "0.00001034", "price": "117203.79000000", "time": "2025-07-12T16:08:54.248653Z", "fetched_at": "2025-07-12T16:10:50.186300+00:00", "symbol": "BTC-USD"}, {"trade_id": 848007601, "side": "sell", "size": "0.00000213", "price": "117203.79000000", "time": "2025-07-12T16:08:54.248653Z", "fetched_at": "2025-07-12T16:10:50.186300+00:00", "symbol": "BTC-USD"}, {"trade_id": 848007600, "side": "sell", "size": "0.00013361", "price": "117202.92000000", "time": "2025-07-12T16:08:53.371025Z", "fetched_at": "2025-07-12T16:10:50.186300+00:00", "symbol": "BTC-USD"}, {"trade_id": 848007599, "side": "sell", "size": "0.00007359", "price": "117201.24000000", "time": "2025-07-12T16:08:53.371025Z", "fetched_at": "2025-07-12T16:10:50.186300+00:00", "symbol": "BTC-USD"}, {"trade_id": 848007598, "side": "buy", "size": "0.00085631", "price": "117201.23000000", "time": "2025-07-12T16:08:52.928714Z", "fetched_at": "2025-07-12T16:10:50.186300+00:00", "symbol": "BTC-USD"}, {"trade_id": 848007597, "side": "buy", "size": "0.00008385", "price": "117201.24000000", "time": "2025-07-12T16:08:52.928714Z", "fetched_at": "2025-07-12T16:10:50.186300+00:00", "symbol": "BTC-USD"}, {"trade_id": 848007596, "side": "buy", "size": "0.00296142", "price": "117201.37000000", "time": "2025-07-12T16:08:52.153542Z", "fetched_at": "2025-07-12T16:10:50.186300+00:00", "symbol": "BTC-USD"}, {"trade_id": 848007595, "side": "buy", "size": "0.00002566", "price": "117202.04000000", "time": "2025-07-12T16:08:52.153542Z", "fetched_at": "2025-07-12T16:10:50.186300+00:00", "symbol": "BTC-USD"}, {"trade_id": 848007594, "side": "buy", "size": "0.00017064", "price": "117198.83000000", "time": "2025-07-12T16:08:51.857437Z", "fetched_at": "2025-07-12T16:10:50.186300+00:00", "symbol": "BTC-USD"}, {"trade_id": 848007593, "side": "buy", "size": "0.00053439", "price": "117199.06000000", "time": "2025-07-12T16:08:51.387198Z", "fetched_at": "2025-07-12T16:10:50.186300+00:00", "symbol": "BTC-USD"}, {"trade_id": 848007592, "side": "buy", "size": "0.00000170", "price": "117200.49000000", "time": "2025-07-12T16:08:51.387198Z", "fetched_at": "2025-07-12T16:10:50.186300+00:00", "symbol": "BTC-USD"}, {"trade_id": 848007591, "side": "buy", "size": "0.00008385", "price": "117200.72000000", "time": "2025-07-12T16:08:51.387198Z", "fetched_at": "2025-07-12T16:10:50.186300+00:00", "symbol": "BTC-USD"}, {"trade_id": 848007590, "side": "buy", "size": "0.00007477", "price": "117196.72000000", "time": "2025-07-12T16:08:49.102433Z", "fetched_at": "2025-07-12T16:10:50.186300+00:00", "symbol": "BTC-USD"}, {"trade_id": 848007589, "side": "buy", "size": "0.00000358", "price": "117196.72000000", "time": "2025-07-12T16:08:49.102433Z", "fetched_at": "2025-07-12T16:10:50.186300+00:00", "symbol": "BTC-USD"}, {"trade_id": 848007588, "side": "buy", "size": "0.00008385", "price": "117199.10000000", "time": "2025-07-12T16:08:49.102433Z", "fetched_at": "2025-07-12T16:10:50.186300+00:00", "symbol": "BTC-USD"}, {"trade_id": 848007587, "side": "sell", "size": "0.00009812", "price": "117199.11000000", "time": "2025-07-12T16:08:48.604456Z", "fetched_at": "2025-07-12T16:10:50.186300+00:00", "symbol": "BTC-USD"}, {"trade_id": 848007586, "side": "sell", "size": "0.00040460", "price": "117199.11000000", "time": "2025-07-12T16:08:47.392182Z", "fetched_at": "2025-07-12T16:10:50.186300+00:00", "symbol": "BTC-USD"}, {"trade_id": 848007585, "side": "sell", "size": "0.00000009", "price": "117196.73000000", "time": "2025-07-12T16:08:47.054358Z", "fetched_at": "2025-07-12T16:10:50.186300+00:00", "symbol": "BTC-USD"}, {"trade_id": 848007584, "side": "buy", "size": "0.04965843", "price": "117189.27000000", "time": "2025-07-12T16:08:46.824312Z", "fetched_at": "2025-07-12T16:10:50.186300+00:00", "symbol": "BTC-USD"}, {"trade_id": 848007583, "side": "buy", "size": "0.04300000", "price": "117189.83000000", "time": "2025-07-12T16:08:46.824312Z", "fetched_at": "2025-07-12T16:10:50.186300+00:00", "symbol": "BTC-USD"}, {"trade_id": 848007582, "side": "buy", "size": "0.00682527", "price": "117190.95000000", "time": "2025-07-12T16:08:46.824312Z", "fetched_at": "2025-07-12T16:10:50.186300+00:00", "symbol": "BTC-USD"}, {"trade_id": 848007581, "side": "buy", "size": "0.00426629", "price": "117196.44000000", "time": "2025-07-12T16:08:46.824312Z", "fetched_at": "2025-07-12T16:10:50.186300+00:00", "symbol": "BTC-USD"}, {"trade_id": 848007580, "side": "buy", "size": "0.00000964", "price": "117197.92000000", "time": "2025-07-12T16:08:46.824312Z", "fetched_at": "2025-07-12T16:10:50.186300+00:00", "symbol": "BTC-USD"}, {"trade_id": 848007579, "side": "buy", "size": "0.00002815", "price": "117197.92000000", "time": "2025-07-12T16:08:46.824312Z", "fetched_at": "2025-07-12T16:10:50.186300+00:00", "symbol": "BTC-USD"}, {"trade_id": 848007578, "side": "buy", "size": "0.04266287", "price": "117197.92000000", "time": "2025-07-12T16:08:46.824312Z", "fetched_at": "2025-07-12T16:10:50.186300+00:00", "symbol": "BTC-USD"}, {"trade_id": 848007577, "side": "buy", "size": "0.00005573", "price": "117197.92000000", "time": "2025-07-12T16:08:46.824312Z", "fetched_at": "2025-07-12T16:10:50.186300+00:00", "symbol": "BTC-USD"}, {"trade_id": 848007576, "side": "sell", "size": "0.00400000", "price": "117197.93000000", "time": "2025-07-12T16:08:45.819895Z", "fetched_at": "2025-07-12T16:10:50.186300+00:00", "symbol": "BTC-USD"}, {"trade_id": 848007575, "side": "sell", "size": "0.00020230", "price": "117197.93000000", "time": "2025-07-12T16:08:45.613119Z", "fetched_at": "2025-07-12T16:10:50.186300+00:00", "symbol": "BTC-USD"}, {"trade_id": 848007574, "side": "buy", "size": "0.01642711", "price": "117192.55000000", "time": "2025-07-12T16:08:44.992300Z", "fetched_at": "2025-07-12T16:10:50.186300+00:00", "symbol": "BTC-USD"}, {"trade_id": 848007573, "side": "buy", "size": "0.00426631", "price": "117196.21000000", "time": "2025-07-12T16:08:44.992300Z", "fetched_at": "2025-07-12T16:10:50.186300+00:00", "symbol": "BTC-USD"}, {"trade_id": 848007572, "side": "buy", "size": "0.00000102", "price": "117198.34000000", "time": "2025-07-12T16:08:44.992300Z", "fetched_at": "2025-07-12T16:10:50.186300+00:00", "symbol": "BTC-USD"}, {"trade_id": 848007571, "side": "buy", "size": "0.00000418", "price": "117198.34000000", "time": "2025-07-12T16:08:44.992300Z", "fetched_at": "2025-07-12T16:10:50.186300+00:00", "symbol": "BTC-USD"}, {"trade_id": 848007570, "side": "buy", "size": "0.00982771", "price": "117198.34000000", "time": "2025-07-12T16:08:44.992300Z", "fetched_at": "2025-07-12T16:10:50.186300+00:00", "symbol": "BTC-USD"}, {"trade_id": 848007569, "side": "buy", "size": "0.00000009", "price": "117198.35000000", "time": "2025-07-12T16:08:44.992300Z", "fetched_at": "2025-07-12T16:10:50.186300+00:00", "symbol": "BTC-USD"}, {"trade_id": 848007568, "side": "buy", "size": "0.02064713", "price": "117198.53000000", "time": "2025-07-12T16:08:44.992300Z", "fetched_at": "2025-07-12T16:10:50.186300+00:00", "symbol": "BTC-USD"}, {"trade_id": 848007567, "side": "buy", "size": "0.00008385", "price": "117199.20000000", "time": "2025-07-12T16:08:44.992300Z", "fetched_at": "2025-07-12T16:10:50.186300+00:00", "symbol": "BTC-USD"}, {"trade_id": 848007566, "side": "sell", "size": "0.00013070", "price": "117201.23000000", "time": "2025-07-12T16:08:44.508804Z", "fetched_at": "2025-07-12T16:10:50.186300+00:00", "symbol": "BTC-USD"}, {"trade_id": 848007565, "side": "sell", "size": "0.00004187", "price": "117201.22000000", "time": "2025-07-12T16:08:44.508804Z", "fetched_at": "2025-07-12T16:10:50.186300+00:00", "symbol": "BTC-USD"}, {"trade_id": 848007564, "side": "sell", "size": "0.00088689", "price": "117198.56000000", "time": "2025-07-12T16:08:44.412097Z", "fetched_at": "2025-07-12T16:10:50.186300+00:00", "symbol": "BTC-USD"}, {"trade_id": 848007563, "side": "sell", "size": "0.00877129", "price": "117198.54000000", "time": "2025-07-12T16:08:43.429341Z", "fetched_at": "2025-07-12T16:10:50.186300+00:00", "symbol": "BTC-USD"}, {"trade_id": 848007562, "side": "sell", "size": "0.00182082", "price": "117200.59000000", "time": "2025-07-12T16:08:41.891293Z", "fetched_at": "2025-07-12T16:10:50.186300+00:00", "symbol": "BTC-USD"}, {"trade_id": 848007561, "side": "buy", "size": "0.00003863", "price": "117201.55000000", "time": "2025-07-12T16:08:40.820904Z", "fetched_at": "2025-07-12T16:10:50.186300+00:00", "symbol": "BTC-USD"}, {"trade_id": 848007560, "side": "sell", "size": "0.00001685", "price": "117201.56000000", "time": "2025-07-12T16:08:40.766320Z", "fetched_at": "2025-07-12T16:10:50.186300+00:00", "symbol": "BTC-USD"}, {"trade_id": 848007559, "side": "buy", "size": "0.00943525", "price": "117198.53000000", "time": "2025-07-12T16:08:40.731618Z", "fetched_at": "2025-07-12T16:10:50.186300+00:00", "symbol": "BTC-USD"}, {"trade_id": 848007558, "side": "buy", "size": "0.00340755", "price": "117198.57000000", "time": "2025-07-12T16:08:40.731618Z", "fetched_at": "2025-07-12T16:10:50.186300+00:00", "symbol": "BTC-USD"}, {"trade_id": 848007557, "side": "buy", "size": "0.00008354", "price": "117201.55000000", "time": "2025-07-12T16:08:40.731618Z", "fetched_at": "2025-07-12T16:10:50.186300+00:00", "symbol": "BTC-USD"}, {"trade_id": 848007556, "side": "buy", "size": "0.00000784", "price": "117202.54000000", "time": "2025-07-12T16:08:39.557779Z", "fetched_at": "2025-07-12T16:10:50.186300+00:00", "symbol": "BTC-USD"}, {"trade_id": 848007555, "side": "buy", "size": "0.00000304", "price": "117203.17000000", "time": "2025-07-12T16:08:39.066227Z", "fetched_at": "2025-07-12T16:10:50.186300+00:00", "symbol": "BTC-USD"}, {"trade_id": 848007554, "side": "buy", "size": "0.00260258", "price": "117203.60000000", "time": "2025-07-12T16:08:38.732525Z", "fetched_at": "2025-07-12T16:10:50.186300+00:00", "symbol": "BTC-USD"}, {"trade_id": 848007553, "side": "sell", "size": "0.00002483", "price": "117203.79000000", "time": "2025-07-12T16:08:37.754121Z", "fetched_at": "2025-07-12T16:10:50.186300+00:00", "symbol": "BTC-USD"}, {"trade_id": 848007552, "side": "sell", "size": "0.00080742", "price": "117203.79000000", "time": "2025-07-12T16:08:37.419434Z", "fetched_at": "2025-07-12T16:10:50.186300+00:00", "symbol": "BTC-USD"}, {"trade_id": 848007551, "side": "sell", "size": "0.00043974", "price": "117202.53000000", "time": "2025-07-12T16:08:36.765301Z", "fetched_at": "2025-07-12T16:10:50.186300+00:00", "symbol": "BTC-USD"}, {"trade_id": 848007550, "side": "sell", "size": "0.06600110", "price": "117202.53000000", "time": "2025-07-12T16:08:36.439978Z", "fetched_at": "2025-07-12T16:10:50.186300+00:00", "symbol": "BTC-USD"}, {"trade_id": 848007549, "side": "sell", "size": "0.00853300", "price": "117202.53000000", "time": "2025-07-12T16:08:36.439978Z", "fetched_at": "2025-07-12T16:10:50.186300+00:00", "symbol": "BTC-USD"}, {"trade_id": 848007548, "side": "buy", "size": "0.00844282", "price": "117198.53000000", "time": "2025-07-12T16:08:35.425674Z", "fetched_at": "2025-07-12T16:10:50.186300+00:00", "symbol": "BTC-USD"}, {"trade_id": 848007547, "side": "buy", "size": "0.00007210", "price": "117202.64000000", "time": "2025-07-12T16:08:35.425674Z", "fetched_at": "2025-07-12T16:10:50.186300+00:00", "symbol": "BTC-USD"}, {"trade_id": 848007546, "side": "sell", "size": "0.00003018", "price": "117202.65000000", "time": "2025-07-12T16:08:35.100704Z", "fetched_at": "2025-07-12T16:10:50.186300+00:00", "symbol": "BTC-USD"}, {"trade_id": 848007545, "side": "buy", "size": "0.00012846", "price": "117198.53000000", "time": "2025-07-12T16:08:34.219795Z", "fetched_at": "2025-07-12T16:10:50.186300+00:00", "symbol": "BTC-USD"}, {"trade_id": 848007544, "side": "buy", "size": "0.00006781", "price": "117203.51000000", "time": "2025-07-12T16:08:34.219795Z", "fetched_at": "2025-07-12T16:10:50.186300+00:00", "symbol": "BTC-USD"}, {"trade_id": 848007543, "side": "sell", "size": "0.00123254", "price": "117203.52000000", "time": "2025-07-12T16:08:34.197681Z", "fetched_at": "2025-07-12T16:10:50.186300+00:00", "symbol": "BTC-USD"}, {"trade_id": 848007542, "side": "sell", "size": "0.00001463", "price": "117203.52000000", "time": "2025-07-12T16:08:34.197681Z", "fetched_at": "2025-07-12T16:10:50.186300+00:00", "symbol": "BTC-USD"}, {"trade_id": 848007541, "side": "sell", "size": "0.00163286", "price": "117203.52000000", "time": "2025-07-12T16:08:34.197681Z", "fetched_at": "2025-07-12T16:10:50.186300+00:00", "symbol": "BTC-USD"}, {"trade_id": 848007540, "side": "sell", "size": "0.00124369", "price": "117203.32000000", "time": "2025-07-12T16:08:33.164652Z", "fetched_at": "2025-07-12T16:10:50.186300+00:00", "symbol": "BTC-USD"}, {"trade_id": 848007539, "side": "sell", "size": "0.00560736", "price": "117203.32000000", "time": "2025-07-12T16:08:33.102060Z", "fetched_at": "2025-07-12T16:10:50.186300+00:00", "symbol": "BTC-USD"}, {"trade_id": 848007538, "side": "sell", "size": "0.00122663", "price": "117205.89000000", "time": "2025-07-12T16:08:32.901161Z", "fetched_at": "2025-07-12T16:10:50.186300+00:00", "symbol": "BTC-USD"}, {"trade_id": 848007537, "side": "sell", "size": "0.00000001", "price": "117203.23000000", "time": "2025-07-12T16:08:32.901161Z", "fetched_at": "2025-07-12T16:10:50.186300+00:00", "symbol": "BTC-USD"}, {"trade_id": 848007536, "side": "sell", "size": "0.06424135", "price": "117201.97000000", "time": "2025-07-12T16:08:32.901161Z", "fetched_at": "2025-07-12T16:10:50.186300+00:00", "symbol": "BTC-USD"}, {"trade_id": 848007535, "side": "sell", "size": "0.00000255", "price": "117201.97000000", "time": "2025-07-12T16:08:32.901161Z", "fetched_at": "2025-07-12T16:10:50.186300+00:00", "symbol": "BTC-USD"}, {"trade_id": 848007534, "side": "sell", "size": "0.00769084", "price": "117207.53000000", "time": "2025-07-12T16:08:31.281715Z", "fetched_at": "2025-07-12T16:10:50.186300+00:00", "symbol": "BTC-USD"}, {"trade_id": 848007533, "side": "sell", "size": "0.01810496", "price": "117205.44000000", "time": "2025-07-12T16:08:31.281715Z", "fetched_at": "2025-07-12T16:10:50.186300+00:00", "symbol": "BTC-USD"}, {"trade_id": 848007532, "side": "sell", "size": "0.01086298", "price": "117205.43000000", "time": "2025-07-12T16:08:31.281715Z", "fetched_at": "2025-07-12T16:10:50.186300+00:00", "symbol": "BTC-USD"}, {"trade_id": 848007531, "side": "sell", "size": "0.00004134", "price": "117205.42000000", "time": "2025-07-12T16:08:31.281715Z", "fetched_at": "2025-07-12T16:10:50.186300+00:00", "symbol": "BTC-USD"}, {"trade_id": 848007530, "side": "buy", "size": "0.00004932", "price": "117202.53000000", "time": "2025-07-12T16:08:30.664997Z", "fetched_at": "2025-07-12T16:10:50.186300+00:00", "symbol": "BTC-USD"}, {"trade_id": 848007529, "side": "buy", "size": "0.00005908", "price": "117204.25000000", "time": "2025-07-12T16:08:30.664997Z", "fetched_at": "2025-07-12T16:10:50.186300+00:00", "symbol": "BTC-USD"}, {"trade_id": 848007528, "side": "sell", "size": "0.00041457", "price": "117206.19000000", "time": "2025-07-12T16:08:28.407817Z", "fetched_at": "2025-07-12T16:10:50.186300+00:00", "symbol": "BTC-USD"}, {"trade_id": 848007527, "side": "buy", "size": "0.01091387", "price": "117201.60000000", "time": "2025-07-12T16:08:27.971550Z", "fetched_at": "2025-07-12T16:10:50.186300+00:00", "symbol": "BTC-USD"}, {"trade_id": 848007526, "side": "sell", "size": "0.00008864", "price": "117208.22000000", "time": "2025-07-12T16:08:27.803604Z", "fetched_at": "2025-07-12T16:10:50.186300+00:00", "symbol": "BTC-USD"}, {"trade_id": 848007525, "side": "sell", "size": "0.00007320", "price": "117205.94000000", "time": "2025-07-12T16:08:27.803604Z", "fetched_at": "2025-07-12T16:10:50.186300+00:00", "symbol": "BTC-USD"}, {"trade_id": 848007524, "side": "buy", "size": "0.00119635", "price": "117202.58000000", "time": "2025-07-12T16:08:27.229360Z", "fetched_at": "2025-07-12T16:10:50.186300+00:00", "symbol": "BTC-USD"}, {"trade_id": 848007523, "side": "buy", "size": "0.00008385", "price": "117202.59000000", "time": "2025-07-12T16:08:27.229360Z", "fetched_at": "2025-07-12T16:10:50.186300+00:00", "symbol": "BTC-USD"}, {"trade_id": 848007522, "side": "sell", "size": "0.00041457", "price": "117207.53000000", "time": "2025-07-12T16:08:27.097893Z", "fetched_at": "2025-07-12T16:10:50.186300+00:00", "symbol": "BTC-USD"}, {"trade_id": 848007521, "side": "sell", "size": "0.00016586", "price": "117207.53000000", "time": "2025-07-12T16:08:27.097556Z", "fetched_at": "2025-07-12T16:10:50.186300+00:00", "symbol": "BTC-USD"}, {"trade_id": 848007520, "side": "sell", "size": "0.00006781", "price": "117207.52000000", "time": "2025-07-12T16:08:27.097556Z", "fetched_at": "2025-07-12T16:10:50.186300+00:00", "symbol": "BTC-USD"}, {"trade_id": 848007519, "side": "sell", "size": "0.00000604", "price": "117207.51000000", "time": "2025-07-12T16:08:27.097556Z", "fetched_at": "2025-07-12T16:10:50.186300+00:00", "symbol": "BTC-USD"}, {"trade_id": 848007518, "side": "sell", "size": "0.00000170", "price": "117207.51000000", "time": "2025-07-12T16:08:27.097556Z", "fetched_at": "2025-07-12T16:10:50.186300+00:00", "symbol": "BTC-USD"}, {"trade_id": 848007517, "side": "sell", "size": "0.00116348", "price": "117207.52000000", "time": "2025-07-12T16:08:26.703803Z", "fetched_at": "2025-07-12T16:10:50.186300+00:00", "symbol": "BTC-USD"}, {"trade_id": 848007516, "side": "sell", "size": "0.00006781", "price": "117207.51000000", "time": "2025-07-12T16:08:26.703803Z", "fetched_at": "2025-07-12T16:10:50.186300+00:00", "symbol": "BTC-USD"}, {"trade_id": 848007515, "side": "sell", "size": "0.00001033", "price": "117205.77000000", "time": "2025-07-12T16:08:26.703803Z", "fetched_at": "2025-07-12T16:10:50.186300+00:00", "symbol": "BTC-USD"}, {"trade_id": 848007514, "side": "sell", "size": "0.00000213", "price": "117205.77000000", "time": "2025-07-12T16:08:26.703803Z", "fetched_at": "2025-07-12T16:10:50.186300+00:00", "symbol": "BTC-USD"}, {"trade_id": 848007513, "side": "sell", "size": "0.00019481", "price": "117206.58000000", "time": "2025-07-12T16:08:26.222041Z", "fetched_at": "2025-07-12T16:10:50.186300+00:00", "symbol": "BTC-USD"}, {"trade_id": 848007512, "side": "sell", "size": "0.00001034", "price": "117205.77000000", "time": "2025-07-12T16:08:26.222041Z", "fetched_at": "2025-07-12T16:10:50.186300+00:00", "symbol": "BTC-USD"}