[{"trade_id": 847977053, "side": "buy", "size": "0.02129933", "price": "117737.45000000", "time": "2025-07-12T14:10:46.190705Z", "fetched_at": "2025-07-12T14:10:51.100363+00:00", "symbol": "BTC-USD"}, {"trade_id": 847977052, "side": "sell", "size": "0.00047045", "price": "117737.47000000", "time": "2025-07-12T14:10:46.175539Z", "fetched_at": "2025-07-12T14:10:51.100363+00:00", "symbol": "BTC-USD"}, {"trade_id": 847977051, "side": "sell", "size": "0.00028255", "price": "117737.47000000", "time": "2025-07-12T14:10:46.151142Z", "fetched_at": "2025-07-12T14:10:51.100363+00:00", "symbol": "BTC-USD"}, {"trade_id": 847977050, "side": "sell", "size": "0.00082636", "price": "117732.59000000", "time": "2025-07-12T14:10:45.614687Z", "fetched_at": "2025-07-12T14:10:51.100363+00:00", "symbol": "BTC-USD"}, {"trade_id": 847977049, "side": "buy", "size": "0.00004053", "price": "117721.94000000", "time": "2025-07-12T14:10:45.590866Z", "fetched_at": "2025-07-12T14:10:51.100363+00:00", "symbol": "BTC-USD"}, {"trade_id": 847977048, "side": "buy", "size": "0.00008494", "price": "117732.58000000", "time": "2025-07-12T14:10:45.590866Z", "fetched_at": "2025-07-12T14:10:51.100363+00:00", "symbol": "BTC-USD"}, {"trade_id": 847977047, "side": "buy", "size": "0.00032063", "price": "117732.58000000", "time": "2025-07-12T14:10:45.590866Z", "fetched_at": "2025-07-12T14:10:51.100363+00:00", "symbol": "BTC-USD"}, {"trade_id": 847977046, "side": "buy", "size": "0.00008494", "price": "117738.45000000", "time": "2025-07-12T14:10:45.414809Z", "fetched_at": "2025-07-12T14:10:51.100363+00:00", "symbol": "BTC-USD"}, {"trade_id": 847977045, "side": "buy", "size": "0.00002316", "price": "117738.45000000", "time": "2025-07-12T14:10:45.414809Z", "fetched_at": "2025-07-12T14:10:51.100363+00:00", "symbol": "BTC-USD"}, {"trade_id": 847977044, "side": "buy", "size": "0.00008494", "price": "117741.75000000", "time": "2025-07-12T14:10:45.370006Z", "fetched_at": "2025-07-12T14:10:51.100363+00:00", "symbol": "BTC-USD"}, {"trade_id": 847977043, "side": "sell", "size": "0.01000000", "price": "117741.76000000", "time": "2025-07-12T14:10:45.297336Z", "fetched_at": "2025-07-12T14:10:51.100363+00:00", "symbol": "BTC-USD"}, {"trade_id": 847977042, "side": "sell", "size": "0.00047043", "price": "117741.76000000", "time": "2025-07-12T14:10:45.273516Z", "fetched_at": "2025-07-12T14:10:51.100363+00:00", "symbol": "BTC-USD"}, {"trade_id": 847977041, "side": "sell", "size": "0.00013601", "price": "117741.76000000", "time": "2025-07-12T14:10:45.257996Z", "fetched_at": "2025-07-12T14:10:51.100363+00:00", "symbol": "BTC-USD"}, {"trade_id": 847977040, "side": "buy", "size": "0.00008493", "price": "117747.67000000", "time": "2025-07-12T14:10:45.235511Z", "fetched_at": "2025-07-12T14:10:51.100363+00:00", "symbol": "BTC-USD"}, {"trade_id": 847977039, "side": "buy", "size": "0.00003728", "price": "117738.91000000", "time": "2025-07-12T14:10:44.995727Z", "fetched_at": "2025-07-12T14:10:51.100363+00:00", "symbol": "BTC-USD"}, {"trade_id": 847977038, "side": "buy", "size": "0.00960297", "price": "117736.68000000", "time": "2025-07-12T14:10:44.988903Z", "fetched_at": "2025-07-12T14:10:51.100363+00:00", "symbol": "BTC-USD"}, {"trade_id": 847977037, "side": "buy", "size": "0.00240916", "price": "117736.76000000", "time": "2025-07-12T14:10:44.988903Z", "fetched_at": "2025-07-12T14:10:51.100363+00:00", "symbol": "BTC-USD"}, {"trade_id": 847977036, "side": "buy", "size": "0.00679311", "price": "117738.91000000", "time": "2025-07-12T14:10:44.988903Z", "fetched_at": "2025-07-12T14:10:51.100363+00:00", "symbol": "BTC-USD"}, {"trade_id": 847977035, "side": "buy", "size": "0.00240916", "price": "117739.00000000", "time": "2025-07-12T14:10:44.988903Z", "fetched_at": "2025-07-12T14:10:51.100363+00:00", "symbol": "BTC-USD"}, {"trade_id": 847977034, "side": "buy", "size": "0.00008493", "price": "117750.14000000", "time": "2025-07-12T14:10:44.988903Z", "fetched_at": "2025-07-12T14:10:51.100363+00:00", "symbol": "BTC-USD"}, {"trade_id": 847977033, "side": "buy", "size": "0.01695690", "price": "117736.56000000", "time": "2025-07-12T14:10:44.877881Z", "fetched_at": "2025-07-12T14:10:51.100363+00:00", "symbol": "BTC-USD"}, {"trade_id": 847977032, "side": "buy", "size": "0.00008493", "price": "117753.29000000", "time": "2025-07-12T14:10:44.877881Z", "fetched_at": "2025-07-12T14:10:51.100363+00:00", "symbol": "BTC-USD"}, {"trade_id": 847977031, "side": "sell", "size": "0.00047039", "price": "117750.87000000", "time": "2025-07-12T14:10:44.707326Z", "fetched_at": "2025-07-12T14:10:51.100363+00:00", "symbol": "BTC-USD"}, {"trade_id": 847977030, "side": "buy", "size": "0.00008493", "price": "117753.31000000", "time": "2025-07-12T14:10:44.675294Z", "fetched_at": "2025-07-12T14:10:51.100363+00:00", "symbol": "BTC-USD"}, {"trade_id": 847977029, "side": "buy", "size": "0.00598456", "price": "117738.88000000", "time": "2025-07-12T14:10:44.475116Z", "fetched_at": "2025-07-12T14:10:51.100363+00:00", "symbol": "BTC-USD"}, {"trade_id": 847977028, "side": "buy", "size": "0.00030920", "price": "117738.98000000", "time": "2025-07-12T14:10:44.475116Z", "fetched_at": "2025-07-12T14:10:51.100363+00:00", "symbol": "BTC-USD"}, {"trade_id": 847977027, "side": "buy", "size": "0.00008493", "price": "117753.31000000", "time": "2025-07-12T14:10:44.475116Z", "fetched_at": "2025-07-12T14:10:51.100363+00:00", "symbol": "BTC-USD"}, {"trade_id": 847977026, "side": "sell", "size": "0.00047039", "price": "117753.34000000", "time": "2025-07-12T14:10:44.167764Z", "fetched_at": "2025-07-12T14:10:51.100363+00:00", "symbol": "BTC-USD"}, {"trade_id": 847977025, "side": "sell", "size": "0.00000237", "price": "117750.65000000", "time": "2025-07-12T14:10:43.798420Z", "fetched_at": "2025-07-12T14:10:51.100363+00:00", "symbol": "BTC-USD"}, {"trade_id": 847977024, "side": "buy", "size": "0.00480568", "price": "117729.06000000", "time": "2025-07-12T14:10:43.535187Z", "fetched_at": "2025-07-12T14:10:51.100363+00:00", "symbol": "BTC-USD"}, {"trade_id": 847977023, "side": "buy", "size": "0.00008495", "price": "117729.07000000", "time": "2025-07-12T14:10:43.535187Z", "fetched_at": "2025-07-12T14:10:51.100363+00:00", "symbol": "BTC-USD"}, {"trade_id": 847977022, "side": "sell", "size": "0.00047046", "price": "117733.37000000", "time": "2025-07-12T14:10:43.104730Z", "fetched_at": "2025-07-12T14:10:51.100363+00:00", "symbol": "BTC-USD"}, {"trade_id": 847977021, "side": "sell", "size": "0.00008208", "price": "117725.46000000", "time": "2025-07-12T14:10:42.745133Z", "fetched_at": "2025-07-12T14:10:51.100363+00:00", "symbol": "BTC-USD"}, {"trade_id": 847977020, "side": "sell", "size": "0.00008522", "price": "117726.07000000", "time": "2025-07-12T14:10:42.542406Z", "fetched_at": "2025-07-12T14:10:51.100363+00:00", "symbol": "BTC-USD"}, {"trade_id": 847977019, "side": "sell", "size": "0.00047049", "price": "117726.08000000", "time": "2025-07-12T14:10:42.444540Z", "fetched_at": "2025-07-12T14:10:51.100363+00:00", "symbol": "BTC-USD"}, {"trade_id": 847977018, "side": "sell", "size": "0.00042093", "price": "117729.89000000", "time": "2025-07-12T14:10:42.207009Z", "fetched_at": "2025-07-12T14:10:51.100363+00:00", "symbol": "BTC-USD"}, {"trade_id": 847977017, "side": "sell", "size": "0.00008208", "price": "117729.89000000", "time": "2025-07-12T14:10:42.156012Z", "fetched_at": "2025-07-12T14:10:51.100363+00:00", "symbol": "BTC-USD"}, {"trade_id": 847977016, "side": "sell", "size": "0.00040325", "price": "117729.89000000", "time": "2025-07-12T14:10:42.137052Z", "fetched_at": "2025-07-12T14:10:51.100363+00:00", "symbol": "BTC-USD"}, {"trade_id": 847977015, "side": "sell", "size": "0.00119679", "price": "117721.89000000", "time": "2025-07-12T14:10:41.967303Z", "fetched_at": "2025-07-12T14:10:51.100363+00:00", "symbol": "BTC-USD"}, {"trade_id": 847977014, "side": "buy", "size": "0.00639674", "price": "117721.88000000", "time": "2025-07-12T14:10:41.953232Z", "fetched_at": "2025-07-12T14:10:51.100363+00:00", "symbol": "BTC-USD"}, {"trade_id": 847977013, "side": "sell", "size": "0.00045237", "price": "117721.89000000", "time": "2025-07-12T14:10:41.920624Z", "fetched_at": "2025-07-12T14:10:51.100363+00:00", "symbol": "BTC-USD"}, {"trade_id": 847977012, "side": "sell", "size": "0.00001814", "price": "117721.89000000", "time": "2025-07-12T14:10:41.920624Z", "fetched_at": "2025-07-12T14:10:51.100363+00:00", "symbol": "BTC-USD"}, {"trade_id": 847977011, "side": "buy", "size": "0.00848673", "price": "117721.88000000", "time": "2025-07-12T14:10:41.299488Z", "fetched_at": "2025-07-12T14:10:51.100363+00:00", "symbol": "BTC-USD"}, {"trade_id": 847977010, "side": "buy", "size": "0.00001299", "price": "117721.88000000", "time": "2025-07-12T14:10:41.299488Z", "fetched_at": "2025-07-12T14:10:51.100363+00:00", "symbol": "BTC-USD"}, {"trade_id": 847977009, "side": "buy", "size": "0.00003508", "price": "117721.88000000", "time": "2025-07-12T14:10:41.299488Z", "fetched_at": "2025-07-12T14:10:51.100363+00:00", "symbol": "BTC-USD"}, {"trade_id": 847977008, "side": "buy", "size": "0.00847505", "price": "117721.88000000", "time": "2025-07-12T14:10:41.299488Z", "fetched_at": "2025-07-12T14:10:51.100363+00:00", "symbol": "BTC-USD"}, {"trade_id": 847977007, "side": "sell", "size": "0.00047051", "price": "117721.89000000", "time": "2025-07-12T14:10:41.296053Z", "fetched_at": "2025-07-12T14:10:51.100363+00:00", "symbol": "BTC-USD"}, {"trade_id": 847977006, "side": "sell", "size": "0.00047051", "price": "117721.89000000", "time": "2025-07-12T14:10:41.280234Z", "fetched_at": "2025-07-12T14:10:51.100363+00:00", "symbol": "BTC-USD"}, {"trade_id": 847977005, "side": "buy", "size": "0.00001699", "price": "117721.88000000", "time": "2025-07-12T14:10:41.108752Z", "fetched_at": "2025-07-12T14:10:51.100363+00:00", "symbol": "BTC-USD"}, {"trade_id": 847977004, "side": "sell", "size": "0.00016130", "price": "117721.89000000", "time": "2025-07-12T14:10:40.978832Z", "fetched_at": "2025-07-12T14:10:51.100363+00:00", "symbol": "BTC-USD"}, {"trade_id": 847977003, "side": "buy", "size": "0.04228924", "price": "117727.60000000", "time": "2025-07-12T14:10:40.916406Z", "fetched_at": "2025-07-12T14:10:51.100363+00:00", "symbol": "BTC-USD"}, {"trade_id": 847977002, "side": "buy", "size": "0.00771076", "price": "117727.60000000", "time": "2025-07-12T14:10:40.909286Z", "fetched_at": "2025-07-12T14:10:51.100363+00:00", "symbol": "BTC-USD"}, {"trade_id": 847977001, "side": "buy", "size": "0.04228924", "price": "117727.65000000", "time": "2025-07-12T14:10:40.909286Z", "fetched_at": "2025-07-12T14:10:51.100363+00:00", "symbol": "BTC-USD"}, {"trade_id": 847977000, "side": "buy", "size": "0.05000000", "price": "117727.65000000", "time": "2025-07-12T14:10:40.909286Z", "fetched_at": "2025-07-12T14:10:51.100363+00:00", "symbol": "BTC-USD"}, {"trade_id": 847976999, "side": "buy", "size": "0.02259701", "price": "117727.67000000", "time": "2025-07-12T14:10:40.827382Z", "fetched_at": "2025-07-12T14:10:51.100363+00:00", "symbol": "BTC-USD"}, {"trade_id": 847976998, "side": "buy", "size": "0.04505145", "price": "117727.67000000", "time": "2025-07-12T14:10:40.826333Z", "fetched_at": "2025-07-12T14:10:51.100363+00:00", "symbol": "BTC-USD"}, {"trade_id": 847976997, "side": "buy", "size": "0.03079566", "price": "117727.67000000", "time": "2025-07-12T14:10:40.826299Z", "fetched_at": "2025-07-12T14:10:51.100363+00:00", "symbol": "BTC-USD"}, {"trade_id": 847976996, "side": "buy", "size": "0.00679580", "price": "117727.67000000", "time": "2025-07-12T14:10:40.825421Z", "fetched_at": "2025-07-12T14:10:51.100363+00:00", "symbol": "BTC-USD"}, {"trade_id": 847976995, "side": "buy", "size": "0.00662734", "price": "117727.67000000", "time": "2025-07-12T14:10:40.825286Z", "fetched_at": "2025-07-12T14:10:51.100363+00:00", "symbol": "BTC-USD"}, {"trade_id": 847976994, "side": "buy", "size": "0.00444555", "price": "117727.67000000", "time": "2025-07-12T14:10:40.825099Z", "fetched_at": "2025-07-12T14:10:51.100363+00:00", "symbol": "BTC-USD"}, {"trade_id": 847976993, "side": "buy", "size": "0.04161839", "price": "117727.67000000", "time": "2025-07-12T14:10:40.825099Z", "fetched_at": "2025-07-12T14:10:51.100363+00:00", "symbol": "BTC-USD"}, {"trade_id": 847976992, "side": "buy", "size": "0.01531179", "price": "117727.67000000", "time": "2025-07-12T14:10:40.825099Z", "fetched_at": "2025-07-12T14:10:51.100363+00:00", "symbol": "BTC-USD"}, {"trade_id": 847976991, "side": "buy", "size": "0.00388430", "price": "117727.67000000", "time": "2025-07-12T14:10:40.824833Z", "fetched_at": "2025-07-12T14:10:51.100363+00:00", "symbol": "BTC-USD"}, {"trade_id": 847976990, "side": "sell", "size": "0.00047049", "price": "117727.68000000", "time": "2025-07-12T14:10:40.800779Z", "fetched_at": "2025-07-12T14:10:51.100363+00:00", "symbol": "BTC-USD"}, {"trade_id": 847976989, "side": "sell", "size": "0.00082639", "price": "117727.68000000", "time": "2025-07-12T14:10:40.649924Z", "fetched_at": "2025-07-12T14:10:51.100363+00:00", "symbol": "BTC-USD"}, {"trade_id": 847976988, "side": "sell", "size": "0.00016837", "price": "117727.68000000", "time": "2025-07-12T14:10:40.498929Z", "fetched_at": "2025-07-12T14:10:51.100363+00:00", "symbol": "BTC-USD"}, {"trade_id": 847976987, "side": "buy", "size": "0.00000714", "price": "117728.71000000", "time": "2025-07-12T14:10:40.459157Z", "fetched_at": "2025-07-12T14:10:51.100363+00:00", "symbol": "BTC-USD"}, {"trade_id": 847976986, "side": "buy", "size": "0.01774000", "price": "117728.71000000", "time": "2025-07-12T14:10:40.458471Z", "fetched_at": "2025-07-12T14:10:51.100363+00:00", "symbol": "BTC-USD"}, {"trade_id": 847976985, "side": "buy", "size": "0.01328531", "price": "117729.52000000", "time": "2025-07-12T14:10:40.457163Z", "fetched_at": "2025-07-12T14:10:51.100363+00:00", "symbol": "BTC-USD"}, {"trade_id": 847976984, "side": "buy", "size": "0.02724400", "price": "117729.52000000", "time": "2025-07-12T14:10:40.457033Z", "fetched_at": "2025-07-12T14:10:51.100363+00:00", "symbol": "BTC-USD"}, {"trade_id": 847976983, "side": "buy", "size": "0.00241906", "price": "117730.25000000", "time": "2025-07-12T14:10:40.457033Z", "fetched_at": "2025-07-12T14:10:51.100363+00:00", "symbol": "BTC-USD"}, {"trade_id": 847976982, "side": "buy", "size": "0.01007010", "price": "117730.25000000", "time": "2025-07-12T14:10:40.456716Z", "fetched_at": "2025-07-12T14:10:51.100363+00:00", "symbol": "BTC-USD"}, {"trade_id": 847976981, "side": "buy", "size": "0.00448525", "price": "117730.25000000", "time": "2025-07-12T14:10:40.455174Z", "fetched_at": "2025-07-12T14:10:51.100363+00:00", "symbol": "BTC-USD"}, {"trade_id": 847976980, "side": "buy", "size": "0.01326189", "price": "117730.25000000", "time": "2025-07-12T14:10:40.453799Z", "fetched_at": "2025-07-12T14:10:51.100363+00:00", "symbol": "BTC-USD"}, {"trade_id": 847976979, "side": "buy", "size": "0.01473013", "price": "117730.25000000", "time": "2025-07-12T14:10:40.453760Z", "fetched_at": "2025-07-12T14:10:51.100363+00:00", "symbol": "BTC-USD"}, {"trade_id": 847976978, "side": "buy", "size": "0.00503357", "price": "117730.25000000", "time": "2025-07-12T14:10:40.453575Z", "fetched_at": "2025-07-12T14:10:51.100363+00:00", "symbol": "BTC-USD"}, {"trade_id": 847976977, "side": "buy", "size": "0.05000000", "price": "117730.30000000", "time": "2025-07-12T14:10:40.453575Z", "fetched_at": "2025-07-12T14:10:51.100363+00:00", "symbol": "BTC-USD"}, {"trade_id": 847976976, "side": "buy", "size": "0.02857677", "price": "117730.32000000", "time": "2025-07-12T14:10:40.453575Z", "fetched_at": "2025-07-12T14:10:51.100363+00:00", "symbol": "BTC-USD"}, {"trade_id": 847976975, "side": "buy", "size": "0.01411158", "price": "117730.32000000", "time": "2025-07-12T14:10:40.453121Z", "fetched_at": "2025-07-12T14:10:51.100363+00:00", "symbol": "BTC-USD"}, {"trade_id": 847976974, "side": "buy", "size": "0.04246993", "price": "117730.33000000", "time": "2025-07-12T14:10:40.453121Z", "fetched_at": "2025-07-12T14:10:51.100363+00:00", "symbol": "BTC-USD"}, {"trade_id": 847976973, "side": "buy", "size": "0.00000348", "price": "117731.09000000", "time": "2025-07-12T14:10:40.452966Z", "fetched_at": "2025-07-12T14:10:51.100363+00:00", "symbol": "BTC-USD"}, {"trade_id": 847976972, "side": "buy", "size": "0.00001053", "price": "117731.09000000", "time": "2025-07-12T14:10:40.452966Z", "fetched_at": "2025-07-12T14:10:51.100363+00:00", "symbol": "BTC-USD"}, {"trade_id": 847976971, "side": "buy", "size": "0.02560000", "price": "117731.09000000", "time": "2025-07-12T14:10:40.452966Z", "fetched_at": "2025-07-12T14:10:51.100363+00:00", "symbol": "BTC-USD"}, {"trade_id": 847976970, "side": "sell", "size": "0.00084185", "price": "117731.10000000", "time": "2025-07-12T14:10:40.395576Z", "fetched_at": "2025-07-12T14:10:51.100363+00:00", "symbol": "BTC-USD"}, {"trade_id": 847976969, "side": "sell", "size": "0.00031802", "price": "117731.10000000", "time": "2025-07-12T14:10:40.312312Z", "fetched_at": "2025-07-12T14:10:51.100363+00:00", "symbol": "BTC-USD"}, {"trade_id": 847976968, "side": "sell", "size": "0.00001249", "price": "117731.10000000", "time": "2025-07-12T14:10:40.312312Z", "fetched_at": "2025-07-12T14:10:51.100363+00:00", "symbol": "BTC-USD"}, {"trade_id": 847976967, "side": "buy", "size": "0.02293499", "price": "117730.33000000", "time": "2025-07-12T14:10:38.987958Z", "fetched_at": "2025-07-12T14:10:51.100363+00:00", "symbol": "BTC-USD"}, {"trade_id": 847976966, "side": "buy", "size": "0.00008503", "price": "117730.33000000", "time": "2025-07-12T14:10:38.804671Z", "fetched_at": "2025-07-12T14:10:51.100363+00:00", "symbol": "BTC-USD"}, {"trade_id": 847976965, "side": "buy", "size": "0.00094561", "price": "117730.33000000", "time": "2025-07-12T14:10:38.704715Z", "fetched_at": "2025-07-12T14:10:51.100363+00:00", "symbol": "BTC-USD"}, {"trade_id": 847976964, "side": "buy", "size": "0.00000341", "price": "117730.33000000", "time": "2025-07-12T14:10:38.448975Z", "fetched_at": "2025-07-12T14:10:51.100363+00:00", "symbol": "BTC-USD"}, {"trade_id": 847976963, "side": "sell", "size": "0.00016526", "price": "117739.47000000", "time": "2025-07-12T14:10:38.371968Z", "fetched_at": "2025-07-12T14:10:51.100363+00:00", "symbol": "BTC-USD"}, {"trade_id": 847976962, "side": "buy", "size": "0.03286000", "price": "117739.47000000", "time": "2025-07-12T14:10:38.362913Z", "fetched_at": "2025-07-12T14:10:51.100363+00:00", "symbol": "BTC-USD"}, {"trade_id": 847976961, "side": "sell", "size": "0.06749810", "price": "117730.33000000", "time": "2025-07-12T14:10:38.341129Z", "fetched_at": "2025-07-12T14:10:51.100363+00:00", "symbol": "BTC-USD"}, {"trade_id": 847976960, "side": "sell", "size": "0.00000190", "price": "117730.33000000", "time": "2025-07-12T14:10:38.338349Z", "fetched_at": "2025-07-12T14:10:51.100363+00:00", "symbol": "BTC-USD"}, {"trade_id": 847976959, "side": "sell", "size": "0.00001053", "price": "117730.33000000", "time": "2025-07-12T14:10:38.338349Z", "fetched_at": "2025-07-12T14:10:51.100363+00:00", "symbol": "BTC-USD"}, {"trade_id": 847976958, "side": "sell", "size": "0.00042000", "price": "117730.33000000", "time": "2025-07-12T14:10:38.320312Z", "fetched_at": "2025-07-12T14:10:51.100363+00:00", "symbol": "BTC-USD"}, {"trade_id": 847976957, "side": "sell", "size": "0.00042000", "price": "117730.33000000", "time": "2025-07-12T14:10:38.319506Z", "fetched_at": "2025-07-12T14:10:51.100363+00:00", "symbol": "BTC-USD"}, {"trade_id": 847976956, "side": "sell", "size": "0.00042000", "price": "117730.33000000", "time": "2025-07-12T14:10:38.319271Z", "fetched_at": "2025-07-12T14:10:51.100363+00:00", "symbol": "BTC-USD"}, {"trade_id": 847976955, "side": "sell", "size": "0.00042000", "price": "117730.33000000", "time": "2025-07-12T14:10:38.318871Z", "fetched_at": "2025-07-12T14:10:51.100363+00:00", "symbol": "BTC-USD"}, {"trade_id": 847976954, "side": "sell", "size": "0.00042000", "price": "117730.33000000", "time": "2025-07-12T14:10:38.318724Z", "fetched_at": "2025-07-12T14:10:51.100363+00:00", "symbol": "BTC-USD"}, {"trade_id": 847976953, "side": "sell", "size": "0.00040757", "price": "117730.33000000", "time": "2025-07-12T14:10:38.318673Z", "fetched_at": "2025-07-12T14:10:51.100363+00:00", "symbol": "BTC-USD"}, {"trade_id": 847976952, "side": "sell", "size": "0.00001243", "price": "117730.33000000", "time": "2025-07-12T14:10:38.318673Z", "fetched_at": "2025-07-12T14:10:51.100363+00:00", "symbol": "BTC-USD"}, {"trade_id": 847976951, "side": "buy", "size": "0.02679203", "price": "117730.45000000", "time": "2025-07-12T14:10:38.255163Z", "fetched_at": "2025-07-12T14:10:51.100363+00:00", "symbol": "BTC-USD"}, {"trade_id": 847976950, "side": "buy", "size": "0.04246989", "price": "117730.45000000", "time": "2025-07-12T14:10:38.255163Z", "fetched_at": "2025-07-12T14:10:51.100363+00:00", "symbol": "BTC-USD"}, {"trade_id": 847976949, "side": "buy", "size": "0.05000000", "price": "117734.90000000", "time": "2025-07-12T14:10:38.247819Z", "fetched_at": "2025-07-12T14:10:51.100363+00:00", "symbol": "BTC-USD"}, {"trade_id": 847976948, "side": "buy", "size": "0.05000000", "price": "117734.95000000", "time": "2025-07-12T14:10:38.247819Z", "fetched_at": "2025-07-12T14:10:51.100363+00:00", "symbol": "BTC-USD"}, {"trade_id": 847976947, "side": "sell", "size": "0.00000061", "price": "117736.63000000", "time": "2025-07-12T14:10:38.023431Z", "fetched_at": "2025-07-12T14:10:51.100363+00:00", "symbol": "BTC-USD"}, {"trade_id": 847976946, "side": "buy", "size": "0.00042464", "price": "117721.25000000", "time": "2025-07-12T14:10:37.843860Z", "fetched_at": "2025-07-12T14:10:51.100363+00:00", "symbol": "BTC-USD"}, {"trade_id": 847976945, "side": "buy", "size": "0.02550190", "price": "117721.84000000", "time": "2025-07-12T14:10:37.843860Z", "fetched_at": "2025-07-12T14:10:51.100363+00:00", "symbol": "BTC-USD"}, {"trade_id": 847976944, "side": "buy", "size": "0.07398851", "price": "117723.43000000", "time": "2025-07-12T14:10:37.843860Z", "fetched_at": "2025-07-12T14:10:51.100363+00:00", "symbol": "BTC-USD"}, {"trade_id": 847976943, "side": "buy", "size": "0.00008495", "price": "117724.09000000", "time": "2025-07-12T14:10:37.843860Z", "fetched_at": "2025-07-12T14:10:51.100363+00:00", "symbol": "BTC-USD"}, {"trade_id": 847976942, "side": "buy", "size": "0.01760573", "price": "117723.43000000", "time": "2025-07-12T14:10:37.837050Z", "fetched_at": "2025-07-12T14:10:51.100363+00:00", "symbol": "BTC-USD"}, {"trade_id": 847976941, "side": "buy", "size": "0.05000000", "price": "117724.07000000", "time": "2025-07-12T14:10:37.837050Z", "fetched_at": "2025-07-12T14:10:51.100363+00:00", "symbol": "BTC-USD"}, {"trade_id": 847976940, "side": "buy", "size": "0.02407346", "price": "117724.08000000", "time": "2025-07-12T14:10:37.837050Z", "fetched_at": "2025-07-12T14:10:51.100363+00:00", "symbol": "BTC-USD"}, {"trade_id": 847976939, "side": "buy", "size": "0.02592654", "price": "117724.08000000", "time": "2025-07-12T14:10:37.836853Z", "fetched_at": "2025-07-12T14:10:51.100363+00:00", "symbol": "BTC-USD"}, {"trade_id": 847976938, "side": "buy", "size": "0.03492000", "price": "117732.86000000", "time": "2025-07-12T14:10:37.835463Z", "fetched_at": "2025-07-12T14:10:51.100363+00:00", "symbol": "BTC-USD"}, {"trade_id": 847976937, "side": "buy", "size": "0.05000000", "price": "117734.90000000", "time": "2025-07-12T14:10:37.830782Z", "fetched_at": "2025-07-12T14:10:51.100363+00:00", "symbol": "BTC-USD"}, {"trade_id": 847976936, "side": "buy", "size": "0.00187778", "price": "117734.95000000", "time": "2025-07-12T14:10:37.830782Z", "fetched_at": "2025-07-12T14:10:51.100363+00:00", "symbol": "BTC-USD"}, {"trade_id": 847976935, "side": "buy", "size": "0.04812222", "price": "117734.95000000", "time": "2025-07-12T14:10:37.830530Z", "fetched_at": "2025-07-12T14:10:51.100363+00:00", "symbol": "BTC-USD"}, {"trade_id": 847976934, "side": "buy", "size": "0.00162858", "price": "117734.96000000", "time": "2025-07-12T14:10:37.830530Z", "fetched_at": "2025-07-12T14:10:51.100363+00:00", "symbol": "BTC-USD"}, {"trade_id": 847976933, "side": "buy", "size": "0.00024920", "price": "117736.63000000", "time": "2025-07-12T14:10:37.830530Z", "fetched_at": "2025-07-12T14:10:51.100363+00:00", "symbol": "BTC-USD"}, {"trade_id": 847976932, "side": "buy", "size": "0.00024000", "price": "117742.56000000", "time": "2025-07-12T14:10:37.818819Z", "fetched_at": "2025-07-12T14:10:51.100363+00:00", "symbol": "BTC-USD"}, {"trade_id": 847976931, "side": "buy", "size": "0.02121114", "price": "117732.87000000", "time": "2025-07-12T14:10:37.815289Z", "fetched_at": "2025-07-12T14:10:51.100363+00:00", "symbol": "BTC-USD"}, {"trade_id": 847976930, "side": "buy", "size": "0.00024799", "price": "117736.62000000", "time": "2025-07-12T14:10:37.815289Z", "fetched_at": "2025-07-12T14:10:51.100363+00:00", "symbol": "BTC-USD"}, {"trade_id": 847976929, "side": "buy", "size": "0.06194163", "price": "117738.35000000", "time": "2025-07-12T14:10:37.814278Z", "fetched_at": "2025-07-12T14:10:51.100363+00:00", "symbol": "BTC-USD"}, {"trade_id": 847976928, "side": "buy", "size": "0.04278699", "price": "117738.77000000", "time": "2025-07-12T14:10:37.814278Z", "fetched_at": "2025-07-12T14:10:51.100363+00:00", "symbol": "BTC-USD"}, {"trade_id": 847976927, "side": "buy", "size": "0.06298597", "price": "117738.78000000", "time": "2025-07-12T14:10:37.814278Z", "fetched_at": "2025-07-12T14:10:51.100363+00:00", "symbol": "BTC-USD"}, {"trade_id": 847976926, "side": "buy", "size": "0.02560000", "price": "117742.67000000", "time": "2025-07-12T14:10:37.813101Z", "fetched_at": "2025-07-12T14:10:51.100363+00:00", "symbol": "BTC-USD"}, {"trade_id": 847976925, "side": "buy", "size": "0.00162858", "price": "117742.67000000", "time": "2025-07-12T14:10:37.813101Z", "fetched_at": "2025-07-12T14:10:51.100363+00:00", "symbol": "BTC-USD"}, {"trade_id": 847976924, "side": "sell", "size": "0.00016838", "price": "117742.68000000", "time": "2025-07-12T14:10:37.758132Z", "fetched_at": "2025-07-12T14:10:51.100363+00:00", "symbol": "BTC-USD"}, {"trade_id": 847976923, "side": "sell", "size": "0.00165273", "price": "117742.68000000", "time": "2025-07-12T14:10:37.549760Z", "fetched_at": "2025-07-12T14:10:51.100363+00:00", "symbol": "BTC-USD"}, {"trade_id": 847976922, "side": "sell", "size": "0.00214000", "price": "117742.79000000", "time": "2025-07-12T14:10:37.292484Z", "fetched_at": "2025-07-12T14:10:51.100363+00:00", "symbol": "BTC-USD"}, {"trade_id": 847976921, "side": "buy", "size": "0.04246195", "price": "117752.46000000", "time": "2025-07-12T14:10:37.256708Z", "fetched_at": "2025-07-12T14:10:51.100363+00:00", "symbol": "BTC-USD"}, {"trade_id": 847976920, "side": "buy", "size": "0.00720885", "price": "117752.47000000", "time": "2025-07-12T14:10:37.256708Z", "fetched_at": "2025-07-12T14:10:51.100363+00:00", "symbol": "BTC-USD"}, {"trade_id": 847976919, "side": "buy", "size": "0.03512478", "price": "117760.43000000", "time": "2025-07-12T14:10:37.183302Z", "fetched_at": "2025-07-12T14:10:51.100363+00:00", "symbol": "BTC-USD"}, {"trade_id": 847976918, "side": "buy", "size": "0.00004357", "price": "117760.43000000", "time": "2025-07-12T14:10:37.183302Z", "fetched_at": "2025-07-12T14:10:51.100363+00:00", "symbol": "BTC-USD"}, {"trade_id": 847976917, "side": "buy", "size": "0.00004134", "price": "117760.43000000", "time": "2025-07-12T14:10:37.079925Z", "fetched_at": "2025-07-12T14:10:51.100363+00:00", "symbol": "BTC-USD"}, {"trade_id": 847976916, "side": "buy", "size": "0.00000001", "price": "117760.43000000", "time": "2025-07-12T14:10:37.066188Z", "fetched_at": "2025-07-12T14:10:51.100363+00:00", "symbol": "BTC-USD"}, {"trade_id": 847976915, "side": "sell", "size": "0.00015585", "price": "117760.44000000", "time": "2025-07-12T14:10:36.921609Z", "fetched_at": "2025-07-12T14:10:51.100363+00:00", "symbol": "BTC-USD"}, {"trade_id": 847976914, "side": "buy", "size": "0.00008492", "price": "117760.43000000", "time": "2025-07-12T14:10:36.889072Z", "fetched_at": "2025-07-12T14:10:51.100363+00:00", "symbol": "BTC-USD"}, {"trade_id": 847976913, "side": "buy", "size": "0.00093406", "price": "117752.47000000", "time": "2025-07-12T14:10:36.834864Z", "fetched_at": "2025-07-12T14:10:51.100363+00:00", "symbol": "BTC-USD"}, {"trade_id": 847976912, "side": "buy", "size": "0.00008492", "price": "117760.44000000", "time": "2025-07-12T14:10:36.834864Z", "fetched_at": "2025-07-12T14:10:51.100363+00:00", "symbol": "BTC-USD"}, {"trade_id": 847976911, "side": "buy", "size": "0.00008492", "price": "117760.47000000", "time": "2025-07-12T14:10:36.716881Z", "fetched_at": "2025-07-12T14:10:51.100363+00:00", "symbol": "BTC-USD"}, {"trade_id": 847976910, "side": "buy", "size": "0.04070000", "price": "117753.94000000", "time": "2025-07-12T14:10:36.650999Z", "fetched_at": "2025-07-12T14:10:51.100363+00:00", "symbol": "BTC-USD"}, {"trade_id": 847976909, "side": "buy", "size": "0.00008492", "price": "117760.63000000", "time": "2025-07-12T14:10:36.634151Z", "fetched_at": "2025-07-12T14:10:51.100363+00:00", "symbol": "BTC-USD"}, {"trade_id": 847976908, "side": "buy", "size": "0.00008492", "price": "117760.64000000", "time": "2025-07-12T14:10:36.620901Z", "fetched_at": "2025-07-12T14:10:51.100363+00:00", "symbol": "BTC-USD"}, {"trade_id": 847976907, "side": "buy", "size": "0.00008492", "price": "117760.68000000", "time": "2025-07-12T14:10:36.588240Z", "fetched_at": "2025-07-12T14:10:51.100363+00:00", "symbol": "BTC-USD"}, {"trade_id": 847976906, "side": "buy", "size": "0.00008903", "price": "117760.68000000", "time": "2025-07-12T14:10:36.588240Z", "fetched_at": "2025-07-12T14:10:51.100363+00:00", "symbol": "BTC-USD"}, {"trade_id": 847976905, "side": "buy", "size": "0.00010000", "price": "117760.68000000", "time": "2025-07-12T14:10:36.575686Z", "fetched_at": "2025-07-12T14:10:51.100363+00:00", "symbol": "BTC-USD"}, {"trade_id": 847976904, "side": "buy", "size": "0.03468657", "price": "117760.68000000", "time": "2025-07-12T14:10:36.566541Z", "fetched_at": "2025-07-12T14:10:51.100363+00:00", "symbol": "BTC-USD"}, {"trade_id": 847976903, "side": "buy", "size": "0.00011343", "price": "117760.68000000", "time": "2025-07-12T14:10:36.566541Z", "fetched_at": "2025-07-12T14:10:51.100363+00:00", "symbol": "BTC-USD"}, {"trade_id": 847976902, "side": "buy", "size": "0.03256921", "price": "117760.68000000", "time": "2025-07-12T14:10:36.550706Z", "fetched_at": "2025-07-12T14:10:51.100363+00:00", "symbol": "BTC-USD"}, {"trade_id": 847976901, "side": "buy", "size": "0.00003079", "price": "117760.68000000", "time": "2025-07-12T14:10:36.550706Z", "fetched_at": "2025-07-12T14:10:51.100363+00:00", "symbol": "BTC-USD"}, {"trade_id": 847976900, "side": "buy", "size": "0.00005413", "price": "117760.68000000", "time": "2025-07-12T14:10:36.518112Z", "fetched_at": "2025-07-12T14:10:51.100363+00:00", "symbol": "BTC-USD"}, {"trade_id": 847976899, "side": "buy", "size": "0.03154587", "price": "117760.68000000", "time": "2025-07-12T14:10:36.518112Z", "fetched_at": "2025-07-12T14:10:51.100363+00:00", "symbol": "BTC-USD"}, {"trade_id": 847976898, "side": "buy", "size": "0.00010000", "price": "117760.68000000", "time": "2025-07-12T14:10:36.517256Z", "fetched_at": "2025-07-12T14:10:51.100363+00:00", "symbol": "BTC-USD"}, {"trade_id": 847976897, "side": "buy", "size": "0.00008492", "price": "117760.68000000", "time": "2025-07-12T14:10:36.503276Z", "fetched_at": "2025-07-12T14:10:51.100363+00:00", "symbol": "BTC-USD"}, {"trade_id": 847976896, "side": "buy", "size": "0.02470000", "price": "117760.10000000", "time": "2025-07-12T14:10:36.495078Z", "fetched_at": "2025-07-12T14:10:51.100363+00:00", "symbol": "BTC-USD"}, {"trade_id": 847976895, "side": "buy", "size": "0.00754900", "price": "117760.10000000", "time": "2025-07-12T14:10:36.494275Z", "fetched_at": "2025-07-12T14:10:51.100363+00:00", "symbol": "BTC-USD"}, {"trade_id": 847976894, "side": "buy", "size": "0.00005100", "price": "117760.68000000", "time": "2025-07-12T14:10:36.494275Z", "fetched_at": "2025-07-12T14:10:51.100363+00:00", "symbol": "BTC-USD"}, {"trade_id": 847976893, "side": "buy", "size": "0.03450951", "price": "117760.68000000", "time": "2025-07-12T14:10:36.486243Z", "fetched_at": "2025-07-12T14:10:51.100363+00:00", "symbol": "BTC-USD"}, {"trade_id": 847976892, "side": "buy", "size": "0.03060557", "price": "117760.68000000", "time": "2025-07-12T14:10:36.486243Z", "fetched_at": "2025-07-12T14:10:51.100363+00:00", "symbol": "BTC-USD"}, {"trade_id": 847976891, "side": "buy", "size": "0.00008492", "price": "117760.68000000", "time": "2025-07-12T14:10:36.486243Z", "fetched_at": "2025-07-12T14:10:51.100363+00:00", "symbol": "BTC-USD"}, {"trade_id": 847976890, "side": "sell", "size": "0.00309084", "price": "117760.69000000", "time": "2025-07-12T14:10:36.340521Z", "fetched_at": "2025-07-12T14:10:51.100363+00:00", "symbol": "BTC-USD"}, {"trade_id": 847976889, "side": "sell", "size": "0.01126000", "price": "117760.69000000", "time": "2025-07-12T14:10:36.340521Z", "fetched_at": "2025-07-12T14:10:51.100363+00:00", "symbol": "BTC-USD"}, {"trade_id": 847976888, "side": "buy", "size": "0.00003708", "price": "117760.68000000", "time": "2025-07-12T14:10:36.299837Z", "fetched_at": "2025-07-12T14:10:51.100363+00:00", "symbol": "BTC-USD"}, {"trade_id": 847976887, "side": "buy", "size": "0.00042000", "price": "117760.56000000", "time": "2025-07-12T14:10:36.274001Z", "fetched_at": "2025-07-12T14:10:51.100363+00:00", "symbol": "BTC-USD"}, {"trade_id": 847976886, "side": "buy", "size": "0.00042000", "price": "117760.56000000", "time": "2025-07-12T14:10:36.272638Z", "fetched_at": "2025-07-12T14:10:51.100363+00:00", "symbol": "BTC-USD"}, {"trade_id": 847976885, "side": "sell", "size": "0.01784670", "price": "117760.57000000", "time": "2025-07-12T14:10:36.271976Z", "fetched_at": "2025-07-12T14:10:51.100363+00:00", "symbol": "BTC-USD"}, {"trade_id": 847976884, "side": "sell", "size": "0.06750000", "price": "117760.57000000", "time": "2025-07-12T14:10:36.268285Z", "fetched_at": "2025-07-12T14:10:51.100363+00:00", "symbol": "BTC-USD"}, {"trade_id": 847976883, "side": "sell", "size": "0.01126000", "price": "117760.57000000", "time": "2025-07-12T14:10:36.264509Z", "fetched_at": "2025-07-12T14:10:51.100363+00:00", "symbol": "BTC-USD"}, {"trade_id": 847976882, "side": "sell", "size": "0.01126000", "price": "117760.56000000", "time": "2025-07-12T14:10:36.250381Z", "fetched_at": "2025-07-12T14:10:51.100363+00:00", "symbol": "BTC-USD"}, {"trade_id": 847976881, "side": "sell", "size": "0.01126000", "price": "117760.54000000", "time": "2025-07-12T14:10:36.223921Z", "fetched_at": "2025-07-12T14:10:51.100363+00:00", "symbol": "BTC-USD"}, {"trade_id": 847976880, "side": "sell", "size": "0.02128825", "price": "117771.91000000", "time": "2025-07-12T14:10:36.208372Z", "fetched_at": "2025-07-12T14:10:51.100363+00:00", "symbol": "BTC-USD"}, {"trade_id": 847976879, "side": "sell", "size": "0.03650222", "price": "117771.91000000", "time": "2025-07-12T14:10:36.207990Z", "fetched_at": "2025-07-12T14:10:51.100363+00:00", "symbol": "BTC-USD"}, {"trade_id": 847976878, "side": "sell", "size": "0.00970953", "price": "117771.91000000", "time": "2025-07-12T14:10:36.207845Z", "fetched_at": "2025-07-12T14:10:51.100363+00:00", "symbol": "BTC-USD"}, {"trade_id": 847976877, "side": "sell", "size": "0.01126000", "price": "117760.37000000", "time": "2025-07-12T14:10:36.159454Z", "fetched_at": "2025-07-12T14:10:51.100363+00:00", "symbol": "BTC-USD"}, {"trade_id": 847976876, "side": "sell", "size": "0.21086329", "price": "117791.26000000", "time": "2025-07-12T14:10:36.054281Z", "fetched_at": "2025-07-12T14:10:51.100363+00:00", "symbol": "BTC-USD"}, {"trade_id": 847976875, "side": "sell", "size": "0.08090134", "price": "117789.05000000", "time": "2025-07-12T14:10:36.054281Z", "fetched_at": "2025-07-12T14:10:51.100363+00:00", "symbol": "BTC-USD"}, {"trade_id": 847976874, "side": "sell", "size": "0.04187282", "price": "117788.16000000", "time": "2025-07-12T14:10:36.054281Z", "fetched_at": "2025-07-12T14:10:51.100363+00:00", "symbol": "BTC-USD"}, {"trade_id": 847976873, "side": "sell", "size": "0.06750000", "price": "117787.99000000", "time": "2025-07-12T14:10:36.054281Z", "fetched_at": "2025-07-12T14:10:51.100363+00:00", "symbol": "BTC-USD"}, {"trade_id": 847976872, "side": "sell", "size": "0.02006119", "price": "117787.98000000", "time": "2025-07-12T14:10:36.054281Z", "fetched_at": "2025-07-12T14:10:51.100363+00:00", "symbol": "BTC-USD"}, {"trade_id": 847976871, "side": "sell", "size": "0.04050000", "price": "117787.98000000", "time": "2025-07-12T14:10:36.054281Z", "fetched_at": "2025-07-12T14:10:51.100363+00:00", "symbol": "BTC-USD"}, {"trade_id": 847976870, "side": "sell", "size": "0.04048000", "price": "117785.38000000", "time": "2025-07-12T14:10:36.054281Z", "fetched_at": "2025-07-12T14:10:51.100363+00:00", "symbol": "BTC-USD"}, {"trade_id": 847976869, "side": "sell", "size": "0.00001276", "price": "117784.97000000", "time": "2025-07-12T14:10:36.054281Z", "fetched_at": "2025-07-12T14:10:51.100363+00:00", "symbol": "BTC-USD"}, {"trade_id": 847976868, "side": "sell", "size": "0.03249095", "price": "117780.27000000", "time": "2025-07-12T14:10:36.054281Z", "fetched_at": "2025-07-12T14:10:51.100363+00:00", "symbol": "BTC-USD"}, {"trade_id": 847976867, "side": "sell", "size": "0.08490429", "price": "117779.67000000", "time": "2025-07-12T14:10:36.054281Z", "fetched_at": "2025-07-12T14:10:51.100363+00:00", "symbol": "BTC-USD"}, {"trade_id": 847976866, "side": "sell", "size": "0.07043714", "price": "117779.66000000", "time": "2025-07-12T14:10:36.054281Z", "fetched_at": "2025-07-12T14:10:51.100363+00:00", "symbol": "BTC-USD"}, {"trade_id": 847976865, "side": "sell", "size": "0.00254716", "price": "117777.88000000", "time": "2025-07-12T14:10:36.054281Z", "fetched_at": "2025-07-12T14:10:51.100363+00:00", "symbol": "BTC-USD"}, {"trade_id": 847976864, "side": "sell", "size": "0.01001447", "price": "117777.11000000", "time": "2025-07-12T14:10:36.054281Z", "fetched_at": "2025-07-12T14:10:51.100363+00:00", "symbol": "BTC-USD"}, {"trade_id": 847976863, "side": "sell", "size": "0.04798576", "price": "117774.38000000", "time": "2025-07-12T14:10:36.054281Z", "fetched_at": "2025-07-12T14:10:51.100363+00:00", "symbol": "BTC-USD"}, {"trade_id": 847976862, "side": "sell", "size": "0.00002067", "price": "117771.92000000", "time": "2025-07-12T14:10:36.054281Z", "fetched_at": "2025-07-12T14:10:51.100363+00:00", "symbol": "BTC-USD"}, {"trade_id": 847976861, "side": "sell", "size": "0.06750000", "price": "117771.91000000", "time": "2025-07-12T14:10:36.054281Z", "fetched_at": "2025-07-12T14:10:51.100363+00:00", "symbol": "BTC-USD"}, {"trade_id": 847976860, "side": "sell", "size": "0.06190816", "price": "117771.91000000", "time": "2025-07-12T14:10:36.054281Z", "fetched_at": "2025-07-12T14:10:51.100363+00:00", "symbol": "BTC-USD"}, {"trade_id": 847976859, "side": "sell", "size": "0.00000424", "price": "117760.10000000", "time": "2025-07-12T14:10:36.016926Z", "fetched_at": "2025-07-12T14:10:51.100363+00:00", "symbol": "BTC-USD"}, {"trade_id": 847976858, "side": "sell", "size": "0.00000778", "price": "117760.10000000", "time": "2025-07-12T14:10:36.016926Z", "fetched_at": "2025-07-12T14:10:51.100363+00:00", "symbol": "BTC-USD"}, {"trade_id": 847976857, "side": "sell", "size": "0.01902256", "price": "117759.11000000", "time": "2025-07-12T14:10:36.016926Z", "fetched_at": "2025-07-12T14:10:51.100363+00:00", "symbol": "BTC-USD"}, {"trade_id": 847976856, "side": "sell", "size": "0.00035202", "price": "117759.11000000", "time": "2025-07-12T14:10:36.014783Z", "fetched_at": "2025-07-12T14:10:51.100363+00:00", "symbol": "BTC-USD"}, {"trade_id": 847976855, "side": "sell", "size": "0.06750000", "price": "117752.49000000", "time": "2025-07-12T14:10:36.014783Z", "fetched_at": "2025-07-12T14:10:51.100363+00:00", "symbol": "BTC-USD"}, {"trade_id": 847976854, "side": "sell", "size": "0.01802085", "price": "117752.49000000", "time": "2025-07-12T14:10:36.014783Z", "fetched_at": "2025-07-12T14:10:51.100363+00:00", "symbol": "BTC-USD"}, {"trade_id": 847976853, "side": "sell", "size": "0.08664722", "price": "117760.10000000", "time": "2025-07-12T14:10:35.981173Z", "fetched_at": "2025-07-12T14:10:51.100363+00:00", "symbol": "BTC-USD"}, {"trade_id": 847976852, "side": "sell", "size": "0.00836890", "price": "117760.10000000", "time": "2025-07-12T14:10:35.976001Z", "fetched_at": "2025-07-12T14:10:51.100363+00:00", "symbol": "BTC-USD"}, {"trade_id": 847976851, "side": "buy", "size": "0.00499995", "price": "117756.92000000", "time": "2025-07-12T14:10:35.973402Z", "fetched_at": "2025-07-12T14:10:51.100363+00:00", "symbol": "BTC-USD"}, {"trade_id": 847976850, "side": "buy", "size": "0.03431308", "price": "117751.75000000", "time": "2025-07-12T14:10:35.969891Z", "fetched_at": "2025-07-12T14:10:51.100363+00:00", "symbol": "BTC-USD"}, {"trade_id": 847976849, "side": "buy", "size": "0.04819952", "price": "117751.77000000", "time": "2025-07-12T14:10:35.969891Z", "fetched_at": "2025-07-12T14:10:51.100363+00:00", "symbol": "BTC-USD"}, {"trade_id": 847976848, "side": "buy", "size": "0.00687721", "price": "117751.77000000", "time": "2025-07-12T14:10:35.965863Z", "fetched_at": "2025-07-12T14:10:51.100363+00:00", "symbol": "BTC-USD"}, {"trade_id": 847976847, "side": "sell", "size": "0.00680163", "price": "117760.10000000", "time": "2025-07-12T14:10:35.965461Z", "fetched_at": "2025-07-12T14:10:51.100363+00:00", "symbol": "BTC-USD"}, {"trade_id": 847976846, "side": "buy", "size": "0.00679229", "price": "117751.77000000", "time": "2025-07-12T14:10:35.962189Z", "fetched_at": "2025-07-12T14:10:51.100363+00:00", "symbol": "BTC-USD"}, {"trade_id": 847976845, "side": "buy", "size": "0.00008492", "price": "117760.09000000", "time": "2025-07-12T14:10:35.962189Z", "fetched_at": "2025-07-12T14:10:51.100363+00:00", "symbol": "BTC-USD"}, {"trade_id": 847976844, "side": "sell", "size": "0.02598247", "price": "117760.10000000", "time": "2025-07-12T14:10:35.947322Z", "fetched_at": "2025-07-12T14:10:51.100363+00:00", "symbol": "BTC-USD"}, {"trade_id": 847976843, "side": "sell", "size": "0.06059978", "price": "117760.10000000", "time": "2025-07-12T14:10:35.943140Z", "fetched_at": "2025-07-12T14:10:51.100363+00:00", "symbol": "BTC-USD"}, {"trade_id": 847976842, "side": "buy", "size": "0.00008491", "price": "117771.92000000", "time": "2025-07-12T14:10:35.935888Z", "fetched_at": "2025-07-12T14:10:51.100363+00:00", "symbol": "BTC-USD"}, {"trade_id": 847976841, "side": "buy", "size": "0.00008491", "price": "117771.92000000", "time": "2025-07-12T14:10:35.924646Z", "fetched_at": "2025-07-12T14:10:51.100363+00:00", "symbol": "BTC-USD"}, {"trade_id": 847976840, "side": "buy", "size": "0.00008491", "price": "117771.93000000", "time": "2025-07-12T14:10:35.899341Z", "fetched_at": "2025-07-12T14:10:51.100363+00:00", "symbol": "BTC-USD"}, {"trade_id": 847976839, "side": "buy", "size": "0.03465581", "price": "117757.50000000", "time": "2025-07-12T14:10:35.893711Z", "fetched_at": "2025-07-12T14:10:51.100363+00:00", "symbol": "BTC-USD"}, {"trade_id": 847976838, "side": "buy", "size": "0.00008491", "price": "117771.93000000", "time": "2025-07-12T14:10:35.889649Z", "fetched_at": "2025-07-12T14:10:51.100363+00:00", "symbol": "BTC-USD"}, {"trade_id": 847976837, "side": "buy", "size": "0.00008491", "price": "117771.93000000", "time": "2025-07-12T14:10:35.878090Z", "fetched_at": "2025-07-12T14:10:51.100363+00:00", "symbol": "BTC-USD"}, {"trade_id": 847976836, "side": "buy", "size": "0.00008492", "price": "117768.60000000", "time": "2025-07-12T14:10:35.847464Z", "fetched_at": "2025-07-12T14:10:51.100363+00:00", "symbol": "BTC-USD"}, {"trade_id": 847976835, "side": "sell", "size": "0.02550189", "price": "117768.61000000", "time": "2025-07-12T14:10:35.838779Z", "fetched_at": "2025-07-12T14:10:51.100363+00:00", "symbol": "BTC-USD"}, {"trade_id": 847976834, "side": "buy", "size": "0.00008492", "price": "117768.60000000", "time": "2025-07-12T14:10:35.837267Z", "fetched_at": "2025-07-12T14:10:51.100363+00:00", "symbol": "BTC-USD"}, {"trade_id": 847976833, "side": "buy", "size": "0.00008492", "price": "117768.60000000", "time": "2025-07-12T14:10:35.827038Z", "fetched_at": "2025-07-12T14:10:51.100363+00:00", "symbol": "BTC-USD"}, {"trade_id": 847976832, "side": "sell", "size": "0.01712397", "price": "117759.11000000", "time": "2025-07-12T14:10:35.812079Z", "fetched_at": "2025-07-12T14:10:51.100363+00:00", "symbol": "BTC-USD"}, {"trade_id": 847976831, "side": "buy", "size": "0.00008491", "price": "117776.21000000", "time": "2025-07-12T14:10:35.783502Z", "fetched_at": "2025-07-12T14:10:51.100363+00:00", "symbol": "BTC-USD"}, {"trade_id": 847976830, "side": "buy", "size": "0.02891484", "price": "117764.81000000", "time": "2025-07-12T14:10:35.770830Z", "fetched_at": "2025-07-12T14:10:51.100363+00:00", "symbol": "BTC-USD"}, {"trade_id": 847976829, "side": "buy", "size": "0.02395000", "price": "117759.10000000", "time": "2025-07-12T14:10:35.763357Z", "fetched_at": "2025-07-12T14:10:51.100363+00:00", "symbol": "BTC-USD"}, {"trade_id": 847976828, "side": "buy", "size": "0.00008491", "price": "117776.21000000", "time": "2025-07-12T14:10:35.763357Z", "fetched_at": "2025-07-12T14:10:51.100363+00:00", "symbol": "BTC-USD"}, {"trade_id": 847976827, "side": "buy", "size": "0.02805602", "price": "117759.11000000", "time": "2025-07-12T14:10:35.758566Z", "fetched_at": "2025-07-12T14:10:51.100363+00:00", "symbol": "BTC-USD"}, {"trade_id": 847976826, "side": "buy", "size": "0.00410602", "price": "117768.62000000", "time": "2025-07-12T14:10:35.753866Z", "fetched_at": "2025-07-12T14:10:51.100363+00:00", "symbol": "BTC-USD"}, {"trade_id": 847976825, "side": "buy", "size": "0.02395000", "price": "117768.62000000", "time": "2025-07-12T14:10:35.753500Z", "fetched_at": "2025-07-12T14:10:51.100363+00:00", "symbol": "BTC-USD"}, {"trade_id": 847976824, "side": "buy", "size": "0.00008492", "price": "117768.61000000", "time": "2025-07-12T14:10:35.744826Z", "fetched_at": "2025-07-12T14:10:51.100363+00:00", "symbol": "BTC-USD"}, {"trade_id": 847976823, "side": "buy", "size": "0.00008492", "price": "117768.61000000", "time": "2025-07-12T14:10:35.722993Z", "fetched_at": "2025-07-12T14:10:51.100363+00:00", "symbol": "BTC-USD"}, {"trade_id": 847976822, "side": "sell", "size": "0.03555509", "price": "117776.23000000", "time": "2025-07-12T14:10:35.706631Z", "fetched_at": "2025-07-12T14:10:51.100363+00:00", "symbol": "BTC-USD"}, {"trade_id": 847976821, "side": "sell", "size": "0.00008491", "price": "117773.64000000", "time": "2025-07-12T14:10:35.706631Z", "fetched_at": "2025-07-12T14:10:51.100363+00:00", "symbol": "BTC-USD"}, {"trade_id": 847976820, "side": "sell", "size": "0.02727000", "price": "117768.62000000", "time": "2025-07-12T14:10:35.706631Z", "fetched_at": "2025-07-12T14:10:51.100363+00:00", "symbol": "BTC-USD"}, {"trade_id": 847976819, "side": "sell", "size": "0.04023000", "price": "117768.62000000", "time": "2025-07-12T14:10:35.705664Z", "fetched_at": "2025-07-12T14:10:51.100363+00:00", "symbol": "BTC-USD"}, {"trade_id": 847976818, "side": "buy", "size": "0.10000000", "price": "117759.10000000", "time": "2025-07-12T14:10:35.686028Z", "fetched_at": "2025-07-12T14:10:51.100363+00:00", "symbol": "BTC-USD"}, {"trade_id": 847976817, "side": "buy", "size": "0.03286000", "price": "117761.14000000", "time": "2025-07-12T14:10:35.683067Z", "fetched_at": "2025-07-12T14:10:51.100363+00:00", "symbol": "BTC-USD"}, {"trade_id": 847976816, "side": "sell", "size": "0.00984782", "price": "117768.62000000", "time": "2025-07-12T14:10:35.625728Z", "fetched_at": "2025-07-12T14:10:51.100363+00:00", "symbol": "BTC-USD"}, {"trade_id": 847976815, "side": "sell", "size": "0.00021260", "price": "117768.37000000", "time": "2025-07-12T14:10:35.625728Z", "fetched_at": "2025-07-12T14:10:51.100363+00:00", "symbol": "BTC-USD"}, {"trade_id": 847976814, "side": "sell", "size": "0.00001000", "price": "117764.64000000", "time": "2025-07-12T14:10:35.625728Z", "fetched_at": "2025-07-12T14:10:51.100363+00:00", "symbol": "BTC-USD"}, {"trade_id": 847976813, "side": "sell", "size": "0.00018133", "price": "117761.15000000", "time": "2025-07-12T14:10:35.625728Z", "fetched_at": "2025-07-12T14:10:51.100363+00:00", "symbol": "BTC-USD"}, {"trade_id": 847976812, "side": "sell", "size": "0.00239289", "price": "117761.15000000", "time": "2025-07-12T14:10:35.618203Z", "fetched_at": "2025-07-12T14:10:51.100363+00:00", "symbol": "BTC-USD"}, {"trade_id": 847976811, "side": "sell", "size": "0.01406156", "price": "117761.14000000", "time": "2025-07-12T14:10:35.618203Z", "fetched_at": "2025-07-12T14:10:51.100363+00:00", "symbol": "BTC-USD"}, {"trade_id": 847976810, "side": "sell", "size": "0.03431877", "price": "117761.14000000", "time": "2025-07-12T14:10:35.615122Z", "fetched_at": "2025-07-12T14:10:51.100363+00:00", "symbol": "BTC-USD"}, {"trade_id": 847976809, "side": "sell", "size": "0.01911967", "price": "117761.14000000", "time": "2025-07-12T14:10:35.563640Z", "fetched_at": "2025-07-12T14:10:51.100363+00:00", "symbol": "BTC-USD"}, {"trade_id": 847976808, "side": "sell", "size": "0.00499021", "price": "117759.03000000", "time": "2025-07-12T14:10:35.563640Z", "fetched_at": "2025-07-12T14:10:51.100363+00:00", "symbol": "BTC-USD"}, {"trade_id": 847976807, "side": "sell", "size": "0.00500979", "price": "117759.03000000", "time": "2025-07-12T14:10:35.547444Z", "fetched_at": "2025-07-12T14:10:51.100363+00:00", "symbol": "BTC-USD"}, {"trade_id": 847976806, "side": "sell", "size": "0.00242336", "price": "117761.15000000", "time": "2025-07-12T14:10:35.499996Z", "fetched_at": "2025-07-12T14:10:51.100363+00:00", "symbol": "BTC-USD"}, {"trade_id": 847976805, "side": "sell", "size": "0.00001221", "price": "117759.03000000", "time": "2025-07-12T14:10:35.499996Z", "fetched_at": "2025-07-12T14:10:51.100363+00:00", "symbol": "BTC-USD"}, {"trade_id": 847976804, "side": "sell", "size": "0.00002442", "price": "117724.42000000", "time": "2025-07-12T14:10:35.339428Z", "fetched_at": "2025-07-12T14:10:51.100363+00:00", "symbol": "BTC-USD"}, {"trade_id": 847976803, "side": "buy", "size": "0.00042000", "price": "117712.51000000", "time": "2025-07-12T14:10:35.332902Z", "fetched_at": "2025-07-12T14:10:51.100363+00:00", "symbol": "BTC-USD"}, {"trade_id": 847976802, "side": "sell", "size": "0.00004884", "price": "117724.63000000", "time": "2025-07-12T14:10:35.325216Z", "fetched_at": "2025-07-12T14:10:51.100363+00:00", "symbol": "BTC-USD"}, {"trade_id": 847976801, "side": "sell", "size": "0.00142933", "price": "117721.78000000", "time": "2025-07-12T14:10:35.325216Z", "fetched_at": "2025-07-12T14:10:51.100363+00:00", "symbol": "BTC-USD"}, {"trade_id": 847976800, "side": "sell", "size": "0.00009768", "price": "117708.23000000", "time": "2025-07-12T14:10:35.325216Z", "fetched_at": "2025-07-12T14:10:51.100363+00:00", "symbol": "BTC-USD"}, {"trade_id": 847976799, "side": "sell", "size": "0.02082243", "price": "117721.78000000", "time": "2025-07-12T14:10:35.319Z", "fetched_at": "2025-07-12T14:10:51.100363+00:00", "symbol": "BTC-USD"}, {"trade_id": 847976798, "side": "sell", "size": "0.00019535", "price": "117711.97000000", "time": "2025-07-12T14:10:35.319Z", "fetched_at": "2025-07-12T14:10:51.100363+00:00", "symbol": "BTC-USD"}, {"trade_id": 847976797, "side": "sell", "size": "0.01615343", "price": "117735.08000000", "time": "2025-07-12T14:10:35.313992Z", "fetched_at": "2025-07-12T14:10:51.100363+00:00", "symbol": "BTC-USD"}, {"trade_id": 847976796, "side": "sell", "size": "0.00658745", "price": "117711.98000000", "time": "2025-07-12T14:10:35.313992Z", "fetched_at": "2025-07-12T14:10:51.100363+00:00", "symbol": "BTC-USD"}, {"trade_id": 847976795, "side": "sell", "size": "0.00200000", "price": "117711.98000000", "time": "2025-07-12T14:10:35.312769Z", "fetched_at": "2025-07-12T14:10:51.100363+00:00", "symbol": "BTC-USD"}, {"trade_id": 847976794, "side": "sell", "size": "0.00141255", "price": "117711.98000000", "time": "2025-07-12T14:10:35.312181Z", "fetched_at": "2025-07-12T14:10:51.100363+00:00", "symbol": "BTC-USD"}, {"trade_id": 847976793, "side": "sell", "size": "0.00693579", "price": "117735.08000000", "time": "2025-07-12T14:10:35.311228Z", "fetched_at": "2025-07-12T14:10:51.100363+00:00", "symbol": "BTC-USD"}, {"trade_id": 847976792, "side": "sell", "size": "0.00008494", "price": "117732.80000000", "time": "2025-07-12T14:10:35.306501Z", "fetched_at": "2025-07-12T14:10:51.100363+00:00", "symbol": "BTC-USD"}, {"trade_id": 847976791, "side": "sell", "size": "0.00001196", "price": "117730.62000000", "time": "2025-07-12T14:10:35.306501Z", "fetched_at": "2025-07-12T14:10:51.100363+00:00", "symbol": "BTC-USD"}, {"trade_id": 847976790, "side": "sell", "size": "0.00001000", "price": "117729.36000000", "time": "2025-07-12T14:10:35.306501Z", "fetched_at": "2025-07-12T14:10:51.100363+00:00", "symbol": "BTC-USD"}, {"trade_id": 847976789, "side": "sell", "size": "0.00008494", "price": "117728.83000000", "time": "2025-07-12T14:10:35.306501Z", "fetched_at": "2025-07-12T14:10:51.100363+00:00", "symbol": "BTC-USD"}, {"trade_id": 847976788, "side": "sell", "size": "0.00499914", "price": "117724.68000000", "time": "2025-07-12T14:10:35.306501Z", "fetched_at": "2025-07-12T14:10:51.100363+00:00", "symbol": "BTC-USD"}, {"trade_id": 847976787, "side": "sell", "size": "0.00364634", "price": "117723.75000000", "time": "2025-07-12T14:10:35.306501Z", "fetched_at": "2025-07-12T14:10:51.100363+00:00", "symbol": "BTC-USD"}, {"trade_id": 847976786, "side": "sell", "size": "0.00039070", "price": "117721.78000000", "time": "2025-07-12T14:10:35.306501Z", "fetched_at": "2025-07-12T14:10:51.100363+00:00", "symbol": "BTC-USD"}, {"trade_id": 847976785, "side": "sell", "size": "0.02696770", "price": "117723.75000000", "time": "2025-07-12T14:10:35.302063Z", "fetched_at": "2025-07-12T14:10:51.100363+00:00", "symbol": "BTC-USD"}, {"trade_id": 847976784, "side": "sell", "size": "0.00078140", "price": "117714.81000000", "time": "2025-07-12T14:10:35.299461Z", "fetched_at": "2025-07-12T14:10:51.100363+00:00", "symbol": "BTC-USD"}, {"trade_id": 847976783, "side": "sell", "size": "0.01000000", "price": "117711.90000000", "time": "2025-07-12T14:10:35.298734Z", "fetched_at": "2025-07-12T14:10:51.100363+00:00", "symbol": "BTC-USD"}, {"trade_id": 847976782, "side": "sell", "size": "0.00312561", "price": "117711.89000000", "time": "2025-07-12T14:10:35.298734Z", "fetched_at": "2025-07-12T14:10:51.100363+00:00", "symbol": "BTC-USD"}, {"trade_id": 847976781, "side": "sell", "size": "0.00611545", "price": "117709.39000000", "time": "2025-07-12T14:10:35.298734Z", "fetched_at": "2025-07-12T14:10:51.100363+00:00", "symbol": "BTC-USD"}, {"trade_id": 847976780, "side": "buy", "size": "0.01000000", "price": "117689.57000000", "time": "2025-07-12T14:10:35.297193Z", "fetched_at": "2025-07-12T14:10:51.100363+00:00", "symbol": "BTC-USD"}, {"trade_id": 847976779, "side": "sell", "size": "0.02131321", "price": "117709.39000000", "time": "2025-07-12T14:10:35.288897Z", "fetched_at": "2025-07-12T14:10:51.100363+00:00", "symbol": "BTC-USD"}, {"trade_id": 847976778, "side": "sell", "size": "0.01257134", "price": "117709.39000000", "time": "2025-07-12T14:10:35.286544Z", "fetched_at": "2025-07-12T14:10:51.100363+00:00", "symbol": "BTC-USD"}, {"trade_id": 847976777, "side": "sell", "size": "0.01000000", "price": "117708.69000000", "time": "2025-07-12T14:10:35.286544Z", "fetched_at": "2025-07-12T14:10:51.100363+00:00", "symbol": "BTC-USD"}, {"trade_id": 847976776, "side": "sell", "size": "0.00156281", "price": "117708.68000000", "time": "2025-07-12T14:10:35.286544Z", "fetched_at": "2025-07-12T14:10:51.100363+00:00", "symbol": "BTC-USD"}, {"trade_id": 847976775, "side": "sell", "size": "0.02225176", "price": "117711.98000000", "time": "2025-07-12T14:10:35.215598Z", "fetched_at": "2025-07-12T14:10:51.100363+00:00", "symbol": "BTC-USD"}, {"trade_id": 847976774, "side": "sell", "size": "0.00304507", "price": "117708.24000000", "time": "2025-07-12T14:10:35.215598Z", "fetched_at": "2025-07-12T14:10:51.100363+00:00", "symbol": "BTC-USD"}, {"trade_id": 847976773, "side": "sell", "size": "0.05622751", "price": "117721.79000000", "time": "2025-07-12T14:10:35.184289Z", "fetched_at": "2025-07-12T14:10:51.100363+00:00", "symbol": "BTC-USD"}, {"trade_id": 847976772, "side": "sell", "size": "0.02717249", "price": "117714.82000000", "time": "2025-07-12T14:10:35.184289Z", "fetched_at": "2025-07-12T14:10:51.100363+00:00", "symbol": "BTC-USD"}, {"trade_id": 847976771, "side": "sell", "size": "0.04085974", "price": "117714.82000000", "time": "2025-07-12T14:10:35.176381Z", "fetched_at": "2025-07-12T14:10:51.100363+00:00", "symbol": "BTC-USD"}, {"trade_id": 847976770, "side": "sell", "size": "0.00050000", "price": "117713.03000000", "time": "2025-07-12T14:10:35.176381Z", "fetched_at": "2025-07-12T14:10:51.100363+00:00", "symbol": "BTC-USD"}, {"trade_id": 847976769, "side": "sell", "size": "0.00336827", "price": "117711.99000000", "time": "2025-07-12T14:10:35.176381Z", "fetched_at": "2025-07-12T14:10:51.100363+00:00", "symbol": "BTC-USD"}, {"trade_id": 847976768, "side": "sell", "size": "0.00980769", "price": "117711.90000000", "time": "2025-07-12T14:10:35.176381Z", "fetched_at": "2025-07-12T14:10:51.100363+00:00", "symbol": "BTC-USD"}, {"trade_id": 847976767, "side": "sell", "size": "0.00896433", "price": "117710.49000000", "time": "2025-07-12T14:10:35.176381Z", "fetched_at": "2025-07-12T14:10:51.100363+00:00", "symbol": "BTC-USD"}, {"trade_id": 847976766, "side": "sell", "size": "0.06665012", "price": "117708.69000000", "time": "2025-07-12T14:10:35.176104Z", "fetched_at": "2025-07-12T14:10:51.100363+00:00", "symbol": "BTC-USD"}, {"trade_id": 847976765, "side": "sell", "size": "0.00163038", "price": "117711.99000000", "time": "2025-07-12T14:10:35.160368Z", "fetched_at": "2025-07-12T14:10:51.100363+00:00", "symbol": "BTC-USD"}, {"trade_id": 847976764, "side": "sell", "size": "0.00051000", "price": "117704.57000000", "time": "2025-07-12T14:10:35.160368Z", "fetched_at": "2025-07-12T14:10:51.100363+00:00", "symbol": "BTC-USD"}, {"trade_id": 847976763, "side": "sell", "size": "0.03707330", "price": "117689.58000000", "time": "2025-07-12T14:10:35.160368Z", "fetched_at": "2025-07-12T14:10:51.100363+00:00", "symbol": "BTC-USD"}, {"trade_id": 847976762, "side": "sell", "size": "0.21816626", "price": "117689.58000000", "time": "2025-07-12T14:10:35.153920Z", "fetched_at": "2025-07-12T14:10:51.100363+00:00", "symbol": "BTC-USD"}, {"trade_id": 847976761, "side": "sell", "size": "0.06665104", "price": "117689.58000000", "time": "2025-07-12T14:10:35.149092Z", "fetched_at": "2025-07-12T14:10:51.100363+00:00", "symbol": "BTC-USD"}, {"trade_id": 847976760, "side": "sell", "size": "0.25503035", "price": "117689.58000000", "time": "2025-07-12T14:10:35.132354Z", "fetched_at": "2025-07-12T14:10:51.100363+00:00", "symbol": "BTC-USD"}, {"trade_id": 847976759, "side": "sell", "size": "0.00125024", "price": "117682.37000000", "time": "2025-07-12T14:10:35.132354Z", "fetched_at": "2025-07-12T14:10:51.100363+00:00", "symbol": "BTC-USD"}, {"trade_id": 847976758, "side": "sell", "size": "0.03700000", "price": "117682.37000000", "time": "2025-07-12T14:10:35.132354Z", "fetched_at": "2025-07-12T14:10:51.100363+00:00", "symbol": "BTC-USD"}, {"trade_id": 847976757, "side": "sell", "size": "0.03300000", "price": "117682.37000000", "time": "2025-07-12T14:10:35.132322Z", "fetched_at": "2025-07-12T14:10:51.100363+00:00", "symbol": "BTC-USD"}, {"trade_id": 847976756, "side": "sell", "size": "0.05204000", "price": "117689.58000000", "time": "2025-07-12T14:10:35.128357Z", "fetched_at": "2025-07-12T14:10:51.100363+00:00", "symbol": "BTC-USD"}, {"trade_id": 847976755, "side": "sell", "size": "0.07419280", "price": "117672.02000000", "time": "2025-07-12T14:10:35.123987Z", "fetched_at": "2025-07-12T14:10:51.100363+00:00", "symbol": "BTC-USD"}, {"trade_id": 847976754, "side": "sell", "size": "0.01932177", "price": "117689.58000000", "time": "2025-07-12T14:10:35.122620Z", "fetched_at": "2025-07-12T14:10:51.100363+00:00", "symbol": "BTC-USD"}, {"trade_id": 847976753, "side": "sell", "size": "0.00849704", "price": "117687.92000000", "time": "2025-07-12T14:10:35.122620Z", "fetched_at": "2025-07-12T14:10:51.100363+00:00", "symbol": "BTC-USD"}, {"trade_id": 847976752, "side": "sell", "size": "0.04213662", "price": "117671.97000000", "time": "2025-07-12T14:10:35.121066Z", "fetched_at": "2025-07-12T14:10:51.100363+00:00", "symbol": "BTC-USD"}, {"trade_id": 847976751, "side": "sell", "size": "0.07517626", "price": "117672.00000000", "time": "2025-07-12T14:10:35.114304Z", "fetched_at": "2025-07-12T14:10:51.100363+00:00", "symbol": "BTC-USD"}, {"trade_id": 847976750, "side": "sell", "size": "0.05494891", "price": "117682.32000000", "time": "2025-07-12T14:10:35.107714Z", "fetched_at": "2025-07-12T14:10:51.100363+00:00", "symbol": "BTC-USD"}, {"trade_id": 847976749, "side": "sell", "size": "0.03490000", "price": "117682.32000000", "time": "2025-07-12T14:10:35.105532Z", "fetched_at": "2025-07-12T14:10:51.100363+00:00", "symbol": "BTC-USD"}, {"trade_id": 847976748, "side": "sell", "size": "0.03364228", "price": "117689.58000000", "time": "2025-07-12T14:10:35.102948Z", "fetched_at": "2025-07-12T14:10:51.100363+00:00", "symbol": "BTC-USD"}, {"trade_id": 847976747, "side": "sell", "size": "0.07840509", "price": "117682.33000000", "time": "2025-07-12T14:10:35.102948Z", "fetched_at": "2025-07-12T14:10:51.100363+00:00", "symbol": "BTC-USD"}, {"trade_id": 847976746, "side": "sell", "size": "0.02795263", "price": "117670.52000000", "time": "2025-07-12T14:10:35.102948Z", "fetched_at": "2025-07-12T14:10:51.100363+00:00", "symbol": "BTC-USD"}, {"trade_id": 847976745, "side": "sell", "size": "0.04195545", "price": "117670.52000000", "time": "2025-07-12T14:10:35.102639Z", "fetched_at": "2025-07-12T14:10:51.100363+00:00", "symbol": "BTC-USD"}, {"trade_id": 847976744, "side": "sell", "size": "0.00250049", "price": "117660.72000000", "time": "2025-07-12T14:10:35.102639Z", "fetched_at": "2025-07-12T14:10:51.100363+00:00", "symbol": "BTC-USD"}, {"trade_id": 847976743, "side": "sell", "size": "0.01427710", "price": "117660.68000000", "time": "2025-07-12T14:10:35.102639Z", "fetched_at": "2025-07-12T14:10:51.100363+00:00", "symbol": "BTC-USD"}, {"trade_id": 847976742, "side": "sell", "size": "0.00676696", "price": "117660.66000000", "time": "2025-07-12T14:10:35.102639Z", "fetched_at": "2025-07-12T14:10:51.100363+00:00", "symbol": "BTC-USD"}, {"trade_id": 847976741, "side": "sell", "size": "0.00030000", "price": "117660.66000000", "time": "2025-07-12T14:10:35.101669Z", "fetched_at": "2025-07-12T14:10:51.100363+00:00", "symbol": "BTC-USD"}, {"trade_id": 847976740, "side": "sell", "size": "0.00385390", "price": "117660.66000000", "time": "2025-07-12T14:10:35.101601Z", "fetched_at": "2025-07-12T14:10:51.100363+00:00", "symbol": "BTC-USD"}, {"trade_id": 847976739, "side": "sell", "size": "0.02180000", "price": "117660.66000000", "time": "2025-07-12T14:10:35.101590Z", "fetched_at": "2025-07-12T14:10:51.100363+00:00", "symbol": "BTC-USD"}, {"trade_id": 847976738, "side": "sell", "size": "0.00830000", "price": "117660.66000000", "time": "2025-07-12T14:10:35.101265Z", "fetched_at": "2025-07-12T14:10:51.100363+00:00", "symbol": "BTC-USD"}, {"trade_id": 847976737, "side": "sell", "size": "0.00030000", "price": "117660.66000000", "time": "2025-07-12T14:10:35.101233Z", "fetched_at": "2025-07-12T14:10:51.100363+00:00", "symbol": "BTC-USD"}, {"trade_id": 847976736, "side": "sell", "size": "0.00880000", "price": "117660.66000000", "time": "2025-07-12T14:10:35.098573Z", "fetched_at": "2025-07-12T14:10:51.100363+00:00", "symbol": "BTC-USD"}, {"trade_id": 847976735, "side": "sell", "size": "0.00335205", "price": "117660.66000000", "time": "2025-07-12T14:10:35.096619Z", "fetched_at": "2025-07-12T14:10:51.100363+00:00", "symbol": "BTC-USD"}, {"trade_id": 847976734, "side": "sell", "size": "0.01830000", "price": "117660.66000000", "time": "2025-07-12T14:10:35.093957Z", "fetched_at": "2025-07-12T14:10:51.100363+00:00", "symbol": "BTC-USD"}, {"trade_id": 847976733, "side": "sell", "size": "0.04241398", "price": "117660.68000000", "time": "2025-07-12T14:10:35.090567Z", "fetched_at": "2025-07-12T14:10:51.100363+00:00", "symbol": "BTC-USD"}, {"trade_id": 847976732, "side": "sell", "size": "0.02731271", "price": "117660.68000000", "time": "2025-07-12T14:10:35.089482Z", "fetched_at": "2025-07-12T14:10:51.100363+00:00", "symbol": "BTC-USD"}, {"trade_id": 847976731, "side": "sell", "size": "0.05103775", "price": "117651.38000000", "time": "2025-07-12T14:10:35.087544Z", "fetched_at": "2025-07-12T14:10:51.100363+00:00", "symbol": "BTC-USD"}, {"trade_id": 847976730, "side": "sell", "size": "0.00898420", "price": "117650.50000000", "time": "2025-07-12T14:10:35.087306Z", "fetched_at": "2025-07-12T14:10:51.100363+00:00", "symbol": "BTC-USD"}, {"trade_id": 847976729, "side": "sell", "size": "0.04101580", "price": "117650.50000000", "time": "2025-07-12T14:10:35.087253Z", "fetched_at": "2025-07-12T14:10:51.100363+00:00", "symbol": "BTC-USD"}, {"trade_id": 847976728, "side": "sell", "size": "0.02648420", "price": "117650.45000000", "time": "2025-07-12T14:10:35.087253Z", "fetched_at": "2025-07-12T14:10:51.100363+00:00", "symbol": "BTC-USD"}, {"trade_id": 847976727, "side": "sell", "size": "0.01413105", "price": "117650.45000000", "time": "2025-07-12T14:10:35.085101Z", "fetched_at": "2025-07-12T14:10:51.100363+00:00", "symbol": "BTC-USD"}, {"trade_id": 847976726, "side": "sell", "size": "0.00938475", "price": "117650.45000000", "time": "2025-07-12T14:10:35.083028Z", "fetched_at": "2025-07-12T14:10:51.100363+00:00", "symbol": "BTC-USD"}, {"trade_id": 847976725, "side": "sell", "size": "0.04182180", "price": "117640.70000000", "time": "2025-07-12T14:10:35.071653Z", "fetched_at": "2025-07-12T14:10:51.100363+00:00", "symbol": "BTC-USD"}, {"trade_id": 847976724, "side": "sell", "size": "0.08585868", "price": "117635.93000000", "time": "2025-07-12T14:10:35.061768Z", "fetched_at": "2025-07-12T14:10:51.100363+00:00", "symbol": "BTC-USD"}, {"trade_id": 847976723, "side": "sell", "size": "0.01720405", "price": "117633.89000000", "time": "2025-07-12T14:10:35.061768Z", "fetched_at": "2025-07-12T14:10:51.100363+00:00", "symbol": "BTC-USD"}, {"trade_id": 847976722, "side": "sell", "size": "0.00016501", "price": "117709.48000000", "time": "2025-07-12T14:10:35.047334Z", "fetched_at": "2025-07-12T14:10:51.100363+00:00", "symbol": "BTC-USD"}, {"trade_id": 847976721, "side": "sell", "size": "0.00004594", "price": "117709.47000000", "time": "2025-07-12T14:10:35.047334Z", "fetched_at": "2025-07-12T14:10:51.100363+00:00", "symbol": "BTC-USD"}, {"trade_id": 847976720, "side": "sell", "size": "0.00031800", "price": "117709.46000000", "time": "2025-07-12T14:10:35.047334Z", "fetched_at": "2025-07-12T14:10:51.100363+00:00", "symbol": "BTC-USD"}, {"trade_id": 847976719, "side": "sell", "size": "0.00008021", "price": "117709.45000000", "time": "2025-07-12T14:10:35.047334Z", "fetched_at": "2025-07-12T14:10:51.100363+00:00", "symbol": "BTC-USD"}, {"trade_id": 847976718, "side": "sell", "size": "0.00003790", "price": "117709.44000000", "time": "2025-07-12T14:10:35.047334Z", "fetched_at": "2025-07-12T14:10:51.100363+00:00", "symbol": "BTC-USD"}, {"trade_id": 847976717, "side": "sell", "size": "0.00023306", "price": "117709.43000000", "time": "2025-07-12T14:10:35.047334Z", "fetched_at": "2025-07-12T14:10:51.100363+00:00", "symbol": "BTC-USD"}, {"trade_id": 847976716, "side": "sell", "size": "0.00002104", "price": "117709.42000000", "time": "2025-07-12T14:10:35.047334Z", "fetched_at": "2025-07-12T14:10:51.100363+00:00", "symbol": "BTC-USD"}, {"trade_id": 847976715, "side": "sell", "size": "0.00007170", "price": "117709.41000000", "time": "2025-07-12T14:10:35.047334Z", "fetched_at": "2025-07-12T14:10:51.100363+00:00", "symbol": "BTC-USD"}, {"trade_id": 847976714, "side": "sell", "size": "0.00019954", "price": "117709.40000000", "time": "2025-07-12T14:10:35.047334Z", "fetched_at": "2025-07-12T14:10:51.100363+00:00", "symbol": "BTC-USD"}, {"trade_id": 847976713, "side": "sell", "size": "0.00033530", "price": "117709.39000000", "time": "2025-07-12T14:10:35.047334Z", "fetched_at": "2025-07-12T14:10:51.100363+00:00", "symbol": "BTC-USD"}, {"trade_id": 847976712, "side": "sell", "size": "0.30557215", "price": "117708.73000000", "time": "2025-07-12T14:10:35.047334Z", "fetched_at": "2025-07-12T14:10:51.100363+00:00", "symbol": "BTC-USD"}, {"trade_id": 847976711, "side": "sell", "size": "0.00499994", "price": "117708.25000000", "time": "2025-07-12T14:10:35.047334Z", "fetched_at": "2025-07-12T14:10:51.100363+00:00", "symbol": "BTC-USD"}, {"trade_id": 847976710, "side": "sell", "size": "0.00499999", "price": "117708.19000000", "time": "2025-07-12T14:10:35.047334Z", "fetched_at": "2025-07-12T14:10:51.100363+00:00", "symbol": "BTC-USD"}, {"trade_id": 847976709, "side": "sell", "size": "0.06750000", "price": "117705.79000000", "time": "2025-07-12T14:10:35.047334Z", "fetched_at": "2025-07-12T14:10:51.100363+00:00", "symbol": "BTC-USD"}, {"trade_id": 847976708, "side": "sell", "size": "0.00001000", "price": "117702.90000000", "time": "2025-07-12T14:10:35.047334Z", "fetched_at": "2025-07-12T14:10:51.100363+00:00", "symbol": "BTC-USD"}, {"trade_id": 847976707, "side": "sell", "size": "0.00499999", "price": "117700.75000000", "time": "2025-07-12T14:10:35.047334Z", "fetched_at": "2025-07-12T14:10:51.100363+00:00", "symbol": "BTC-USD"}, {"trade_id": 847976706, "side": "sell", "size": "0.32978207", "price": "117700.00000000", "time": "2025-07-12T14:10:35.047334Z", "fetched_at": "2025-07-12T14:10:51.100363+00:00", "symbol": "BTC-USD"}, {"trade_id": 847976705, "side": "sell", "size": "0.00250000", "price": "117700.00000000", "time": "2025-07-12T14:10:35.047334Z", "fetched_at": "2025-07-12T14:10:51.100363+00:00", "symbol": "BTC-USD"}, {"trade_id": 847976704, "side": "sell", "size": "0.09186997", "price": "117698.95000000", "time": "2025-07-12T14:10:35.047334Z", "fetched_at": "2025-07-12T14:10:51.100363+00:00", "symbol": "BTC-USD"}, {"trade_id": 847976703, "side": "sell", "size": "0.01325994", "price": "117696.55000000", "time": "2025-07-12T14:10:35.047334Z", "fetched_at": "2025-07-12T14:10:51.100363+00:00", "symbol": "BTC-USD"}, {"trade_id": 847976702, "side": "sell", "size": "0.00499956", "price": "117695.30000000", "time": "2025-07-12T14:10:35.047334Z", "fetched_at": "2025-07-12T14:10:51.100363+00:00", "symbol": "BTC-USD"}, {"trade_id": 847976701, "side": "sell", "size": "0.00001000", "price": "117694.08000000", "time": "2025-07-12T14:10:35.047334Z", "fetched_at": "2025-07-12T14:10:51.100363+00:00", "symbol": "BTC-USD"}, {"trade_id": 847976700, "side": "sell", "size": "0.02497149", "price": "117691.79000000", "time": "2025-07-12T14:10:35.047334Z", "fetched_at": "2025-07-12T14:10:51.100363+00:00", "symbol": "BTC-USD"}, {"trade_id": 847976699, "side": "sell", "size": "0.00001000", "price": "117685.26000000", "time": "2025-07-12T14:10:35.047334Z", "fetched_at": "2025-07-12T14:10:51.100363+00:00", "symbol": "BTC-USD"}, {"trade_id": 847976698, "side": "sell", "size": "0.00849819", "price": "117672.05000000", "time": "2025-07-12T14:10:35.047334Z", "fetched_at": "2025-07-12T14:10:51.100363+00:00", "symbol": "BTC-USD"}, {"trade_id": 847976697, "side": "sell", "size": "0.00869853", "price": "117648.76000000", "time": "2025-07-12T14:10:35.047334Z", "fetched_at": "2025-07-12T14:10:51.100363+00:00", "symbol": "BTC-USD"}, {"trade_id": 847976696, "side": "sell", "size": "0.05000000", "price": "117645.82000000", "time": "2025-07-12T14:10:35.047334Z", "fetched_at": "2025-07-12T14:10:51.100363+00:00", "symbol": "BTC-USD"}, {"trade_id": 847976695, "side": "sell", "size": "0.05000000", "price": "117645.81000000", "time": "2025-07-12T14:10:35.047334Z", "fetched_at": "2025-07-12T14:10:51.100363+00:00", "symbol": "BTC-USD"}, {"trade_id": 847976694, "side": "sell", "size": "0.07004411", "price": "117633.40000000", "time": "2025-07-12T14:10:35.047334Z", "fetched_at": "2025-07-12T14:10:51.100363+00:00", "symbol": "BTC-USD"}, {"trade_id": 847976693, "side": "sell", "size": "0.00267547", "price": "117633.34000000", "time": "2025-07-12T14:10:35.047334Z", "fetched_at": "2025-07-12T14:10:51.100363+00:00", "symbol": "BTC-USD"}, {"trade_id": 847976692, "side": "sell", "size": "0.04425734", "price": "117633.34000000", "time": "2025-07-12T14:10:35.047107Z", "fetched_at": "2025-07-12T14:10:51.100363+00:00", "symbol": "BTC-USD"}, {"trade_id": 847976691, "side": "sell", "size": "0.00980000", "price": "117633.34000000", "time": "2025-07-12T14:10:35.046264Z", "fetched_at": "2025-07-12T14:10:51.100363+00:00", "symbol": "BTC-USD"}, {"trade_id": 847976690, "side": "sell", "size": "0.00034000", "price": "117641.37000000", "time": "2025-07-12T14:10:35.044306Z", "fetched_at": "2025-07-12T14:10:51.100363+00:00", "symbol": "BTC-USD"}, {"trade_id": 847976689, "side": "sell", "size": "0.00034000", "price": "117635.48000000", "time": "2025-07-12T14:10:35.043685Z", "fetched_at": "2025-07-12T14:10:51.100363+00:00", "symbol": "BTC-USD"}, {"trade_id": 847976688, "side": "sell", "size": "0.05009127", "price": "117633.33000000", "time": "2025-07-12T14:10:35.043685Z", "fetched_at": "2025-07-12T14:10:51.100363+00:00", "symbol": "BTC-USD"}, {"trade_id": 847976687, "side": "sell", "size": "0.06635283", "price": "117629.21000000", "time": "2025-07-12T14:10:35.043685Z", "fetched_at": "2025-07-12T14:10:51.100363+00:00", "symbol": "BTC-USD"}, {"trade_id": 847976686, "side": "sell", "size": "0.00850300", "price": "117629.81000000", "time": "2025-07-12T14:10:35.029550Z", "fetched_at": "2025-07-12T14:10:51.100363+00:00", "symbol": "BTC-USD"}, {"trade_id": 847976685, "side": "sell", "size": "0.47310000", "price": "117682.38000000", "time": "2025-07-12T14:10:35.017850Z", "fetched_at": "2025-07-12T14:10:51.100363+00:00", "symbol": "BTC-USD"}, {"trade_id": 847976684, "side": "sell", "size": "0.00425165", "price": "117618.25000000", "time": "2025-07-12T14:10:35.016214Z", "fetched_at": "2025-07-12T14:10:51.100363+00:00", "symbol": "BTC-USD"}, {"trade_id": 847976683, "side": "sell", "size": "0.50505046", "price": "117682.38000000", "time": "2025-07-12T14:10:35.014297Z", "fetched_at": "2025-07-12T14:10:51.100363+00:00", "symbol": "BTC-USD"}, {"trade_id": 847976682, "side": "sell", "size": "0.06750000", "price": "117682.31000000", "time": "2025-07-12T14:10:35.014297Z", "fetched_at": "2025-07-12T14:10:51.100363+00:00", "symbol": "BTC-USD"}, {"trade_id": 847976681, "side": "sell", "size": "0.00499999", "price": "117681.15000000", "time": "2025-07-12T14:10:35.014297Z", "fetched_at": "2025-07-12T14:10:51.100363+00:00", "symbol": "BTC-USD"}, {"trade_id": 847976680, "side": "sell", "size": "0.00499955", "price": "117681.15000000", "time": "2025-07-12T14:10:35.014297Z", "fetched_at": "2025-07-12T14:10:51.100363+00:00", "symbol": "BTC-USD"}, {"trade_id": 847976679, "side": "sell", "size": "0.00001000", "price": "117676.44000000", "time": "2025-07-12T14:10:35.013522Z", "fetched_at": "2025-07-12T14:10:51.100363+00:00", "symbol": "BTC-USD"}, {"trade_id": 847976678, "side": "sell", "size": "0.00499977", "price": "117675.41000000", "time": "2025-07-12T14:10:35.013522Z", "fetched_at": "2025-07-12T14:10:51.100363+00:00", "symbol": "BTC-USD"}, {"trade_id": 847976677, "side": "sell", "size": "0.18652234", "price": "117674.30000000", "time": "2025-07-12T14:10:35.013522Z", "fetched_at": "2025-07-12T14:10:51.100363+00:00", "symbol": "BTC-USD"}, {"trade_id": 847976676, "side": "sell", "size": "0.02164727", "price": "117674.30000000", "time": "2025-07-12T14:10:35.012918Z", "fetched_at": "2025-07-12T14:10:51.100363+00:00", "symbol": "BTC-USD"}, {"trade_id": 847976675, "side": "sell", "size": "0.00850479", "price": "117670.67000000", "time": "2025-07-12T14:10:35.012918Z", "fetched_at": "2025-07-12T14:10:51.100363+00:00", "symbol": "BTC-USD"}, {"trade_id": 847976674, "side": "sell", "size": "0.06750000", "price": "117670.57000000", "time": "2025-07-12T14:10:35.012918Z", "fetched_at": "2025-07-12T14:10:51.100363+00:00", "symbol": "BTC-USD"}, {"trade_id": 847976673, "side": "sell", "size": "0.02133874", "price": "117668.80000000", "time": "2025-07-12T14:10:35.012918Z", "fetched_at": "2025-07-12T14:10:51.100363+00:00", "symbol": "BTC-USD"}, {"trade_id": 847976672, "side": "sell", "size": "0.00001000", "price": "117667.62000000", "time": "2025-07-12T14:10:35.012918Z", "fetched_at": "2025-07-12T14:10:51.100363+00:00", "symbol": "BTC-USD"}, {"trade_id": 847976671, "side": "sell", "size": "0.00499983", "price": "117664.91000000", "time": "2025-07-12T14:10:35.012918Z", "fetched_at": "2025-07-12T14:10:51.100363+00:00", "symbol": "BTC-USD"}, {"trade_id": 847976670, "side": "sell", "size": "0.03062967", "price": "117663.67000000", "time": "2025-07-12T14:10:35.012918Z", "fetched_at": "2025-07-12T14:10:51.100363+00:00", "symbol": "BTC-USD"}, {"trade_id": 847976669, "side": "sell", "size": "0.00050000", "price": "117662.00000000", "time": "2025-07-12T14:10:35.012918Z", "fetched_at": "2025-07-12T14:10:51.100363+00:00", "symbol": "BTC-USD"}, {"trade_id": 847976668, "side": "sell", "size": "0.00499999", "price": "117661.75000000", "time": "2025-07-12T14:10:35.012918Z", "fetched_at": "2025-07-12T14:10:51.100363+00:00", "symbol": "BTC-USD"}, {"trade_id": 847976667, "side": "sell", "size": "0.12047971", "price": "117660.73000000", "time": "2025-07-12T14:10:35.012918Z", "fetched_at": "2025-07-12T14:10:51.100363+00:00", "symbol": "BTC-USD"}, {"trade_id": 847976666, "side": "sell", "size": "0.28061000", "price": "117660.73000000", "time": "2025-07-12T14:10:35.012709Z", "fetched_at": "2025-07-12T14:10:51.100363+00:00", "symbol": "BTC-USD"}, {"trade_id": 847976665, "side": "sell", "size": "0.03599858", "price": "117628.26000000", "time": "2025-07-12T14:10:35.011907Z", "fetched_at": "2025-07-12T14:10:51.100363+00:00", "symbol": "BTC-USD"}, {"trade_id": 847976664, "side": "sell", "size": "0.68150000", "price": "117660.73000000", "time": "2025-07-12T14:10:35.011687Z", "fetched_at": "2025-07-12T14:10:51.100363+00:00", "symbol": "BTC-USD"}, {"trade_id": 847976663, "side": "sell", "size": "0.28061000", "price": "117660.73000000", "time": "2025-07-12T14:10:35.011621Z", "fetched_at": "2025-07-12T14:10:51.100363+00:00", "symbol": "BTC-USD"}, {"trade_id": 847976662, "side": "sell", "size": "0.06354000", "price": "117660.73000000", "time": "2025-07-12T14:10:35.011558Z", "fetched_at": "2025-07-12T14:10:51.100363+00:00", "symbol": "BTC-USD"}, {"trade_id": 847976661, "side": "sell", "size": "0.27306288", "price": "117660.73000000", "time": "2025-07-12T14:10:35.010723Z", "fetched_at": "2025-07-12T14:10:51.100363+00:00", "symbol": "BTC-USD"}, {"trade_id": 847976660, "side": "sell", "size": "0.00001000", "price": "117658.80000000", "time": "2025-07-12T14:10:35.010723Z", "fetched_at": "2025-07-12T14:10:51.100363+00:00", "symbol": "BTC-USD"}, {"trade_id": 847976659, "side": "sell", "size": "0.00753712", "price": "117658.69000000", "time": "2025-07-12T14:10:35.010723Z", "fetched_at": "2025-07-12T14:10:51.100363+00:00", "symbol": "BTC-USD"}, {"trade_id": 847976658, "side": "sell", "size": "0.05996288", "price": "117658.69000000", "time": "2025-07-12T14:10:35.010634Z", "fetched_at": "2025-07-12T14:10:51.100363+00:00", "symbol": "BTC-USD"}, {"trade_id": 847976657, "side": "sell", "size": "0.00849921", "price": "117657.95000000", "time": "2025-07-12T14:10:35.010634Z", "fetched_at": "2025-07-12T14:10:51.100363+00:00", "symbol": "BTC-USD"}, {"trade_id": 847976656, "side": "sell", "size": "0.00499920", "price": "117657.03000000", "time": "2025-07-12T14:10:35.010634Z", "fetched_at": "2025-07-12T14:10:51.100363+00:00", "symbol": "BTC-USD"}, {"trade_id": 847976655, "side": "sell", "size": "0.08000000", "price": "117653.57000000", "time": "2025-07-12T14:10:35.010634Z", "fetched_at": "2025-07-12T14:10:51.100363+00:00", "symbol": "BTC-USD"}, {"trade_id": 847976654, "side": "sell", "size": "0.04000000", "price": "117653.57000000", "time": "2025-07-12T14:10:35.010634Z", "fetched_at": "2025-07-12T14:10:51.100363+00:00", "symbol": "BTC-USD"}, {"trade_id": 847976653, "side": "sell", "size": "0.27145138", "price": "117653.02000000", "time": "2025-07-12T14:10:35.010634Z", "fetched_at": "2025-07-12T14:10:51.100363+00:00", "symbol": "BTC-USD"}, {"trade_id": 847976652, "side": "sell", "size": "0.09837733", "price": "117651.45000000", "time": "2025-07-12T14:10:35.010634Z", "fetched_at": "2025-07-12T14:10:51.100363+00:00", "symbol": "BTC-USD"}, {"trade_id": 847976651, "side": "sell", "size": "0.28061000", "price": "117651.45000000", "time": "2025-07-12T14:10:35.010167Z", "fetched_at": "2025-07-12T14:10:51.100363+00:00", "symbol": "BTC-USD"}, {"trade_id": 847976650, "side": "sell", "size": "0.53153132", "price": "117651.45000000", "time": "2025-07-12T14:10:35.008Z", "fetched_at": "2025-07-12T14:10:51.100363+00:00", "symbol": "BTC-USD"}, {"trade_id": 847976649, "side": "sell", "size": "0.00004249", "price": "117650.00000000", "time": "2025-07-12T14:10:35.008Z", "fetched_at": "2025-07-12T14:10:51.100363+00:00", "symbol": "BTC-USD"}, {"trade_id": 847976648, "side": "sell", "size": "0.02308856", "price": "117650.00000000", "time": "2025-07-12T14:10:35.008Z", "fetched_at": "2025-07-12T14:10:51.100363+00:00", "symbol": "BTC-USD"}, {"trade_id": 847976647, "side": "sell", "size": "0.00001000", "price": "117649.98000000", "time": "2025-07-12T14:10:35.008Z", "fetched_at": "2025-07-12T14:10:51.100363+00:00", "symbol": "BTC-USD"}, {"trade_id": 847976646, "side": "sell", "size": "0.00499766", "price": "117649.12000000", "time": "2025-07-12T14:10:35.008Z", "fetched_at": "2025-07-12T14:10:51.100363+00:00", "symbol": "BTC-USD"}, {"trade_id": 847976645, "side": "sell", "size": "0.00499997", "price": "117649.12000000", "time": "2025-07-12T14:10:35.008Z", "fetched_at": "2025-07-12T14:10:51.100363+00:00", "symbol": "BTC-USD"}, {"trade_id": 847976644, "side": "sell", "size": "0.02991538", "price": "117644.68000000", "time": "2025-07-12T14:10:35.006599Z", "fetched_at": "2025-07-12T14:10:51.100363+00:00", "symbol": "BTC-USD"}, {"trade_id": 847976643, "side": "sell", "size": "0.00020796", "price": "117644.68000000", "time": "2025-07-12T14:10:35.006599Z", "fetched_at": "2025-07-12T14:10:51.100363+00:00", "symbol": "BTC-USD"}, {"trade_id": 847976642, "side": "sell", "size": "0.00034387", "price": "117644.36000000", "time": "2025-07-12T14:10:35.006599Z", "fetched_at": "2025-07-12T14:10:51.100363+00:00", "symbol": "BTC-USD"}, {"trade_id": 847976641, "side": "sell", "size": "0.00019960", "price": "117644.35000000", "time": "2025-07-12T14:10:35.006599Z", "fetched_at": "2025-07-12T14:10:51.100363+00:00", "symbol": "BTC-USD"}, {"trade_id": 847976640, "side": "sell", "size": "0.00021657", "price": "117644.34000000", "time": "2025-07-12T14:10:35.006599Z", "fetched_at": "2025-07-12T14:10:51.100363+00:00", "symbol": "BTC-USD"}, {"trade_id": 847976639, "side": "sell", "size": "0.00011416", "price": "117644.33000000", "time": "2025-07-12T14:10:35.006599Z", "fetched_at": "2025-07-12T14:10:51.100363+00:00", "symbol": "BTC-USD"}, {"trade_id": 847976638, "side": "sell", "size": "0.00006283", "price": "117644.32000000", "time": "2025-07-12T14:10:35.006599Z", "fetched_at": "2025-07-12T14:10:51.100363+00:00", "symbol": "BTC-USD"}, {"trade_id": 847976637, "side": "sell", "size": "0.00019099", "price": "117644.31000000", "time": "2025-07-12T14:10:35.006599Z", "fetched_at": "2025-07-12T14:10:51.100363+00:00", "symbol": "BTC-USD"}, {"trade_id": 847976636, "side": "sell", "size": "0.00015696", "price": "117644.30000000", "time": "2025-07-12T14:10:35.006599Z", "fetched_at": "2025-07-12T14:10:51.100363+00:00", "symbol": "BTC-USD"}, {"trade_id": 847976635, "side": "sell", "size": "0.00021589", "price": "117644.29000000", "time": "2025-07-12T14:10:35.006599Z", "fetched_at": "2025-07-12T14:10:51.100363+00:00", "symbol": "BTC-USD"}, {"trade_id": 847976634, "side": "sell", "size": "0.00019053", "price": "117644.28000000", "time": "2025-07-12T14:10:35.006599Z", "fetched_at": "2025-07-12T14:10:51.100363+00:00", "symbol": "BTC-USD"}, {"trade_id": 847976633, "side": "sell", "size": "0.00005461", "price": "117644.27000000", "time": "2025-07-12T14:10:35.006599Z", "fetched_at": "2025-07-12T14:10:51.100363+00:00", "symbol": "BTC-USD"}, {"trade_id": 847976632, "side": "sell", "size": "0.08000000", "price": "117644.08000000", "time": "2025-07-12T14:10:35.006599Z", "fetched_at": "2025-07-12T14:10:51.100363+00:00", "symbol": "BTC-USD"}, {"trade_id": 847976631, "side": "sell", "size": "0.02000000", "price": "117643.97000000", "time": "2025-07-12T14:10:35.006599Z", "fetched_at": "2025-07-12T14:10:51.100363+00:00", "symbol": "BTC-USD"}, {"trade_id": 847976630, "side": "sell", "size": "0.04000000", "price": "117643.97000000", "time": "2025-07-12T14:10:35.006599Z", "fetched_at": "2025-07-12T14:10:51.100363+00:00", "symbol": "BTC-USD"}, {"trade_id": 847976629, "side": "sell", "size": "0.00549901", "price": "117643.76000000", "time": "2025-07-12T14:10:35.006599Z", "fetched_at": "2025-07-12T14:10:51.100363+00:00", "symbol": "BTC-USD"}, {"trade_id": 847976628, "side": "sell", "size": "0.06200099", "price": "117643.76000000", "time": "2025-07-12T14:10:35.004805Z", "fetched_at": "2025-07-12T14:10:51.100363+00:00", "symbol": "BTC-USD"}, {"trade_id": 847976627, "side": "sell", "size": "0.42501489", "price": "117642.94000000", "time": "2025-07-12T14:10:35.004805Z", "fetched_at": "2025-07-12T14:10:51.100363+00:00", "symbol": "BTC-USD"}, {"trade_id": 847976626, "side": "sell", "size": "0.00001000", "price": "117641.16000000", "time": "2025-07-12T14:10:35.004805Z", "fetched_at": "2025-07-12T14:10:51.100363+00:00", "symbol": "BTC-USD"}, {"trade_id": 847976625, "side": "sell", "size": "0.00493530", "price": "117641.07000000", "time": "2025-07-12T14:10:35.004805Z", "fetched_at": "2025-07-12T14:10:51.100363+00:00", "symbol": "BTC-USD"}, {"trade_id": 847976624, "side": "sell", "size": "0.02976507", "price": "117641.06000000", "time": "2025-07-12T14:10:35.004805Z", "fetched_at": "2025-07-12T14:10:51.100363+00:00", "symbol": "BTC-USD"}, {"trade_id": 847976623, "side": "sell", "size": "0.00907375", "price": "117640.22000000", "time": "2025-07-12T14:10:35.004805Z", "fetched_at": "2025-07-12T14:10:51.100363+00:00", "symbol": "BTC-USD"}, {"trade_id": 847976622, "side": "sell", "size": "0.00499979", "price": "117637.53000000", "time": "2025-07-12T14:10:35.003909Z", "fetched_at": "2025-07-12T14:10:51.100363+00:00", "symbol": "BTC-USD"}, {"trade_id": 847976621, "side": "sell", "size": "0.00499928", "price": "117637.06000000", "time": "2025-07-12T14:10:35.003909Z", "fetched_at": "2025-07-12T14:10:51.100363+00:00", "symbol": "BTC-USD"}, {"trade_id": 847976620, "side": "sell", "size": "0.11562199", "price": "117636.00000000", "time": "2025-07-12T14:10:35.003909Z", "fetched_at": "2025-07-12T14:10:51.100363+00:00", "symbol": "BTC-USD"}, {"trade_id": 847976619, "side": "sell", "size": "0.01008060", "price": "117636.00000000", "time": "2025-07-12T14:10:35.002522Z", "fetched_at": "2025-07-12T14:10:51.100363+00:00", "symbol": "BTC-USD"}, {"trade_id": 847976618, "side": "sell", "size": "0.15011520", "price": "117636.00000000", "time": "2025-07-12T14:10:35.001068Z", "fetched_at": "2025-07-12T14:10:51.100363+00:00", "symbol": "BTC-USD"}, {"trade_id": 847976617, "side": "sell", "size": "0.02613127", "price": "117629.14000000", "time": "2025-07-12T14:10:35.001068Z", "fetched_at": "2025-07-12T14:10:51.100363+00:00", "symbol": "BTC-USD"}, {"trade_id": 847976616, "side": "sell", "size": "0.04450353", "price": "117620.34000000", "time": "2025-07-12T14:10:35.001068Z", "fetched_at": "2025-07-12T14:10:51.100363+00:00", "symbol": "BTC-USD"}, {"trade_id": 847976615, "side": "sell", "size": "0.02617414", "price": "117632.86000000", "time": "2025-07-12T14:10:34.997755Z", "fetched_at": "2025-07-12T14:10:51.100363+00:00", "symbol": "BTC-USD"}, {"trade_id": 847976614, "side": "sell", "size": "0.72418221", "price": "117636.00000000", "time": "2025-07-12T14:10:34.996018Z", "fetched_at": "2025-07-12T14:10:51.100363+00:00", "symbol": "BTC-USD"}, {"trade_id": 847976613, "side": "sell", "size": "0.08500895", "price": "117634.67000000", "time": "2025-07-12T14:10:34.996018Z", "fetched_at": "2025-07-12T14:10:51.100363+00:00", "symbol": "BTC-USD"}, {"trade_id": 847976612, "side": "sell", "size": "0.02125884", "price": "117633.41000000", "time": "2025-07-12T14:10:34.996018Z", "fetched_at": "2025-07-12T14:10:51.100363+00:00", "symbol": "BTC-USD"}, {"trade_id": 847976611, "side": "sell", "size": "0.00001000", "price": "117632.34000000", "time": "2025-07-12T14:10:34.995081Z", "fetched_at": "2025-07-12T14:10:51.100363+00:00", "symbol": "BTC-USD"}, {"trade_id": 847976610, "side": "sell", "size": "0.08501188", "price": "117630.62000000", "time": "2025-07-12T14:10:34.995081Z", "fetched_at": "2025-07-12T14:10:51.100363+00:00", "symbol": "BTC-USD"}, {"trade_id": 847976609, "side": "sell", "size": "0.00850500", "price": "117630.31000000", "time": "2025-07-12T14:10:34.995081Z", "fetched_at": "2025-07-12T14:10:51.100363+00:00", "symbol": "BTC-USD"}, {"trade_id": 847976608, "side": "sell", "size": "0.07869343", "price": "117629.25000000", "time": "2025-07-12T14:10:34.995081Z", "fetched_at": "2025-07-12T14:10:51.100363+00:00", "symbol": "BTC-USD"}, {"trade_id": 847976607, "side": "sell", "size": "0.03498502", "price": "117625.12000000", "time": "2025-07-12T14:10:34.993982Z", "fetched_at": "2025-07-12T14:10:51.100363+00:00", "symbol": "BTC-USD"}, {"trade_id": 847976606, "side": "sell", "size": "0.00850324", "price": "117623.77000000", "time": "2025-07-12T14:10:34.993982Z", "fetched_at": "2025-07-12T14:10:51.100363+00:00", "symbol": "BTC-USD"}, {"trade_id": 847976605, "side": "sell", "size": "0.00034000", "price": "117623.70000000", "time": "2025-07-12T14:10:34.993982Z", "fetched_at": "2025-07-12T14:10:51.100363+00:00", "symbol": "BTC-USD"}, {"trade_id": 847976604, "side": "sell", "size": "0.04315265", "price": "117623.52000000", "time": "2025-07-12T14:10:34.993982Z", "fetched_at": "2025-07-12T14:10:51.100363+00:00", "symbol": "BTC-USD"}, {"trade_id": 847976603, "side": "sell", "size": "0.00001000", "price": "117623.52000000", "time": "2025-07-12T14:10:34.993982Z", "fetched_at": "2025-07-12T14:10:51.100363+00:00", "symbol": "BTC-USD"}, {"trade_id": 847976602, "side": "sell", "size": "0.08501776", "price": "117622.49000000", "time": "2025-07-12T14:10:34.993982Z", "fetched_at": "2025-07-12T14:10:51.100363+00:00", "symbol": "BTC-USD"}, {"trade_id": 847976601, "side": "sell", "size": "0.02031262", "price": "117622.40000000", "time": "2025-07-12T14:10:34.993982Z", "fetched_at": "2025-07-12T14:10:51.100363+00:00", "symbol": "BTC-USD"}, {"trade_id": 847976600, "side": "sell", "size": "0.03162555", "price": "117620.35000000", "time": "2025-07-12T14:10:34.993982Z", "fetched_at": "2025-07-12T14:10:51.100363+00:00", "symbol": "BTC-USD"}, {"trade_id": 847976599, "side": "sell", "size": "0.08744013", "price": "117620.35000000", "time": "2025-07-12T14:10:34.993769Z", "fetched_at": "2025-07-12T14:10:51.100363+00:00", "symbol": "BTC-USD"}, {"trade_id": 847976598, "side": "sell", "size": "0.00034000", "price": "117618.23000000", "time": "2025-07-12T14:10:34.993135Z", "fetched_at": "2025-07-12T14:10:51.100363+00:00", "symbol": "BTC-USD"}, {"trade_id": 847976597, "side": "sell", "size": "0.01802262", "price": "117618.23000000", "time": "2025-07-12T14:10:34.987108Z", "fetched_at": "2025-07-12T14:10:51.100363+00:00", "symbol": "BTC-USD"}, {"trade_id": 847976596, "side": "sell", "size": "0.00034000", "price": "117617.81000000", "time": "2025-07-12T14:10:34.987108Z", "fetched_at": "2025-07-12T14:10:51.100363+00:00", "symbol": "BTC-USD"}, {"trade_id": 847976595, "side": "sell", "size": "0.03357281", "price": "117615.60000000", "time": "2025-07-12T14:10:34.984575Z", "fetched_at": "2025-07-12T14:10:51.100363+00:00", "symbol": "BTC-USD"}, {"trade_id": 847976594, "side": "sell", "size": "0.02997506", "price": "117615.49000000", "time": "2025-07-12T14:10:34.984575Z", "fetched_at": "2025-07-12T14:10:51.100363+00:00", "symbol": "BTC-USD"}, {"trade_id": 847976593, "side": "sell", "size": "0.07826609", "price": "117615.15000000", "time": "2025-07-12T14:10:34.983692Z", "fetched_at": "2025-07-12T14:10:51.100363+00:00", "symbol": "BTC-USD"}, {"trade_id": 847976592, "side": "sell", "size": "0.00001000", "price": "117614.70000000", "time": "2025-07-12T14:10:34.983692Z", "fetched_at": "2025-07-12T14:10:51.100363+00:00", "symbol": "BTC-USD"}, {"trade_id": 847976591, "side": "sell", "size": "0.00042524", "price": "117614.23000000", "time": "2025-07-12T14:10:34.983616Z", "fetched_at": "2025-07-12T14:10:51.100363+00:00", "symbol": "BTC-USD"}, {"trade_id": 847976590, "side": "sell", "size": "0.02552554", "price": "117614.09000000", "time": "2025-07-12T14:10:34.983616Z", "fetched_at": "2025-07-12T14:10:51.100363+00:00", "symbol": "BTC-USD"}, {"trade_id": 847976589, "side": "sell", "size": "0.00425176", "price": "117614.09000000", "time": "2025-07-12T14:10:34.983616Z", "fetched_at": "2025-07-12T14:10:51.100363+00:00", "symbol": "BTC-USD"}, {"trade_id": 847976588, "side": "sell", "size": "0.02132232", "price": "117613.12000000", "time": "2025-07-12T14:10:34.983149Z", "fetched_at": "2025-07-12T14:10:51.100363+00:00", "symbol": "BTC-USD"}, {"trade_id": 847976587, "side": "sell", "size": "0.00364636", "price": "117613.01000000", "time": "2025-07-12T14:10:34.983149Z", "fetched_at": "2025-07-12T14:10:51.100363+00:00", "symbol": "BTC-USD"}, {"trade_id": 847976586, "side": "sell", "size": "0.03020254", "price": "117613.01000000", "time": "2025-07-12T14:10:34.982973Z", "fetched_at": "2025-07-12T14:10:51.100363+00:00", "symbol": "BTC-USD"}, {"trade_id": 847976585, "side": "sell", "size": "0.04798576", "price": "117611.89000000", "time": "2025-07-12T14:10:34.980417Z", "fetched_at": "2025-07-12T14:10:51.100363+00:00", "symbol": "BTC-USD"}, {"trade_id": 847976584, "side": "sell", "size": "0.03438493", "price": "117611.80000000", "time": "2025-07-12T14:10:34.980417Z", "fetched_at": "2025-07-12T14:10:51.100363+00:00", "symbol": "BTC-USD"}, {"trade_id": 847976583, "side": "sell", "size": "0.06750000", "price": "117609.99000000", "time": "2025-07-12T14:10:34.980417Z", "fetched_at": "2025-07-12T14:10:51.100363+00:00", "symbol": "BTC-USD"}, {"trade_id": 847976582, "side": "sell", "size": "0.06979962", "price": "117609.98000000", "time": "2025-07-12T14:10:34.980417Z", "fetched_at": "2025-07-12T14:10:51.100363+00:00", "symbol": "BTC-USD"}, {"trade_id": 847976581, "side": "sell", "size": "0.00001000", "price": "117605.88000000", "time": "2025-07-12T14:10:34.980417Z", "fetched_at": "2025-07-12T14:10:51.100363+00:00", "symbol": "BTC-USD"}, {"trade_id": 847976580, "side": "sell", "size": "0.06206906", "price": "117605.06000000", "time": "2025-07-12T14:10:34.980417Z", "fetched_at": "2025-07-12T14:10:51.100363+00:00", "symbol": "BTC-USD"}, {"trade_id": 847976579, "side": "sell", "size": "0.00850306", "price": "117604.63000000", "time": "2025-07-12T14:10:34.980417Z", "fetched_at": "2025-07-12T14:10:51.100363+00:00", "symbol": "BTC-USD"}, {"trade_id": 847976578, "side": "sell", "size": "0.00001307", "price": "117602.23000000", "time": "2025-07-12T14:10:34.980417Z", "fetched_at": "2025-07-12T14:10:51.100363+00:00", "symbol": "BTC-USD"}, {"trade_id": 847976577, "side": "sell", "size": "0.00000306", "price": "117602.21000000", "time": "2025-07-12T14:10:34.980417Z", "fetched_at": "2025-07-12T14:10:51.100363+00:00", "symbol": "BTC-USD"}, {"trade_id": 847976576, "side": "sell", "size": "0.00000984", "price": "117600.19000000", "time": "2025-07-12T14:10:34.977535Z", "fetched_at": "2025-07-12T14:10:51.100363+00:00", "symbol": "BTC-USD"}, {"trade_id": 847976575, "side": "sell", "size": "0.01804429", "price": "117599.49000000", "time": "2025-07-12T14:10:34.977535Z", "fetched_at": "2025-07-12T14:10:51.100363+00:00", "symbol": "BTC-USD"}, {"trade_id": 847976574, "side": "sell", "size": "0.06817922", "price": "117598.23000000", "time": "2025-07-12T14:10:34.977535Z", "fetched_at": "2025-07-12T14:10:51.100363+00:00", "symbol": "BTC-USD"}, {"trade_id": 847976573, "side": "sell", "size": "0.00021046", "price": "117598.23000000", "time": "2025-07-12T14:10:34.940875Z", "fetched_at": "2025-07-12T14:10:51.100363+00:00", "symbol": "BTC-USD"}, {"trade_id": 847976572, "side": "sell", "size": "0.00008418", "price": "117598.23000000", "time": "2025-07-12T14:10:34.848188Z", "fetched_at": "2025-07-12T14:10:51.100363+00:00", "symbol": "BTC-USD"}, {"trade_id": 847976571, "side": "buy", "size": "0.00100102", "price": "117598.22000000", "time": "2025-07-12T14:10:34.828514Z", "fetched_at": "2025-07-12T14:10:51.100363+00:00", "symbol": "BTC-USD"}, {"trade_id": 847976570, "side": "sell", "size": "0.00082634", "price": "117598.23000000", "time": "2025-07-12T14:10:34.148811Z", "fetched_at": "2025-07-12T14:10:51.100363+00:00", "symbol": "BTC-USD"}, {"trade_id": 847976569, "side": "buy", "size": "0.00217977", "price": "117598.22000000", "time": "2025-07-12T14:10:33.177422Z", "fetched_at": "2025-07-12T14:10:51.100363+00:00", "symbol": "BTC-USD"}, {"trade_id": 847976568, "side": "sell", "size": "0.00082636", "price": "117598.23000000", "time": "2025-07-12T14:10:33.055188Z", "fetched_at": "2025-07-12T14:10:51.100363+00:00", "symbol": "BTC-USD"}, {"trade_id": 847976567, "side": "sell", "size": "0.00008209", "price": "117598.23000000", "time": "2025-07-12T14:10:32.995039Z", "fetched_at": "2025-07-12T14:10:51.100363+00:00", "symbol": "BTC-USD"}, {"trade_id": 847976566, "side": "sell", "size": "0.00161326", "price": "117598.23000000", "time": "2025-07-12T14:10:32.671330Z", "fetched_at": "2025-07-12T14:10:51.100363+00:00", "symbol": "BTC-USD"}, {"trade_id": 847976565, "side": "sell", "size": "0.00015473", "price": "117594.13000000", "time": "2025-07-12T14:10:30.894298Z", "fetched_at": "2025-07-12T14:10:51.100363+00:00", "symbol": "BTC-USD"}, {"trade_id": 847976564, "side": "buy", "size": "0.00234035", "price": "117592.88000000", "time": "2025-07-12T14:10:30.663060Z", "fetched_at": "2025-07-12T14:10:51.100363+00:00", "symbol": "BTC-USD"}, {"trade_id": 847976563, "side": "buy", "size": "0.00353563", "price": "117589.09000000", "time": "2025-07-12T14:10:30.638815Z", "fetched_at": "2025-07-12T14:10:51.100363+00:00", "symbol": "BTC-USD"}, {"trade_id": 847976562, "side": "buy", "size": "0.04110701", "price": "117591.24000000", "time": "2025-07-12T14:10:30.638815Z", "fetched_at": "2025-07-12T14:10:51.100363+00:00", "symbol": "BTC-USD"}, {"trade_id": 847976561, "side": "buy", "size": "0.00008505", "price": "117591.25000000", "time": "2025-07-12T14:10:30.638815Z", "fetched_at": "2025-07-12T14:10:51.100363+00:00", "symbol": "BTC-USD"}, {"trade_id": 847976560, "side": "buy", "size": "0.01539221", "price": "117598.11000000", "time": "2025-07-12T14:10:30.638815Z", "fetched_at": "2025-07-12T14:10:51.100363+00:00", "symbol": "BTC-USD"}, {"trade_id": 847976559, "side": "sell", "size": "0.00000008", "price": "117598.14000000", "time": "2025-07-12T14:10:30.101221Z", "fetched_at": "2025-07-12T14:10:51.100363+00:00", "symbol": "BTC-USD"}, {"trade_id": 847976558, "side": "sell", "size": "0.00000017", "price": "117598.14000000", "time": "2025-07-12T14:10:30.082982Z", "fetched_at": "2025-07-12T14:10:51.100363+00:00", "symbol": "BTC-USD"}, {"trade_id": 847976557, "side": "sell", "size": "0.00042067", "price": "117598.14000000", "time": "2025-07-12T14:10:30.065297Z", "fetched_at": "2025-07-12T14:10:51.100363+00:00", "symbol": "BTC-USD"}, {"trade_id": 847976556, "side": "sell", "size": "0.00020164", "price": "117598.14000000", "time": "2025-07-12T14:10:29.037407Z", "fetched_at": "2025-07-12T14:10:51.100363+00:00", "symbol": "BTC-USD"}