[{"trade_id": 847998097, "side": "buy", "size": "0.06551277", "price": "117126.05000000", "time": "2025-07-12T15:39:30.938189Z", "fetched_at": "2025-07-12T15:39:33.408687+00:00", "symbol": "BTC-USD"}, {"trade_id": 847998096, "side": "buy", "size": "0.00000708", "price": "117126.07000000", "time": "2025-07-12T15:39:30.938189Z", "fetched_at": "2025-07-12T15:39:33.408687+00:00", "symbol": "BTC-USD"}, {"trade_id": 847998095, "side": "buy", "size": "0.00000204", "price": "117126.07000000", "time": "2025-07-12T15:39:30.938189Z", "fetched_at": "2025-07-12T15:39:33.408687+00:00", "symbol": "BTC-USD"}, {"trade_id": 847998094, "side": "buy", "size": "0.08609910", "price": "117126.12000000", "time": "2025-07-12T15:39:30.938189Z", "fetched_at": "2025-07-12T15:39:33.408687+00:00", "symbol": "BTC-USD"}, {"trade_id": 847998093, "side": "buy", "size": "0.00844900", "price": "117126.26000000", "time": "2025-07-12T15:39:30.938189Z", "fetched_at": "2025-07-12T15:39:33.408687+00:00", "symbol": "BTC-USD"}, {"trade_id": 847998092, "side": "buy", "size": "0.00682859", "price": "117127.13000000", "time": "2025-07-12T15:39:30.938189Z", "fetched_at": "2025-07-12T15:39:33.408687+00:00", "symbol": "BTC-USD"}, {"trade_id": 847998091, "side": "buy", "size": "0.00000021", "price": "117127.68000000", "time": "2025-07-12T15:39:30.938189Z", "fetched_at": "2025-07-12T15:39:33.408687+00:00", "symbol": "BTC-USD"}, {"trade_id": 847998090, "side": "buy", "size": "0.00504652", "price": "117129.99000000", "time": "2025-07-12T15:39:30.938189Z", "fetched_at": "2025-07-12T15:39:33.408687+00:00", "symbol": "BTC-USD"}, {"trade_id": 847998089, "side": "buy", "size": "0.04300000", "price": "117132.34000000", "time": "2025-07-12T15:39:30.938189Z", "fetched_at": "2025-07-12T15:39:33.408687+00:00", "symbol": "BTC-USD"}, {"trade_id": 847998088, "side": "buy", "size": "0.03500000", "price": "117132.89000000", "time": "2025-07-12T15:39:30.938189Z", "fetched_at": "2025-07-12T15:39:33.408687+00:00", "symbol": "BTC-USD"}, {"trade_id": 847998087, "side": "buy", "size": "0.00002305", "price": "117132.91000000", "time": "2025-07-12T15:39:30.938189Z", "fetched_at": "2025-07-12T15:39:33.408687+00:00", "symbol": "BTC-USD"}, {"trade_id": 847998086, "side": "buy", "size": "0.00003164", "price": "117135.51000000", "time": "2025-07-12T15:39:30.938189Z", "fetched_at": "2025-07-12T15:39:33.408687+00:00", "symbol": "BTC-USD"}, {"trade_id": 847998085, "side": "sell", "size": "0.00004014", "price": "117135.52000000", "time": "2025-07-12T15:39:30.651048Z", "fetched_at": "2025-07-12T15:39:33.408687+00:00", "symbol": "BTC-USD"}, {"trade_id": 847998084, "side": "sell", "size": "0.00041471", "price": "117135.52000000", "time": "2025-07-12T15:39:30.212439Z", "fetched_at": "2025-07-12T15:39:33.408687+00:00", "symbol": "BTC-USD"}, {"trade_id": 847998083, "side": "buy", "size": "0.00195694", "price": "117132.35000000", "time": "2025-07-12T15:39:29.903148Z", "fetched_at": "2025-07-12T15:39:33.408687+00:00", "symbol": "BTC-USD"}, {"trade_id": 847998082, "side": "buy", "size": "0.00004306", "price": "117132.71000000", "time": "2025-07-12T15:39:29.903148Z", "fetched_at": "2025-07-12T15:39:33.408687+00:00", "symbol": "BTC-USD"}, {"trade_id": 847998081, "side": "sell", "size": "0.00023000", "price": "117132.72000000", "time": "2025-07-12T15:39:29.831433Z", "fetched_at": "2025-07-12T15:39:33.408687+00:00", "symbol": "BTC-USD"}, {"trade_id": 847998080, "side": "sell", "size": "0.00012438", "price": "117132.72000000", "time": "2025-07-12T15:39:29.620426Z", "fetched_at": "2025-07-12T15:39:33.408687+00:00", "symbol": "BTC-USD"}, {"trade_id": 847998079, "side": "buy", "size": "0.00000981", "price": "117135.53000000", "time": "2025-07-12T15:39:29.267517Z", "fetched_at": "2025-07-12T15:39:33.408687+00:00", "symbol": "BTC-USD"}, {"trade_id": 847998078, "side": "sell", "size": "0.00006616", "price": "117132.73000000", "time": "2025-07-12T15:39:28.621790Z", "fetched_at": "2025-07-12T15:39:33.408687+00:00", "symbol": "BTC-USD"}, {"trade_id": 847998077, "side": "sell", "size": "0.00000009", "price": "117137.42000000", "time": "2025-07-12T15:39:28.514137Z", "fetched_at": "2025-07-12T15:39:33.408687+00:00", "symbol": "BTC-USD"}, {"trade_id": 847998076, "side": "buy", "size": "0.00417283", "price": "117131.73000000", "time": "2025-07-12T15:39:28.396053Z", "fetched_at": "2025-07-12T15:39:33.408687+00:00", "symbol": "BTC-USD"}, {"trade_id": 847998075, "side": "buy", "size": "0.03434971", "price": "117133.49000000", "time": "2025-07-12T15:39:28.358310Z", "fetched_at": "2025-07-12T15:39:33.408687+00:00", "symbol": "BTC-USD"}, {"trade_id": 847998074, "side": "sell", "size": "0.00045761", "price": "117137.57000000", "time": "2025-07-12T15:39:28.112572Z", "fetched_at": "2025-07-12T15:39:33.408687+00:00", "symbol": "BTC-USD"}, {"trade_id": 847998073, "side": "sell", "size": "0.00008239", "price": "117136.89000000", "time": "2025-07-12T15:39:28.112572Z", "fetched_at": "2025-07-12T15:39:33.408687+00:00", "symbol": "BTC-USD"}, {"trade_id": 847998072, "side": "sell", "size": "0.00000008", "price": "117137.50000000", "time": "2025-07-12T15:39:27.680904Z", "fetched_at": "2025-07-12T15:39:33.408687+00:00", "symbol": "BTC-USD"}, {"trade_id": 847998071, "side": "sell", "size": "0.00004215", "price": "117137.50000000", "time": "2025-07-12T15:39:27.652960Z", "fetched_at": "2025-07-12T15:39:33.408687+00:00", "symbol": "BTC-USD"}, {"trade_id": 847998070, "side": "sell", "size": "0.06464149", "price": "117133.39000000", "time": "2025-07-12T15:39:27.471736Z", "fetched_at": "2025-07-12T15:39:33.408687+00:00", "symbol": "BTC-USD"}, {"trade_id": 847998069, "side": "sell", "size": "0.13534031", "price": "117130.00000000", "time": "2025-07-12T15:39:27.471736Z", "fetched_at": "2025-07-12T15:39:33.408687+00:00", "symbol": "BTC-USD"}, {"trade_id": 847998068, "side": "sell", "size": "0.00000021", "price": "117130.00000000", "time": "2025-07-12T15:39:27.077567Z", "fetched_at": "2025-07-12T15:39:33.408687+00:00", "symbol": "BTC-USD"}, {"trade_id": 847998067, "side": "buy", "size": "0.00001000", "price": "117126.75000000", "time": "2025-07-12T15:39:26.419566Z", "fetched_at": "2025-07-12T15:39:33.408687+00:00", "symbol": "BTC-USD"}, {"trade_id": 847998066, "side": "buy", "size": "0.00008156", "price": "117127.67000000", "time": "2025-07-12T15:39:26.419566Z", "fetched_at": "2025-07-12T15:39:33.408687+00:00", "symbol": "BTC-USD"}, {"trade_id": 847998065, "side": "buy", "size": "0.00129977", "price": "117127.67000000", "time": "2025-07-12T15:39:26.419566Z", "fetched_at": "2025-07-12T15:39:33.408687+00:00", "symbol": "BTC-USD"}, {"trade_id": 847998064, "side": "buy", "size": "0.00012219", "price": "117130.37000000", "time": "2025-07-12T15:39:26.232849Z", "fetched_at": "2025-07-12T15:39:33.408687+00:00", "symbol": "BTC-USD"}, {"trade_id": 847998063, "side": "buy", "size": "0.00006723", "price": "117131.84000000", "time": "2025-07-12T15:39:26.232849Z", "fetched_at": "2025-07-12T15:39:33.408687+00:00", "symbol": "BTC-USD"}, {"trade_id": 847998062, "side": "buy", "size": "0.00033345", "price": "117134.04000000", "time": "2025-07-12T15:39:26.232849Z", "fetched_at": "2025-07-12T15:39:33.408687+00:00", "symbol": "BTC-USD"}, {"trade_id": 847998061, "side": "buy", "size": "0.00005018", "price": "117134.04000000", "time": "2025-07-12T15:39:26.232849Z", "fetched_at": "2025-07-12T15:39:33.408687+00:00", "symbol": "BTC-USD"}, {"trade_id": 847998060, "side": "buy", "size": "0.00001000", "price": "117135.54000000", "time": "2025-07-12T15:39:26.232849Z", "fetched_at": "2025-07-12T15:39:33.408687+00:00", "symbol": "BTC-USD"}, {"trade_id": 847998059, "side": "buy", "size": "0.00008537", "price": "117135.60000000", "time": "2025-07-12T15:39:26.232849Z", "fetched_at": "2025-07-12T15:39:33.408687+00:00", "symbol": "BTC-USD"}, {"trade_id": 847998058, "side": "buy", "size": "0.00932553", "price": "117138.90000000", "time": "2025-07-12T15:39:26.192659Z", "fetched_at": "2025-07-12T15:39:33.408687+00:00", "symbol": "BTC-USD"}, {"trade_id": 847998057, "side": "buy", "size": "0.03667447", "price": "117138.90000000", "time": "2025-07-12T15:39:26.181283Z", "fetched_at": "2025-07-12T15:39:33.408687+00:00", "symbol": "BTC-USD"}, {"trade_id": 847998056, "side": "buy", "size": "0.02973400", "price": "117140.40000000", "time": "2025-07-12T15:39:25.887357Z", "fetched_at": "2025-07-12T15:39:33.408687+00:00", "symbol": "BTC-USD"}, {"trade_id": 847998055, "side": "buy", "size": "0.02268045", "price": "117140.40000000", "time": "2025-07-12T15:39:25.885676Z", "fetched_at": "2025-07-12T15:39:33.408687+00:00", "symbol": "BTC-USD"}, {"trade_id": 847998054, "side": "buy", "size": "0.00010167", "price": "117140.49000000", "time": "2025-07-12T15:39:25.885676Z", "fetched_at": "2025-07-12T15:39:33.408687+00:00", "symbol": "BTC-USD"}, {"trade_id": 847998053, "side": "buy", "size": "0.00042684", "price": "117140.86000000", "time": "2025-07-12T15:39:25.885139Z", "fetched_at": "2025-07-12T15:39:33.408687+00:00", "symbol": "BTC-USD"}, {"trade_id": 847998052, "side": "buy", "size": "0.00079165", "price": "117141.17000000", "time": "2025-07-12T15:39:25.885139Z", "fetched_at": "2025-07-12T15:39:33.408687+00:00", "symbol": "BTC-USD"}, {"trade_id": 847998051, "side": "buy", "size": "0.00005991", "price": "117141.17000000", "time": "2025-07-12T15:39:25.876907Z", "fetched_at": "2025-07-12T15:39:33.408687+00:00", "symbol": "BTC-USD"}, {"trade_id": 847998050, "side": "buy", "size": "0.00001000", "price": "117144.33000000", "time": "2025-07-12T15:39:25.876907Z", "fetched_at": "2025-07-12T15:39:33.408687+00:00", "symbol": "BTC-USD"}, {"trade_id": 847998049, "side": "buy", "size": "0.02562479", "price": "117144.76000000", "time": "2025-07-12T15:39:25.872184Z", "fetched_at": "2025-07-12T15:39:33.408687+00:00", "symbol": "BTC-USD"}, {"trade_id": 847998048, "side": "buy", "size": "0.00002555", "price": "117144.76000000", "time": "2025-07-12T15:39:25.860357Z", "fetched_at": "2025-07-12T15:39:33.408687+00:00", "symbol": "BTC-USD"}, {"trade_id": 847998047, "side": "buy", "size": "0.00280000", "price": "117145.00000000", "time": "2025-07-12T15:39:25.860357Z", "fetched_at": "2025-07-12T15:39:33.408687+00:00", "symbol": "BTC-USD"}, {"trade_id": 847998046, "side": "buy", "size": "0.01811413", "price": "117146.10000000", "time": "2025-07-12T15:39:25.860357Z", "fetched_at": "2025-07-12T15:39:33.408687+00:00", "symbol": "BTC-USD"}, {"trade_id": 847998045, "side": "buy", "size": "0.00000939", "price": "117146.74000000", "time": "2025-07-12T15:39:25.860357Z", "fetched_at": "2025-07-12T15:39:33.408687+00:00", "symbol": "BTC-USD"}, {"trade_id": 847998044, "side": "buy", "size": "0.00853626", "price": "117147.32000000", "time": "2025-07-12T15:39:25.860357Z", "fetched_at": "2025-07-12T15:39:33.408687+00:00", "symbol": "BTC-USD"}, {"trade_id": 847998043, "side": "buy", "size": "0.04400000", "price": "117147.60000000", "time": "2025-07-12T15:39:25.860357Z", "fetched_at": "2025-07-12T15:39:33.408687+00:00", "symbol": "BTC-USD"}, {"trade_id": 847998042, "side": "buy", "size": "0.06083513", "price": "117147.61000000", "time": "2025-07-12T15:39:25.860357Z", "fetched_at": "2025-07-12T15:39:33.408687+00:00", "symbol": "BTC-USD"}, {"trade_id": 847998041, "side": "buy", "size": "0.02098648", "price": "117151.00000000", "time": "2025-07-12T15:39:25.860357Z", "fetched_at": "2025-07-12T15:39:33.408687+00:00", "symbol": "BTC-USD"}, {"trade_id": 847998040, "side": "buy", "size": "0.00001000", "price": "117153.12000000", "time": "2025-07-12T15:39:25.860357Z", "fetched_at": "2025-07-12T15:39:33.408687+00:00", "symbol": "BTC-USD"}, {"trade_id": 847998039, "side": "buy", "size": "0.00043912", "price": "117154.73000000", "time": "2025-07-12T15:39:25.860357Z", "fetched_at": "2025-07-12T15:39:33.408687+00:00", "symbol": "BTC-USD"}, {"trade_id": 847998038, "side": "buy", "size": "0.00498325", "price": "117156.30000000", "time": "2025-07-12T15:39:25.859766Z", "fetched_at": "2025-07-12T15:39:33.408687+00:00", "symbol": "BTC-USD"}, {"trade_id": 847998037, "side": "buy", "size": "0.00000981", "price": "117156.30000000", "time": "2025-07-12T15:39:25.859766Z", "fetched_at": "2025-07-12T15:39:33.408687+00:00", "symbol": "BTC-USD"}, {"trade_id": 847998036, "side": "buy", "size": "0.00003166", "price": "117156.30000000", "time": "2025-07-12T15:39:25.859766Z", "fetched_at": "2025-07-12T15:39:33.408687+00:00", "symbol": "BTC-USD"}, {"trade_id": 847998035, "side": "buy", "size": "0.03291859", "price": "117156.30000000", "time": "2025-07-12T15:39:25.859766Z", "fetched_at": "2025-07-12T15:39:33.408687+00:00", "symbol": "BTC-USD"}, {"trade_id": 847998034, "side": "buy", "size": "0.01104520", "price": "117156.30000000", "time": "2025-07-12T15:39:25.859119Z", "fetched_at": "2025-07-12T15:39:33.408687+00:00", "symbol": "BTC-USD"}, {"trade_id": 847998033, "side": "buy", "size": "0.02966258", "price": "117156.31000000", "time": "2025-07-12T15:39:25.859119Z", "fetched_at": "2025-07-12T15:39:33.408687+00:00", "symbol": "BTC-USD"}, {"trade_id": 847998032, "side": "buy", "size": "0.00000148", "price": "117156.31000000", "time": "2025-07-12T15:39:25.859119Z", "fetched_at": "2025-07-12T15:39:33.408687+00:00", "symbol": "BTC-USD"}, {"trade_id": 847998031, "side": "buy", "size": "0.00682685", "price": "117158.46000000", "time": "2025-07-12T15:39:25.859119Z", "fetched_at": "2025-07-12T15:39:33.408687+00:00", "symbol": "BTC-USD"}, {"trade_id": 847998030, "side": "buy", "size": "0.00009389", "price": "117158.49000000", "time": "2025-07-12T15:39:25.859119Z", "fetched_at": "2025-07-12T15:39:33.408687+00:00", "symbol": "BTC-USD"}, {"trade_id": 847998029, "side": "buy", "size": "0.03100000", "price": "117158.49000000", "time": "2025-07-12T15:39:25.859119Z", "fetched_at": "2025-07-12T15:39:33.408687+00:00", "symbol": "BTC-USD"}, {"trade_id": 847998028, "side": "buy", "size": "0.00038993", "price": "117156.33000000", "time": "2025-07-12T15:39:24.468046Z", "fetched_at": "2025-07-12T15:39:33.408687+00:00", "symbol": "BTC-USD"}, {"trade_id": 847998027, "side": "sell", "size": "0.00000021", "price": "117156.34000000", "time": "2025-07-12T15:39:24.362503Z", "fetched_at": "2025-07-12T15:39:33.408687+00:00", "symbol": "BTC-USD"}, {"trade_id": 847998026, "side": "sell", "size": "0.00042248", "price": "117156.34000000", "time": "2025-07-12T15:39:24.230932Z", "fetched_at": "2025-07-12T15:39:33.408687+00:00", "symbol": "BTC-USD"}, {"trade_id": 847998025, "side": "buy", "size": "0.00228877", "price": "117156.33000000", "time": "2025-07-12T15:39:24.072393Z", "fetched_at": "2025-07-12T15:39:33.408687+00:00", "symbol": "BTC-USD"}, {"trade_id": 847998024, "side": "buy", "size": "0.00854139", "price": "117156.33000000", "time": "2025-07-12T15:39:23.841271Z", "fetched_at": "2025-07-12T15:39:33.408687+00:00", "symbol": "BTC-USD"}, {"trade_id": 847998023, "side": "buy", "size": "0.00013546", "price": "117156.31000000", "time": "2025-07-12T15:39:23.808808Z", "fetched_at": "2025-07-12T15:39:33.408687+00:00", "symbol": "BTC-USD"}, {"trade_id": 847998022, "side": "buy", "size": "0.00002305", "price": "117156.33000000", "time": "2025-07-12T15:39:23.808808Z", "fetched_at": "2025-07-12T15:39:33.408687+00:00", "symbol": "BTC-USD"}, {"trade_id": 847998021, "side": "buy", "size": "0.00009389", "price": "117159.87000000", "time": "2025-07-12T15:39:23.808808Z", "fetched_at": "2025-07-12T15:39:33.408687+00:00", "symbol": "BTC-USD"}, {"trade_id": 847998020, "side": "buy", "size": "0.00036847", "price": "117159.87000000", "time": "2025-07-12T15:39:23.808808Z", "fetched_at": "2025-07-12T15:39:33.408687+00:00", "symbol": "BTC-USD"}, {"trade_id": 847998019, "side": "buy", "size": "0.00110319", "price": "117159.87000000", "time": "2025-07-12T15:39:23.808808Z", "fetched_at": "2025-07-12T15:39:33.408687+00:00", "symbol": "BTC-USD"}, {"trade_id": 847998018, "side": "sell", "size": "0.01304235", "price": "117159.88000000", "time": "2025-07-12T15:39:23.323900Z", "fetched_at": "2025-07-12T15:39:33.408687+00:00", "symbol": "BTC-USD"}, {"trade_id": 847998017, "side": "sell", "size": "0.01184000", "price": "117159.88000000", "time": "2025-07-12T15:39:23.323900Z", "fetched_at": "2025-07-12T15:39:33.408687+00:00", "symbol": "BTC-USD"}, {"trade_id": 847998016, "side": "sell", "size": "0.00040469", "price": "117159.90000000", "time": "2025-07-12T15:39:22.643826Z", "fetched_at": "2025-07-12T15:39:33.408687+00:00", "symbol": "BTC-USD"}, {"trade_id": 847998015, "side": "sell", "size": "0.01091957", "price": "117159.90000000", "time": "2025-07-12T15:39:22.567947Z", "fetched_at": "2025-07-12T15:39:33.408687+00:00", "symbol": "BTC-USD"}, {"trade_id": 847998014, "side": "sell", "size": "0.00002597", "price": "117159.88000000", "time": "2025-07-12T15:39:22.567947Z", "fetched_at": "2025-07-12T15:39:33.408687+00:00", "symbol": "BTC-USD"}, {"trade_id": 847998013, "side": "sell", "size": "0.00002044", "price": "117159.88000000", "time": "2025-07-12T15:39:22.567947Z", "fetched_at": "2025-07-12T15:39:33.408687+00:00", "symbol": "BTC-USD"}, {"trade_id": 847998012, "side": "sell", "size": "0.00000443", "price": "117159.88000000", "time": "2025-07-12T15:39:22.567947Z", "fetched_at": "2025-07-12T15:39:33.408687+00:00", "symbol": "BTC-USD"}, {"trade_id": 847998011, "side": "buy", "size": "0.02122910", "price": "117156.32000000", "time": "2025-07-12T15:39:22.206370Z", "fetched_at": "2025-07-12T15:39:33.408687+00:00", "symbol": "BTC-USD"}, {"trade_id": 847998010, "side": "buy", "size": "0.00682693", "price": "117158.58000000", "time": "2025-07-12T15:39:22.206370Z", "fetched_at": "2025-07-12T15:39:33.408687+00:00", "symbol": "BTC-USD"}, {"trade_id": 847998009, "side": "buy", "size": "0.00002388", "price": "117158.60000000", "time": "2025-07-12T15:39:22.206370Z", "fetched_at": "2025-07-12T15:39:33.408687+00:00", "symbol": "BTC-USD"}, {"trade_id": 847998008, "side": "buy", "size": "0.00330215", "price": "117159.76000000", "time": "2025-07-12T15:39:22.206370Z", "fetched_at": "2025-07-12T15:39:33.408687+00:00", "symbol": "BTC-USD"}, {"trade_id": 847998007, "side": "buy", "size": "0.00009389", "price": "117159.87000000", "time": "2025-07-12T15:39:22.206370Z", "fetched_at": "2025-07-12T15:39:33.408687+00:00", "symbol": "BTC-USD"}, {"trade_id": 847998006, "side": "buy", "size": "0.01697600", "price": "117156.31000000", "time": "2025-07-12T15:39:21.465878Z", "fetched_at": "2025-07-12T15:39:33.408687+00:00", "symbol": "BTC-USD"}, {"trade_id": 847998005, "side": "buy", "size": "0.00009389", "price": "117159.35000000", "time": "2025-07-12T15:39:21.465878Z", "fetched_at": "2025-07-12T15:39:33.408687+00:00", "symbol": "BTC-USD"}, {"trade_id": 847998004, "side": "sell", "size": "0.00011667", "price": "117159.34000000", "time": "2025-07-12T15:39:20.849432Z", "fetched_at": "2025-07-12T15:39:33.408687+00:00", "symbol": "BTC-USD"}, {"trade_id": 847998003, "side": "buy", "size": "0.00690611", "price": "117157.61000000", "time": "2025-07-12T15:39:20.722690Z", "fetched_at": "2025-07-12T15:39:33.408687+00:00", "symbol": "BTC-USD"}, {"trade_id": 847998002, "side": "buy", "size": "0.00009389", "price": "117159.33000000", "time": "2025-07-12T15:39:20.722690Z", "fetched_at": "2025-07-12T15:39:33.408687+00:00", "symbol": "BTC-USD"}, {"trade_id": 847998001, "side": "sell", "size": "0.00008672", "price": "117159.33000000", "time": "2025-07-12T15:39:20.680262Z", "fetched_at": "2025-07-12T15:39:33.408687+00:00", "symbol": "BTC-USD"}, {"trade_id": 847998000, "side": "sell", "size": "0.00000640", "price": "117157.59000000", "time": "2025-07-12T15:39:20.680262Z", "fetched_at": "2025-07-12T15:39:33.408687+00:00", "symbol": "BTC-USD"}, {"trade_id": 847997999, "side": "sell", "size": "0.00001992", "price": "117157.59000000", "time": "2025-07-12T15:39:20.680262Z", "fetched_at": "2025-07-12T15:39:33.408687+00:00", "symbol": "BTC-USD"}, {"trade_id": 847997998, "side": "sell", "size": "0.00003100", "price": "117157.59000000", "time": "2025-07-12T15:39:20.680262Z", "fetched_at": "2025-07-12T15:39:33.408687+00:00", "symbol": "BTC-USD"}, {"trade_id": 847997997, "side": "buy", "size": "0.00534602", "price": "117156.52000000", "time": "2025-07-12T15:39:19.665764Z", "fetched_at": "2025-07-12T15:39:33.408687+00:00", "symbol": "BTC-USD"}, {"trade_id": 847997996, "side": "buy", "size": "0.00009389", "price": "117156.52000000", "time": "2025-07-12T15:39:19.665764Z", "fetched_at": "2025-07-12T15:39:33.408687+00:00", "symbol": "BTC-USD"}, {"trade_id": 847997995, "side": "sell", "size": "0.00006615", "price": "117156.33000000", "time": "2025-07-12T15:39:17.577531Z", "fetched_at": "2025-07-12T15:39:33.408687+00:00", "symbol": "BTC-USD"}, {"trade_id": 847997994, "side": "sell", "size": "0.00008296", "price": "117156.31000000", "time": "2025-07-12T15:39:16.894858Z", "fetched_at": "2025-07-12T15:39:33.408687+00:00", "symbol": "BTC-USD"}, {"trade_id": 847997993, "side": "buy", "size": "0.00003621", "price": "117156.30000000", "time": "2025-07-12T15:39:16.826863Z", "fetched_at": "2025-07-12T15:39:33.408687+00:00", "symbol": "BTC-USD"}, {"trade_id": 847997992, "side": "buy", "size": "0.07512929", "price": "117157.57000000", "time": "2025-07-12T15:39:16.692574Z", "fetched_at": "2025-07-12T15:39:33.408687+00:00", "symbol": "BTC-USD"}, {"trade_id": 847997991, "side": "buy", "size": "0.00009389", "price": "117157.58000000", "time": "2025-07-12T15:39:16.692574Z", "fetched_at": "2025-07-12T15:39:33.408687+00:00", "symbol": "BTC-USD"}, {"trade_id": 847997990, "side": "buy", "size": "0.00001000", "price": "117161.91000000", "time": "2025-07-12T15:39:16.591562Z", "fetched_at": "2025-07-12T15:39:33.408687+00:00", "symbol": "BTC-USD"}, {"trade_id": 847997989, "side": "buy", "size": "0.00002304", "price": "117162.05000000", "time": "2025-07-12T15:39:16.591562Z", "fetched_at": "2025-07-12T15:39:33.408687+00:00", "symbol": "BTC-USD"}, {"trade_id": 847997988, "side": "buy", "size": "0.00233015", "price": "117162.20000000", "time": "2025-07-12T15:39:16.591562Z", "fetched_at": "2025-07-12T15:39:33.408687+00:00", "symbol": "BTC-USD"}, {"trade_id": 847997987, "side": "buy", "size": "0.00008535", "price": "117164.13000000", "time": "2025-07-12T15:39:16.589110Z", "fetched_at": "2025-07-12T15:39:33.408687+00:00", "symbol": "BTC-USD"}, {"trade_id": 847997986, "side": "buy", "size": "0.01380853", "price": "117164.97000000", "time": "2025-07-12T15:39:16.029940Z", "fetched_at": "2025-07-12T15:39:33.408687+00:00", "symbol": "BTC-USD"}, {"trade_id": 847997985, "side": "buy", "size": "0.00286849", "price": "117164.97000000", "time": "2025-07-12T15:39:16.025436Z", "fetched_at": "2025-07-12T15:39:33.408687+00:00", "symbol": "BTC-USD"}, {"trade_id": 847997984, "side": "buy", "size": "0.00254316", "price": "117164.97000000", "time": "2025-07-12T15:39:16.021987Z", "fetched_at": "2025-07-12T15:39:33.408687+00:00", "symbol": "BTC-USD"}, {"trade_id": 847997983, "side": "buy", "size": "0.08423708", "price": "117164.97000000", "time": "2025-07-12T15:39:16.017217Z", "fetched_at": "2025-07-12T15:39:33.408687+00:00", "symbol": "BTC-USD"}, {"trade_id": 847997982, "side": "buy", "size": "0.05157035", "price": "117164.97000000", "time": "2025-07-12T15:39:16.007253Z", "fetched_at": "2025-07-12T15:39:33.408687+00:00", "symbol": "BTC-USD"}, {"trade_id": 847997981, "side": "buy", "size": "0.04600000", "price": "117165.00000000", "time": "2025-07-12T15:39:16.007253Z", "fetched_at": "2025-07-12T15:39:33.408687+00:00", "symbol": "BTC-USD"}, {"trade_id": 847997980, "side": "buy", "size": "0.00055733", "price": "117165.00000000", "time": "2025-07-12T15:39:16.007253Z", "fetched_at": "2025-07-12T15:39:33.408687+00:00", "symbol": "BTC-USD"}, {"trade_id": 847997979, "side": "buy", "size": "0.00000930", "price": "117165.00000000", "time": "2025-07-12T15:39:16.007253Z", "fetched_at": "2025-07-12T15:39:33.408687+00:00", "symbol": "BTC-USD"}, {"trade_id": 847997978, "side": "buy", "size": "0.00000119", "price": "117165.00000000", "time": "2025-07-12T15:39:16.007253Z", "fetched_at": "2025-07-12T15:39:33.408687+00:00", "symbol": "BTC-USD"}, {"trade_id": 847997977, "side": "buy", "size": "0.00000010", "price": "117165.01000000", "time": "2025-07-12T15:39:16.007253Z", "fetched_at": "2025-07-12T15:39:33.408687+00:00", "symbol": "BTC-USD"}, {"trade_id": 847997976, "side": "buy", "size": "0.00021874", "price": "117165.04000000", "time": "2025-07-12T15:39:16.007253Z", "fetched_at": "2025-07-12T15:39:33.408687+00:00", "symbol": "BTC-USD"}, {"trade_id": 847997975, "side": "buy", "size": "0.00495395", "price": "117165.04000000", "time": "2025-07-12T15:39:16.007253Z", "fetched_at": "2025-07-12T15:39:33.408687+00:00", "symbol": "BTC-USD"}, {"trade_id": 847997974, "side": "buy", "size": "0.00018759", "price": "117165.04000000", "time": "2025-07-12T15:39:16.007253Z", "fetched_at": "2025-07-12T15:39:33.408687+00:00", "symbol": "BTC-USD"}, {"trade_id": 847997973, "side": "buy", "size": "0.00037101", "price": "117165.04000000", "time": "2025-07-12T15:39:16.007253Z", "fetched_at": "2025-07-12T15:39:33.408687+00:00", "symbol": "BTC-USD"}, {"trade_id": 847997972, "side": "buy", "size": "0.00110698", "price": "117165.04000000", "time": "2025-07-12T15:39:16.007253Z", "fetched_at": "2025-07-12T15:39:33.408687+00:00", "symbol": "BTC-USD"}, {"trade_id": 847997971, "side": "buy", "size": "0.00151854", "price": "117165.04000000", "time": "2025-07-12T15:39:16.007253Z", "fetched_at": "2025-07-12T15:39:33.408687+00:00", "symbol": "BTC-USD"}, {"trade_id": 847997970, "side": "buy", "size": "0.00006563", "price": "117165.06000000", "time": "2025-07-12T15:39:16.007253Z", "fetched_at": "2025-07-12T15:39:33.408687+00:00", "symbol": "BTC-USD"}, {"trade_id": 847997969, "side": "buy", "size": "0.00012537", "price": "117165.06000000", "time": "2025-07-12T15:39:16.007253Z", "fetched_at": "2025-07-12T15:39:33.408687+00:00", "symbol": "BTC-USD"}, {"trade_id": 847997968, "side": "buy", "size": "0.00037152", "price": "117165.06000000", "time": "2025-07-12T15:39:16.007253Z", "fetched_at": "2025-07-12T15:39:33.408687+00:00", "symbol": "BTC-USD"}, {"trade_id": 847997967, "side": "buy", "size": "0.00110783", "price": "117165.06000000", "time": "2025-07-12T15:39:16.007253Z", "fetched_at": "2025-07-12T15:39:33.408687+00:00", "symbol": "BTC-USD"}, {"trade_id": 847997966, "side": "buy", "size": "0.00308844", "price": "117165.06000000", "time": "2025-07-12T15:39:16.007253Z", "fetched_at": "2025-07-12T15:39:33.408687+00:00", "symbol": "BTC-USD"}, {"trade_id": 847997965, "side": "buy", "size": "0.00023336", "price": "117165.06000000", "time": "2025-07-12T15:39:15.578116Z", "fetched_at": "2025-07-12T15:39:33.408687+00:00", "symbol": "BTC-USD"}, {"trade_id": 847997964, "side": "buy", "size": "0.00060335", "price": "117165.06000000", "time": "2025-07-12T15:39:12.672088Z", "fetched_at": "2025-07-12T15:39:33.408687+00:00", "symbol": "BTC-USD"}, {"trade_id": 847997963, "side": "buy", "size": "0.00392838", "price": "117165.06000000", "time": "2025-07-12T15:39:12.094042Z", "fetched_at": "2025-07-12T15:39:33.408687+00:00", "symbol": "BTC-USD"}, {"trade_id": 847997962, "side": "buy", "size": "0.00006674", "price": "117165.06000000", "time": "2025-07-12T15:39:12.094042Z", "fetched_at": "2025-07-12T15:39:33.408687+00:00", "symbol": "BTC-USD"}, {"trade_id": 847997961, "side": "buy", "size": "0.00013075", "price": "117165.06000000", "time": "2025-07-12T15:39:12.094042Z", "fetched_at": "2025-07-12T15:39:33.408687+00:00", "symbol": "BTC-USD"}, {"trade_id": 847997960, "side": "buy", "size": "0.00018396", "price": "117165.06000000", "time": "2025-07-12T15:39:12.094042Z", "fetched_at": "2025-07-12T15:39:33.408687+00:00", "symbol": "BTC-USD"}, {"trade_id": 847997959, "side": "sell", "size": "0.00047668", "price": "117165.07000000", "time": "2025-07-12T15:39:11.632549Z", "fetched_at": "2025-07-12T15:39:33.408687+00:00", "symbol": "BTC-USD"}, {"trade_id": 847997958, "side": "buy", "size": "0.00019994", "price": "117165.06000000", "time": "2025-07-12T15:39:11.494908Z", "fetched_at": "2025-07-12T15:39:33.408687+00:00", "symbol": "BTC-USD"}, {"trade_id": 847997957, "side": "buy", "size": "0.00114334", "price": "117165.06000000", "time": "2025-07-12T15:39:11.494908Z", "fetched_at": "2025-07-12T15:39:33.408687+00:00", "symbol": "BTC-USD"}, {"trade_id": 847997956, "side": "sell", "size": "0.00675890", "price": "117165.07000000", "time": "2025-07-12T15:39:11.183486Z", "fetched_at": "2025-07-12T15:39:33.408687+00:00", "symbol": "BTC-USD"}, {"trade_id": 847997955, "side": "sell", "size": "0.00324562", "price": "117165.07000000", "time": "2025-07-12T15:39:10.143260Z", "fetched_at": "2025-07-12T15:39:33.408687+00:00", "symbol": "BTC-USD"}, {"trade_id": 847997954, "side": "sell", "size": "0.00080947", "price": "117165.07000000", "time": "2025-07-12T15:39:07.733450Z", "fetched_at": "2025-07-12T15:39:33.408687+00:00", "symbol": "BTC-USD"}, {"trade_id": 847997953, "side": "sell", "size": "0.00084487", "price": "117165.07000000", "time": "2025-07-12T15:39:07.594364Z", "fetched_at": "2025-07-12T15:39:33.408687+00:00", "symbol": "BTC-USD"}, {"trade_id": 847997952, "side": "sell", "size": "0.00093087", "price": "117165.07000000", "time": "2025-07-12T15:39:07.330548Z", "fetched_at": "2025-07-12T15:39:33.408687+00:00", "symbol": "BTC-USD"}, {"trade_id": 847997951, "side": "buy", "size": "0.00001000", "price": "117170.70000000", "time": "2025-07-12T15:39:06.678383Z", "fetched_at": "2025-07-12T15:39:33.408687+00:00", "symbol": "BTC-USD"}, {"trade_id": 847997950, "side": "buy", "size": "0.04500000", "price": "117173.70000000", "time": "2025-07-12T15:39:06.668238Z", "fetched_at": "2025-07-12T15:39:33.408687+00:00", "symbol": "BTC-USD"}, {"trade_id": 847997949, "side": "buy", "size": "0.00009387", "price": "117173.72000000", "time": "2025-07-12T15:39:06.668238Z", "fetched_at": "2025-07-12T15:39:33.408687+00:00", "symbol": "BTC-USD"}, {"trade_id": 847997948, "side": "buy", "size": "0.03100000", "price": "117173.72000000", "time": "2025-07-12T15:39:06.668238Z", "fetched_at": "2025-07-12T15:39:33.408687+00:00", "symbol": "BTC-USD"}, {"trade_id": 847997947, "side": "buy", "size": "0.00342592", "price": "117177.20000000", "time": "2025-07-12T15:39:06.587280Z", "fetched_at": "2025-07-12T15:39:33.408687+00:00", "symbol": "BTC-USD"}, {"trade_id": 847997946, "side": "buy", "size": "0.00009387", "price": "117177.20000000", "time": "2025-07-12T15:39:06.587280Z", "fetched_at": "2025-07-12T15:39:33.408687+00:00", "symbol": "BTC-USD"}, {"trade_id": 847997945, "side": "sell", "size": "0.00006613", "price": "117177.21000000", "time": "2025-07-12T15:39:06.513060Z", "fetched_at": "2025-07-12T15:39:33.408687+00:00", "symbol": "BTC-USD"}, {"trade_id": 847997944, "side": "sell", "size": "0.00334745", "price": "117177.21000000", "time": "2025-07-12T15:39:06.075949Z", "fetched_at": "2025-07-12T15:39:33.408687+00:00", "symbol": "BTC-USD"}, {"trade_id": 847997943, "side": "sell", "size": "0.00013004", "price": "117177.20000000", "time": "2025-07-12T15:39:05.736746Z", "fetched_at": "2025-07-12T15:39:33.408687+00:00", "symbol": "BTC-USD"}, {"trade_id": 847997942, "side": "sell", "size": "0.01810981", "price": "117174.04000000", "time": "2025-07-12T15:39:05.736746Z", "fetched_at": "2025-07-12T15:39:33.408687+00:00", "symbol": "BTC-USD"}, {"trade_id": 847997941, "side": "sell", "size": "0.01124183", "price": "117173.73000000", "time": "2025-07-12T15:39:05.042051Z", "fetched_at": "2025-07-12T15:39:33.408687+00:00", "symbol": "BTC-USD"}, {"trade_id": 847997940, "side": "sell", "size": "0.00053365", "price": "117173.73000000", "time": "2025-07-12T15:39:04.809113Z", "fetched_at": "2025-07-12T15:39:33.408687+00:00", "symbol": "BTC-USD"}, {"trade_id": 847997939, "side": "sell", "size": "0.00042243", "price": "117173.73000000", "time": "2025-07-12T15:39:04.525732Z", "fetched_at": "2025-07-12T15:39:33.408687+00:00", "symbol": "BTC-USD"}, {"trade_id": 847997938, "side": "buy", "size": "0.00073393", "price": "117177.24000000", "time": "2025-07-12T15:39:04.149210Z", "fetched_at": "2025-07-12T15:39:33.408687+00:00", "symbol": "BTC-USD"}, {"trade_id": 847997937, "side": "buy", "size": "0.00220187", "price": "117177.24000000", "time": "2025-07-12T15:39:04.149210Z", "fetched_at": "2025-07-12T15:39:33.408687+00:00", "symbol": "BTC-USD"}, {"trade_id": 847997936, "side": "buy", "size": "0.00660119", "price": "117177.24000000", "time": "2025-07-12T15:39:04.149210Z", "fetched_at": "2025-07-12T15:39:33.408687+00:00", "symbol": "BTC-USD"}, {"trade_id": 847997935, "side": "buy", "size": "0.00024467", "price": "117177.99000000", "time": "2025-07-12T15:39:04.105122Z", "fetched_at": "2025-07-12T15:39:33.408687+00:00", "symbol": "BTC-USD"}, {"trade_id": 847997934, "side": "buy", "size": "0.00037352", "price": "117179.69000000", "time": "2025-07-12T15:39:04.098068Z", "fetched_at": "2025-07-12T15:39:33.408687+00:00", "symbol": "BTC-USD"}, {"trade_id": 847997933, "side": "buy", "size": "0.00009387", "price": "117179.69000000", "time": "2025-07-12T15:39:04.098068Z", "fetched_at": "2025-07-12T15:39:33.408687+00:00", "symbol": "BTC-USD"}, {"trade_id": 847997932, "side": "buy", "size": "0.02182211", "price": "117179.69000000", "time": "2025-07-12T15:39:03.709897Z", "fetched_at": "2025-07-12T15:39:33.408687+00:00", "symbol": "BTC-USD"}, {"trade_id": 847997931, "side": "buy", "size": "0.00111503", "price": "117179.69000000", "time": "2025-07-12T15:39:03.709897Z", "fetched_at": "2025-07-12T15:39:33.408687+00:00", "symbol": "BTC-USD"}, {"trade_id": 847997930, "side": "buy", "size": "0.02188386", "price": "117179.69000000", "time": "2025-07-12T15:39:03.709897Z", "fetched_at": "2025-07-12T15:39:33.408687+00:00", "symbol": "BTC-USD"}, {"trade_id": 847997929, "side": "sell", "size": "0.00000017", "price": "117179.70000000", "time": "2025-07-12T15:39:03.687622Z", "fetched_at": "2025-07-12T15:39:33.408687+00:00", "symbol": "BTC-USD"}, {"trade_id": 847997928, "side": "buy", "size": "0.00861930", "price": "117179.69000000", "time": "2025-07-12T15:39:03.626491Z", "fetched_at": "2025-07-12T15:39:33.408687+00:00", "symbol": "BTC-USD"}, {"trade_id": 847997927, "side": "buy", "size": "0.00082789", "price": "117179.69000000", "time": "2025-07-12T15:39:03.534572Z", "fetched_at": "2025-07-12T15:39:33.408687+00:00", "symbol": "BTC-USD"}, {"trade_id": 847997926, "side": "buy", "size": "0.00033842", "price": "117179.69000000", "time": "2025-07-12T15:39:02.824655Z", "fetched_at": "2025-07-12T15:39:33.408687+00:00", "symbol": "BTC-USD"}, {"trade_id": 847997925, "side": "buy", "size": "0.00009387", "price": "117179.69000000", "time": "2025-07-12T15:39:02.824655Z", "fetched_at": "2025-07-12T15:39:33.408687+00:00", "symbol": "BTC-USD"}, {"trade_id": 847997924, "side": "sell", "size": "0.00050691", "price": "117179.70000000", "time": "2025-07-12T15:39:02.666884Z", "fetched_at": "2025-07-12T15:39:33.408687+00:00", "symbol": "BTC-USD"}, {"trade_id": 847997923, "side": "sell", "size": "0.01658722", "price": "117179.70000000", "time": "2025-07-12T15:39:02.427966Z", "fetched_at": "2025-07-12T15:39:33.408687+00:00", "symbol": "BTC-USD"}, {"trade_id": 847997922, "side": "buy", "size": "0.04400000", "price": "117182.40000000", "time": "2025-07-12T15:39:02.131502Z", "fetched_at": "2025-07-12T15:39:33.408687+00:00", "symbol": "BTC-USD"}, {"trade_id": 847997921, "side": "buy", "size": "0.00853357", "price": "117184.18000000", "time": "2025-07-12T15:39:02.131502Z", "fetched_at": "2025-07-12T15:39:33.408687+00:00", "symbol": "BTC-USD"}, {"trade_id": 847997920, "side": "buy", "size": "0.00012518", "price": "117185.89000000", "time": "2025-07-12T15:39:02.131502Z", "fetched_at": "2025-07-12T15:39:33.408687+00:00", "symbol": "BTC-USD"}, {"trade_id": 847997919, "side": "buy", "size": "0.00321357", "price": "117186.54000000", "time": "2025-07-12T15:39:02.131502Z", "fetched_at": "2025-07-12T15:39:33.408687+00:00", "symbol": "BTC-USD"}, {"trade_id": 847997918, "side": "buy", "size": "0.12797824", "price": "117187.20000000", "time": "2025-07-12T15:39:02.131502Z", "fetched_at": "2025-07-12T15:39:33.408687+00:00", "symbol": "BTC-USD"}, {"trade_id": 847997917, "side": "buy", "size": "0.02691377", "price": "117187.21000000", "time": "2025-07-12T15:39:02.127464Z", "fetched_at": "2025-07-12T15:39:33.408687+00:00", "symbol": "BTC-USD"}, {"trade_id": 847997916, "side": "buy", "size": "0.00682507", "price": "117189.50000000", "time": "2025-07-12T15:39:02.127464Z", "fetched_at": "2025-07-12T15:39:33.408687+00:00", "symbol": "BTC-USD"}, {"trade_id": 847997915, "side": "buy", "size": "0.00334054", "price": "117190.43000000", "time": "2025-07-12T15:39:02.127464Z", "fetched_at": "2025-07-12T15:39:33.408687+00:00", "symbol": "BTC-USD"}, {"trade_id": 847997914, "side": "buy", "size": "0.00002447", "price": "117192.94000000", "time": "2025-07-12T15:39:02.125644Z", "fetched_at": "2025-07-12T15:39:33.408687+00:00", "symbol": "BTC-USD"}, {"trade_id": 847997913, "side": "buy", "size": "0.03500000", "price": "117192.94000000", "time": "2025-07-12T15:39:02.125644Z", "fetched_at": "2025-07-12T15:39:33.408687+00:00", "symbol": "BTC-USD"}, {"trade_id": 847997912, "side": "buy", "size": "0.00853300", "price": "117192.94000000", "time": "2025-07-12T15:39:02.125644Z", "fetched_at": "2025-07-12T15:39:33.408687+00:00", "symbol": "BTC-USD"}, {"trade_id": 847997911, "side": "buy", "size": "0.01175000", "price": "117192.94000000", "time": "2025-07-12T15:39:02.125644Z", "fetched_at": "2025-07-12T15:39:33.408687+00:00", "symbol": "BTC-USD"}, {"trade_id": 847997910, "side": "sell", "size": "0.00008449", "price": "117197.11000000", "time": "2025-07-12T15:39:01.792567Z", "fetched_at": "2025-07-12T15:39:33.408687+00:00", "symbol": "BTC-USD"}, {"trade_id": 847997909, "side": "buy", "size": "0.00085776", "price": "117189.58000000", "time": "2025-07-12T15:39:01.460190Z", "fetched_at": "2025-07-12T15:39:33.408687+00:00", "symbol": "BTC-USD"}, {"trade_id": 847997908, "side": "sell", "size": "0.00024000", "price": "117197.09000000", "time": "2025-07-12T15:39:00.754401Z", "fetched_at": "2025-07-12T15:39:33.408687+00:00", "symbol": "BTC-USD"}, {"trade_id": 847997907, "side": "sell", "size": "0.00001000", "price": "117197.07000000", "time": "2025-07-12T15:39:00.754401Z", "fetched_at": "2025-07-12T15:39:33.408687+00:00", "symbol": "BTC-USD"}, {"trade_id": 847997906, "side": "sell", "size": "0.03134983", "price": "117192.87000000", "time": "2025-07-12T15:39:00.597966Z", "fetched_at": "2025-07-12T15:39:33.408687+00:00", "symbol": "BTC-USD"}, {"trade_id": 847997905, "side": "sell", "size": "0.00941151", "price": "117192.87000000", "time": "2025-07-12T15:39:00.596863Z", "fetched_at": "2025-07-12T15:39:33.408687+00:00", "symbol": "BTC-USD"}, {"trade_id": 847997904, "side": "sell", "size": "0.08488022", "price": "117192.87000000", "time": "2025-07-12T15:39:00.596493Z", "fetched_at": "2025-07-12T15:39:33.408687+00:00", "symbol": "BTC-USD"}, {"trade_id": 847997903, "side": "sell", "size": "0.02435844", "price": "117192.87000000", "time": "2025-07-12T15:39:00.579515Z", "fetched_at": "2025-07-12T15:39:33.408687+00:00", "symbol": "BTC-USD"}, {"trade_id": 847997902, "side": "sell", "size": "0.08600000", "price": "117191.10000000", "time": "2025-07-12T15:39:00.578209Z", "fetched_at": "2025-07-12T15:39:33.408687+00:00", "symbol": "BTC-USD"}, {"trade_id": 847997901, "side": "sell", "size": "0.00022788", "price": "117191.10000000", "time": "2025-07-12T15:39:00.578209Z", "fetched_at": "2025-07-12T15:39:33.408687+00:00", "symbol": "BTC-USD"}, {"trade_id": 847997900, "side": "sell", "size": "0.00001000", "price": "117188.28000000", "time": "2025-07-12T15:39:00.578209Z", "fetched_at": "2025-07-12T15:39:33.408687+00:00", "symbol": "BTC-USD"}, {"trade_id": 847997899, "side": "sell", "size": "0.05000000", "price": "117185.95000000", "time": "2025-07-12T15:39:00.526428Z", "fetched_at": "2025-07-12T15:39:33.408687+00:00", "symbol": "BTC-USD"}, {"trade_id": 847997898, "side": "sell", "size": "0.05000000", "price": "117185.90000000", "time": "2025-07-12T15:39:00.526428Z", "fetched_at": "2025-07-12T15:39:33.408687+00:00", "symbol": "BTC-USD"}, {"trade_id": 847997897, "side": "sell", "size": "0.00000613", "price": "117185.90000000", "time": "2025-07-12T15:39:00.526428Z", "fetched_at": "2025-07-12T15:39:33.408687+00:00", "symbol": "BTC-USD"}, {"trade_id": 847997896, "side": "sell", "size": "0.00000504", "price": "117185.90000000", "time": "2025-07-12T15:39:00.526428Z", "fetched_at": "2025-07-12T15:39:33.408687+00:00", "symbol": "BTC-USD"}, {"trade_id": 847997895, "side": "sell", "size": "0.05000000", "price": "117178.95000000", "time": "2025-07-12T15:39:00.257558Z", "fetched_at": "2025-07-12T15:39:33.408687+00:00", "symbol": "BTC-USD"}, {"trade_id": 847997894, "side": "sell", "size": "0.00003400", "price": "117178.90000000", "time": "2025-07-12T15:39:00.257558Z", "fetched_at": "2025-07-12T15:39:33.408687+00:00", "symbol": "BTC-USD"}, {"trade_id": 847997893, "side": "sell", "size": "0.00000204", "price": "117178.90000000", "time": "2025-07-12T15:39:00.257558Z", "fetched_at": "2025-07-12T15:39:33.408687+00:00", "symbol": "BTC-USD"}, {"trade_id": 847997892, "side": "sell", "size": "0.00451372", "price": "117178.90000000", "time": "2025-07-12T15:39:00.257558Z", "fetched_at": "2025-07-12T15:39:33.408687+00:00", "symbol": "BTC-USD"}, {"trade_id": 847997891, "side": "sell", "size": "0.04545195", "price": "117178.90000000", "time": "2025-07-12T15:39:00.243401Z", "fetched_at": "2025-07-12T15:39:33.408687+00:00", "symbol": "BTC-USD"}, {"trade_id": 847997890, "side": "buy", "size": "0.00002543", "price": "117178.89000000", "time": "2025-07-12T15:39:00.231802Z", "fetched_at": "2025-07-12T15:39:33.408687+00:00", "symbol": "BTC-USD"}, {"trade_id": 847997889, "side": "sell", "size": "0.01810919", "price": "117178.02000000", "time": "2025-07-12T15:39:00.181413Z", "fetched_at": "2025-07-12T15:39:33.408687+00:00", "symbol": "BTC-USD"}, {"trade_id": 847997888, "side": "sell", "size": "0.05000000", "price": "117178.01000000", "time": "2025-07-12T15:39:00.181413Z", "fetched_at": "2025-07-12T15:39:33.408687+00:00", "symbol": "BTC-USD"}, {"trade_id": 847997887, "side": "sell", "size": "0.00001716", "price": "117178.00000000", "time": "2025-07-12T15:39:00.181413Z", "fetched_at": "2025-07-12T15:39:33.408687+00:00", "symbol": "BTC-USD"}, {"trade_id": 847997886, "side": "sell", "size": "0.06572537", "price": "117178.00000000", "time": "2025-07-12T15:39:00.181413Z", "fetched_at": "2025-07-12T15:39:33.408687+00:00", "symbol": "BTC-USD"}, {"trade_id": 847997885, "side": "sell", "size": "0.03423691", "price": "117178.00000000", "time": "2025-07-12T15:39:00.181413Z", "fetched_at": "2025-07-12T15:39:33.408687+00:00", "symbol": "BTC-USD"}, {"trade_id": 847997884, "side": "sell", "size": "0.00033798", "price": "117178.00000000", "time": "2025-07-12T15:38:59.552708Z", "fetched_at": "2025-07-12T15:39:33.408687+00:00", "symbol": "BTC-USD"}, {"trade_id": 847997883, "side": "buy", "size": "0.00009387", "price": "117178.89000000", "time": "2025-07-12T15:38:59.286699Z", "fetched_at": "2025-07-12T15:39:33.408687+00:00", "symbol": "BTC-USD"}, {"trade_id": 847997882, "side": "buy", "size": "0.00004267", "price": "117178.89000000", "time": "2025-07-12T15:38:58.916917Z", "fetched_at": "2025-07-12T15:39:33.408687+00:00", "symbol": "BTC-USD"}, {"trade_id": 847997881, "side": "buy", "size": "0.00017068", "price": "117177.24000000", "time": "2025-07-12T15:38:57.104766Z", "fetched_at": "2025-07-12T15:39:33.408687+00:00", "symbol": "BTC-USD"}, {"trade_id": 847997880, "side": "sell", "size": "0.00172348", "price": "117177.25000000", "time": "2025-07-12T15:38:56.537860Z", "fetched_at": "2025-07-12T15:39:33.408687+00:00", "symbol": "BTC-USD"}, {"trade_id": 847997879, "side": "buy", "size": "0.00004359", "price": "117177.24000000", "time": "2025-07-12T15:38:56.263612Z", "fetched_at": "2025-07-12T15:39:33.408687+00:00", "symbol": "BTC-USD"}, {"trade_id": 847997878, "side": "sell", "size": "0.00002765", "price": "117178.90000000", "time": "2025-07-12T15:38:54.247324Z", "fetched_at": "2025-07-12T15:39:33.408687+00:00", "symbol": "BTC-USD"}, {"trade_id": 847997877, "side": "buy", "size": "0.02199737", "price": "117177.17000000", "time": "2025-07-12T15:38:54.001913Z", "fetched_at": "2025-07-12T15:39:33.408687+00:00", "symbol": "BTC-USD"}, {"trade_id": 847997876, "side": "buy", "size": "0.00001263", "price": "117177.20000000", "time": "2025-07-12T15:38:54.001913Z", "fetched_at": "2025-07-12T15:39:33.408687+00:00", "symbol": "BTC-USD"}, {"trade_id": 847997875, "side": "buy", "size": "0.06219000", "price": "117177.20000000", "time": "2025-07-12T15:38:54.001913Z", "fetched_at": "2025-07-12T15:39:33.408687+00:00", "symbol": "BTC-USD"}, {"trade_id": 847997874, "side": "buy", "size": "0.03400000", "price": "117177.20000000", "time": "2025-07-12T15:38:54.001913Z", "fetched_at": "2025-07-12T15:39:33.408687+00:00", "symbol": "BTC-USD"}, {"trade_id": 847997873, "side": "sell", "size": "0.00000668", "price": "117178.90000000", "time": "2025-07-12T15:38:53.320856Z", "fetched_at": "2025-07-12T15:39:33.408687+00:00", "symbol": "BTC-USD"}, {"trade_id": 847997872, "side": "buy", "size": "0.00004265", "price": "117178.89000000", "time": "2025-07-12T15:38:52.131490Z", "fetched_at": "2025-07-12T15:39:33.408687+00:00", "symbol": "BTC-USD"}, {"trade_id": 847997871, "side": "buy", "size": "0.00021014", "price": "117178.89000000", "time": "2025-07-12T15:38:51.557902Z", "fetched_at": "2025-07-12T15:39:33.408687+00:00", "symbol": "BTC-USD"}, {"trade_id": 847997870, "side": "sell", "size": "0.05000000", "price": "117172.05000000", "time": "2025-07-12T15:38:51.096111Z", "fetched_at": "2025-07-12T15:39:33.408687+00:00", "symbol": "BTC-USD"}, {"trade_id": 847997869, "side": "sell", "size": "0.00003664", "price": "117172.00000000", "time": "2025-07-12T15:38:51.096111Z", "fetched_at": "2025-07-12T15:39:33.408687+00:00", "symbol": "BTC-USD"}, {"trade_id": 847997868, "side": "sell", "size": "0.00005167", "price": "117172.00000000", "time": "2025-07-12T15:38:51.096111Z", "fetched_at": "2025-07-12T15:39:33.408687+00:00", "symbol": "BTC-USD"}, {"trade_id": 847997867, "side": "sell", "size": "0.00001288", "price": "117172.00000000", "time": "2025-07-12T15:38:51.096111Z", "fetched_at": "2025-07-12T15:39:33.408687+00:00", "symbol": "BTC-USD"}, {"trade_id": 847997866, "side": "sell", "size": "0.04999860", "price": "117172.00000000", "time": "2025-07-12T15:38:51.096111Z", "fetched_at": "2025-07-12T15:39:33.408687+00:00", "symbol": "BTC-USD"}, {"trade_id": 847997865, "side": "buy", "size": "0.00007835", "price": "117171.99000000", "time": "2025-07-12T15:38:50.380657Z", "fetched_at": "2025-07-12T15:39:33.408687+00:00", "symbol": "BTC-USD"}, {"trade_id": 847997864, "side": "buy", "size": "0.00853234", "price": "117171.99000000", "time": "2025-07-12T15:38:50.353406Z", "fetched_at": "2025-07-12T15:39:33.408687+00:00", "symbol": "BTC-USD"}, {"trade_id": 847997863, "side": "buy", "size": "0.00042672", "price": "117171.99000000", "time": "2025-07-12T15:38:49.290379Z", "fetched_at": "2025-07-12T15:39:33.408687+00:00", "symbol": "BTC-USD"}, {"trade_id": 847997862, "side": "sell", "size": "0.00000140", "price": "117172.00000000", "time": "2025-07-12T15:38:48.643333Z", "fetched_at": "2025-07-12T15:39:33.408687+00:00", "symbol": "BTC-USD"}, {"trade_id": 847997861, "side": "sell", "size": "0.00001328", "price": "117171.97000000", "time": "2025-07-12T15:38:48.643333Z", "fetched_at": "2025-07-12T15:39:33.408687+00:00", "symbol": "BTC-USD"}, {"trade_id": 847997860, "side": "sell", "size": "0.00000426", "price": "117171.97000000", "time": "2025-07-12T15:38:48.643333Z", "fetched_at": "2025-07-12T15:39:33.408687+00:00", "symbol": "BTC-USD"}, {"trade_id": 847997859, "side": "sell", "size": "0.00006201", "price": "117171.97000000", "time": "2025-07-12T15:38:48.643333Z", "fetched_at": "2025-07-12T15:39:33.408687+00:00", "symbol": "BTC-USD"}, {"trade_id": 847997858, "side": "buy", "size": "0.00017241", "price": "117171.96000000", "time": "2025-07-12T15:38:48.443043Z", "fetched_at": "2025-07-12T15:39:33.408687+00:00", "symbol": "BTC-USD"}, {"trade_id": 847997857, "side": "sell", "size": "0.00853468", "price": "117168.90000000", "time": "2025-07-12T15:38:48.003712Z", "fetched_at": "2025-07-12T15:39:33.408687+00:00", "symbol": "BTC-USD"}, {"trade_id": 847997856, "side": "sell", "size": "0.00410610", "price": "117165.10000000", "time": "2025-07-12T15:38:48.003712Z", "fetched_at": "2025-07-12T15:39:33.408687+00:00", "symbol": "BTC-USD"}, {"trade_id": 847997855, "side": "sell", "size": "0.01490637", "price": "117165.10000000", "time": "2025-07-12T15:38:48.003400Z", "fetched_at": "2025-07-12T15:39:33.408687+00:00", "symbol": "BTC-USD"}, {"trade_id": 847997854, "side": "sell", "size": "0.01355890", "price": "117165.10000000", "time": "2025-07-12T15:38:48.003309Z", "fetched_at": "2025-07-12T15:39:33.408687+00:00", "symbol": "BTC-USD"}, {"trade_id": 847997853, "side": "sell", "size": "0.01742863", "price": "117165.10000000", "time": "2025-07-12T15:38:48.000564Z", "fetched_at": "2025-07-12T15:39:33.408687+00:00", "symbol": "BTC-USD"}, {"trade_id": 847997852, "side": "sell", "size": "0.01811119", "price": "117165.07000000", "time": "2025-07-12T15:38:48.000564Z", "fetched_at": "2025-07-12T15:39:33.408687+00:00", "symbol": "BTC-USD"}, {"trade_id": 847997851, "side": "sell", "size": "0.00024600", "price": "117165.05000000", "time": "2025-07-12T15:38:48.000564Z", "fetched_at": "2025-07-12T15:39:33.408687+00:00", "symbol": "BTC-USD"}, {"trade_id": 847997850, "side": "sell", "size": "0.02134800", "price": "117165.05000000", "time": "2025-07-12T15:38:48.000564Z", "fetched_at": "2025-07-12T15:39:33.408687+00:00", "symbol": "BTC-USD"}, {"trade_id": 847997849, "side": "sell", "size": "0.00207300", "price": "117165.05000000", "time": "2025-07-12T15:38:48.000564Z", "fetched_at": "2025-07-12T15:39:33.408687+00:00", "symbol": "BTC-USD"}, {"trade_id": 847997848, "side": "sell", "size": "0.00020800", "price": "117165.05000000", "time": "2025-07-12T15:38:48.000564Z", "fetched_at": "2025-07-12T15:39:33.408687+00:00", "symbol": "BTC-USD"}, {"trade_id": 847997847, "side": "sell", "size": "0.00069400", "price": "117165.05000000", "time": "2025-07-12T15:38:48.000564Z", "fetched_at": "2025-07-12T15:39:33.408687+00:00", "symbol": "BTC-USD"}, {"trade_id": 847997846, "side": "sell", "size": "0.01962000", "price": "117165.05000000", "time": "2025-07-12T15:38:48.000564Z", "fetched_at": "2025-07-12T15:39:33.408687+00:00", "symbol": "BTC-USD"}, {"trade_id": 847997845, "side": "sell", "size": "0.00012400", "price": "117165.05000000", "time": "2025-07-12T15:38:48.000564Z", "fetched_at": "2025-07-12T15:39:33.408687+00:00", "symbol": "BTC-USD"}, {"trade_id": 847997844, "side": "sell", "size": "0.00021100", "price": "117165.05000000", "time": "2025-07-12T15:38:48.000564Z", "fetched_at": "2025-07-12T15:39:33.408687+00:00", "symbol": "BTC-USD"}, {"trade_id": 847997843, "side": "sell", "size": "0.00060200", "price": "117165.05000000", "time": "2025-07-12T15:38:48.000564Z", "fetched_at": "2025-07-12T15:39:33.408687+00:00", "symbol": "BTC-USD"}, {"trade_id": 847997842, "side": "sell", "size": "0.00020800", "price": "117165.05000000", "time": "2025-07-12T15:38:48.000564Z", "fetched_at": "2025-07-12T15:39:33.408687+00:00", "symbol": "BTC-USD"}, {"trade_id": 847997841, "side": "sell", "size": "0.00466579", "price": "117165.05000000", "time": "2025-07-12T15:38:48.000564Z", "fetched_at": "2025-07-12T15:39:33.408687+00:00", "symbol": "BTC-USD"}, {"trade_id": 847997840, "side": "buy", "size": "0.00172406", "price": "117165.04000000", "time": "2025-07-12T15:38:47.148423Z", "fetched_at": "2025-07-12T15:39:33.408687+00:00", "symbol": "BTC-USD"}, {"trade_id": 847997839, "side": "buy", "size": "0.00007792", "price": "117165.04000000", "time": "2025-07-12T15:38:46.508379Z", "fetched_at": "2025-07-12T15:39:33.408687+00:00", "symbol": "BTC-USD"}, {"trade_id": 847997838, "side": "buy", "size": "0.00002208", "price": "117165.04000000", "time": "2025-07-12T15:38:46.508379Z", "fetched_at": "2025-07-12T15:39:33.408687+00:00", "symbol": "BTC-USD"}, {"trade_id": 847997837, "side": "sell", "size": "0.00024552", "price": "117165.05000000", "time": "2025-07-12T15:38:46.015159Z", "fetched_at": "2025-07-12T15:39:33.408687+00:00", "symbol": "BTC-USD"}, {"trade_id": 847997836, "side": "sell", "size": "0.00006614", "price": "117165.05000000", "time": "2025-07-12T15:38:45.519692Z", "fetched_at": "2025-07-12T15:39:33.408687+00:00", "symbol": "BTC-USD"}, {"trade_id": 847997835, "side": "sell", "size": "0.00003755", "price": "117165.05000000", "time": "2025-07-12T15:38:45.350025Z", "fetched_at": "2025-07-12T15:39:33.408687+00:00", "symbol": "BTC-USD"}, {"trade_id": 847997834, "side": "sell", "size": "0.00165900", "price": "117165.05000000", "time": "2025-07-12T15:38:45.350025Z", "fetched_at": "2025-07-12T15:39:33.408687+00:00", "symbol": "BTC-USD"}, {"trade_id": 847997833, "side": "sell", "size": "0.00269500", "price": "117165.05000000", "time": "2025-07-12T15:38:45.350025Z", "fetched_at": "2025-07-12T15:39:33.408687+00:00", "symbol": "BTC-USD"}, {"trade_id": 847997832, "side": "sell", "size": "0.01689055", "price": "117165.05000000", "time": "2025-07-12T15:38:45.350025Z", "fetched_at": "2025-07-12T15:39:33.408687+00:00", "symbol": "BTC-USD"}, {"trade_id": 847997831, "side": "buy", "size": "0.00800000", "price": "117165.04000000", "time": "2025-07-12T15:38:44.104879Z", "fetched_at": "2025-07-12T15:39:33.408687+00:00", "symbol": "BTC-USD"}, {"trade_id": 847997830, "side": "sell", "size": "0.00207323", "price": "117165.05000000", "time": "2025-07-12T15:38:43.137105Z", "fetched_at": "2025-07-12T15:39:33.408687+00:00", "symbol": "BTC-USD"}, {"trade_id": 847997829, "side": "sell", "size": "0.00020734", "price": "117165.05000000", "time": "2025-07-12T15:38:42.791676Z", "fetched_at": "2025-07-12T15:39:33.408687+00:00", "symbol": "BTC-USD"}, {"trade_id": 847997828, "side": "sell", "size": "0.00016186", "price": "117165.05000000", "time": "2025-07-12T15:38:42.478273Z", "fetched_at": "2025-07-12T15:39:33.408687+00:00", "symbol": "BTC-USD"}, {"trade_id": 847997827, "side": "sell", "size": "0.00053232", "price": "117165.05000000", "time": "2025-07-12T15:38:42.400338Z", "fetched_at": "2025-07-12T15:39:33.408687+00:00", "symbol": "BTC-USD"}, {"trade_id": 847997826, "side": "sell", "size": "0.01942666", "price": "117165.05000000", "time": "2025-07-12T15:38:41.998524Z", "fetched_at": "2025-07-12T15:39:33.408687+00:00", "symbol": "BTC-USD"}, {"trade_id": 847997825, "side": "sell", "size": "0.00019356", "price": "117165.05000000", "time": "2025-07-12T15:38:41.882721Z", "fetched_at": "2025-07-12T15:39:33.408687+00:00", "symbol": "BTC-USD"}, {"trade_id": 847997824, "side": "buy", "size": "0.00005102", "price": "117165.04000000", "time": "2025-07-12T15:38:41.871861Z", "fetched_at": "2025-07-12T15:39:33.408687+00:00", "symbol": "BTC-USD"}, {"trade_id": 847997823, "side": "sell", "size": "0.00012437", "price": "117165.05000000", "time": "2025-07-12T15:38:41.592773Z", "fetched_at": "2025-07-12T15:39:33.408687+00:00", "symbol": "BTC-USD"}, {"trade_id": 847997822, "side": "buy", "size": "0.00013905", "price": "117165.04000000", "time": "2025-07-12T15:38:41.558479Z", "fetched_at": "2025-07-12T15:39:33.408687+00:00", "symbol": "BTC-USD"}, {"trade_id": 847997821, "side": "sell", "size": "0.00021014", "price": "117165.05000000", "time": "2025-07-12T15:38:41.066400Z", "fetched_at": "2025-07-12T15:39:33.408687+00:00", "symbol": "BTC-USD"}, {"trade_id": 847997820, "side": "buy", "size": "0.00574743", "price": "117165.04000000", "time": "2025-07-12T15:38:40.848672Z", "fetched_at": "2025-07-12T15:39:33.408687+00:00", "symbol": "BTC-USD"}, {"trade_id": 847997819, "side": "buy", "size": "0.00006307", "price": "117165.04000000", "time": "2025-07-12T15:38:40.848672Z", "fetched_at": "2025-07-12T15:39:33.408687+00:00", "symbol": "BTC-USD"}, {"trade_id": 847997818, "side": "buy", "size": "0.00006690", "price": "117165.04000000", "time": "2025-07-12T15:38:40.848672Z", "fetched_at": "2025-07-12T15:39:33.408687+00:00", "symbol": "BTC-USD"}, {"trade_id": 847997817, "side": "sell", "size": "0.00004013", "price": "117165.05000000", "time": "2025-07-12T15:38:40.818027Z", "fetched_at": "2025-07-12T15:39:33.408687+00:00", "symbol": "BTC-USD"}, {"trade_id": 847997816, "side": "sell", "size": "0.00004013", "price": "117165.05000000", "time": "2025-07-12T15:38:40.636133Z", "fetched_at": "2025-07-12T15:39:33.408687+00:00", "symbol": "BTC-USD"}, {"trade_id": 847997815, "side": "sell", "size": "0.00042245", "price": "117165.05000000", "time": "2025-07-12T15:38:40.557394Z", "fetched_at": "2025-07-12T15:39:33.408687+00:00", "symbol": "BTC-USD"}, {"trade_id": 847997814, "side": "sell", "size": "0.00010000", "price": "117165.05000000", "time": "2025-07-12T15:38:40.408903Z", "fetched_at": "2025-07-12T15:39:33.408687+00:00", "symbol": "BTC-USD"}, {"trade_id": 847997813, "side": "buy", "size": "0.02397382", "price": "117165.02000000", "time": "2025-07-12T15:38:40.186813Z", "fetched_at": "2025-07-12T15:39:33.408687+00:00", "symbol": "BTC-USD"}, {"trade_id": 847997812, "side": "buy", "size": "0.00007231", "price": "117165.04000000", "time": "2025-07-12T15:38:40.186813Z", "fetched_at": "2025-07-12T15:39:33.408687+00:00", "symbol": "BTC-USD"}, {"trade_id": 847997811, "side": "buy", "size": "0.00682632", "price": "117165.04000000", "time": "2025-07-12T15:38:40.186813Z", "fetched_at": "2025-07-12T15:39:33.408687+00:00", "symbol": "BTC-USD"}, {"trade_id": 847997810, "side": "buy", "size": "0.00012281", "price": "117165.04000000", "time": "2025-07-12T15:38:40.186813Z", "fetched_at": "2025-07-12T15:39:33.408687+00:00", "symbol": "BTC-USD"}, {"trade_id": 847997809, "side": "buy", "size": "0.00036777", "price": "117165.04000000", "time": "2025-07-12T15:38:40.186813Z", "fetched_at": "2025-07-12T15:39:33.408687+00:00", "symbol": "BTC-USD"}, {"trade_id": 847997808, "side": "buy", "size": "0.00110212", "price": "117165.04000000", "time": "2025-07-12T15:38:40.186813Z", "fetched_at": "2025-07-12T15:39:33.408687+00:00", "symbol": "BTC-USD"}, {"trade_id": 847997807, "side": "buy", "size": "0.00330038", "price": "117165.04000000", "time": "2025-07-12T15:38:40.186813Z", "fetched_at": "2025-07-12T15:39:33.408687+00:00", "symbol": "BTC-USD"}, {"trade_id": 847997806, "side": "sell", "size": "0.00020734", "price": "117165.05000000", "time": "2025-07-12T15:38:40.034314Z", "fetched_at": "2025-07-12T15:39:33.408687+00:00", "symbol": "BTC-USD"}, {"trade_id": 847997805, "side": "sell", "size": "0.00102000", "price": "117165.05000000", "time": "2025-07-12T15:38:38.698008Z", "fetched_at": "2025-07-12T15:39:33.408687+00:00", "symbol": "BTC-USD"}, {"trade_id": 847997804, "side": "sell", "size": "0.00002028", "price": "117165.05000000", "time": "2025-07-12T15:38:38.669753Z", "fetched_at": "2025-07-12T15:39:33.408687+00:00", "symbol": "BTC-USD"}, {"trade_id": 847997803, "side": "sell", "size": "0.00353844", "price": "117165.05000000", "time": "2025-07-12T15:38:38.639884Z", "fetched_at": "2025-07-12T15:39:33.408687+00:00", "symbol": "BTC-USD"}, {"trade_id": 847997802, "side": "sell", "size": "0.00043709", "price": "117165.05000000", "time": "2025-07-12T15:38:38.441625Z", "fetched_at": "2025-07-12T15:39:33.408687+00:00", "symbol": "BTC-USD"}, {"trade_id": 847997801, "side": "sell", "size": "0.00000009", "price": "117165.05000000", "time": "2025-07-12T15:38:38.423399Z", "fetched_at": "2025-07-12T15:39:33.408687+00:00", "symbol": "BTC-USD"}, {"trade_id": 847997800, "side": "sell", "size": "0.00165862", "price": "117165.05000000", "time": "2025-07-12T15:38:37.785449Z", "fetched_at": "2025-07-12T15:39:33.408687+00:00", "symbol": "BTC-USD"}, {"trade_id": 847997799, "side": "sell", "size": "0.00041468", "price": "117165.05000000", "time": "2025-07-12T15:38:35.507148Z", "fetched_at": "2025-07-12T15:39:33.408687+00:00", "symbol": "BTC-USD"}, {"trade_id": 847997798, "side": "sell", "size": "0.00228072", "price": "117165.05000000", "time": "2025-07-12T15:38:35.501234Z", "fetched_at": "2025-07-12T15:39:33.408687+00:00", "symbol": "BTC-USD"}, {"trade_id": 847997797, "side": "buy", "size": "0.00853392", "price": "117165.04000000", "time": "2025-07-12T15:38:35.298687Z", "fetched_at": "2025-07-12T15:39:33.408687+00:00", "symbol": "BTC-USD"}, {"trade_id": 847997796, "side": "sell", "size": "0.00168952", "price": "117165.01000000", "time": "2025-07-12T15:38:34.909674Z", "fetched_at": "2025-07-12T15:39:33.408687+00:00", "symbol": "BTC-USD"}, {"trade_id": 847997795, "side": "sell", "size": "0.00006614", "price": "117165.01000000", "time": "2025-07-12T15:38:34.733245Z", "fetched_at": "2025-07-12T15:39:33.408687+00:00", "symbol": "BTC-USD"}, {"trade_id": 847997794, "side": "sell", "size": "0.00002921", "price": "117165.01000000", "time": "2025-07-12T15:38:33.257889Z", "fetched_at": "2025-07-12T15:39:33.408687+00:00", "symbol": "BTC-USD"}, {"trade_id": 847997793, "side": "sell", "size": "0.00029571", "price": "117165.01000000", "time": "2025-07-12T15:38:32.942029Z", "fetched_at": "2025-07-12T15:39:33.408687+00:00", "symbol": "BTC-USD"}, {"trade_id": 847997792, "side": "buy", "size": "0.00001000", "price": "117170.70000000", "time": "2025-07-12T15:38:32.760713Z", "fetched_at": "2025-07-12T15:39:33.408687+00:00", "symbol": "BTC-USD"}, {"trade_id": 847997791, "side": "buy", "size": "0.00878568", "price": "117171.96000000", "time": "2025-07-12T15:38:32.753452Z", "fetched_at": "2025-07-12T15:39:33.408687+00:00", "symbol": "BTC-USD"}, {"trade_id": 847997790, "side": "buy", "size": "0.00000349", "price": "117173.64000000", "time": "2025-07-12T15:38:32.743904Z", "fetched_at": "2025-07-12T15:39:33.408687+00:00", "symbol": "BTC-USD"}, {"trade_id": 847997789, "side": "buy", "size": "0.00000128", "price": "117173.64000000", "time": "2025-07-12T15:38:32.743904Z", "fetched_at": "2025-07-12T15:39:33.408687+00:00", "symbol": "BTC-USD"}, {"trade_id": 847997788, "side": "buy", "size": "0.00296647", "price": "117173.67000000", "time": "2025-07-12T15:38:32.743904Z", "fetched_at": "2025-07-12T15:39:33.408687+00:00", "symbol": "BTC-USD"}, {"trade_id": 847997787, "side": "buy", "size": "0.00110767", "price": "117173.69000000", "time": "2025-07-12T15:38:32.743904Z", "fetched_at": "2025-07-12T15:39:33.408687+00:00", "symbol": "BTC-USD"}, {"trade_id": 847997786, "side": "buy", "size": "0.04900000", "price": "117173.69000000", "time": "2025-07-12T15:38:32.743904Z", "fetched_at": "2025-07-12T15:39:33.408687+00:00", "symbol": "BTC-USD"}, {"trade_id": 847997785, "side": "buy", "size": "0.00332139", "price": "117173.69000000", "time": "2025-07-12T15:38:32.743904Z", "fetched_at": "2025-07-12T15:39:33.408687+00:00", "symbol": "BTC-USD"}, {"trade_id": 847997784, "side": "buy", "size": "0.00006554", "price": "117173.69000000", "time": "2025-07-12T15:38:32.743904Z", "fetched_at": "2025-07-12T15:39:33.408687+00:00", "symbol": "BTC-USD"}, {"trade_id": 847997783, "side": "buy", "size": "0.00012519", "price": "117173.69000000", "time": "2025-07-12T15:38:32.743904Z", "fetched_at": "2025-07-12T15:39:33.408687+00:00", "symbol": "BTC-USD"}, {"trade_id": 847997782, "side": "sell", "size": "0.00422429", "price": "117173.70000000", "time": "2025-07-12T15:38:31.918532Z", "fetched_at": "2025-07-12T15:39:33.408687+00:00", "symbol": "BTC-USD"}, {"trade_id": 847997781, "side": "sell", "size": "0.00016583", "price": "117173.70000000", "time": "2025-07-12T15:38:31.633067Z", "fetched_at": "2025-07-12T15:39:33.408687+00:00", "symbol": "BTC-USD"}, {"trade_id": 847997780, "side": "sell", "size": "0.01618490", "price": "117173.70000000", "time": "2025-07-12T15:38:30.569430Z", "fetched_at": "2025-07-12T15:39:33.408687+00:00", "symbol": "BTC-USD"}, {"trade_id": 847997779, "side": "sell", "size": "0.00389000", "price": "117173.70000000", "time": "2025-07-12T15:38:30.544522Z", "fetched_at": "2025-07-12T15:39:33.408687+00:00", "symbol": "BTC-USD"}, {"trade_id": 847997778, "side": "sell", "size": "0.00128551", "price": "117173.70000000", "time": "2025-07-12T15:38:30.471138Z", "fetched_at": "2025-07-12T15:39:33.408687+00:00", "symbol": "BTC-USD"}, {"trade_id": 847997777, "side": "sell", "size": "0.00017000", "price": "117173.70000000", "time": "2025-07-12T15:38:30.081288Z", "fetched_at": "2025-07-12T15:39:33.408687+00:00", "symbol": "BTC-USD"}, {"trade_id": 847997776, "side": "sell", "size": "0.00030000", "price": "117173.70000000", "time": "2025-07-12T15:38:29.895341Z", "fetched_at": "2025-07-12T15:39:33.408687+00:00", "symbol": "BTC-USD"}, {"trade_id": 847997775, "side": "sell", "size": "0.00791000", "price": "117173.70000000", "time": "2025-07-12T15:38:29.895308Z", "fetched_at": "2025-07-12T15:39:33.408687+00:00", "symbol": "BTC-USD"}, {"trade_id": 847997774, "side": "sell", "size": "0.01179033", "price": "117173.70000000", "time": "2025-07-12T15:38:29.511171Z", "fetched_at": "2025-07-12T15:39:33.408687+00:00", "symbol": "BTC-USD"}, {"trade_id": 847997773, "side": "buy", "size": "0.00033282", "price": "117173.67000000", "time": "2025-07-12T15:38:29.336478Z", "fetched_at": "2025-07-12T15:39:33.408687+00:00", "symbol": "BTC-USD"}, {"trade_id": 847997772, "side": "buy", "size": "0.00009387", "price": "117173.69000000", "time": "2025-07-12T15:38:29.336478Z", "fetched_at": "2025-07-12T15:39:33.408687+00:00", "symbol": "BTC-USD"}, {"trade_id": 847997771, "side": "buy", "size": "0.04400000", "price": "117179.49000000", "time": "2025-07-12T15:38:28.750011Z", "fetched_at": "2025-07-12T15:39:33.408687+00:00", "symbol": "BTC-USD"}, {"trade_id": 847997770, "side": "buy", "size": "0.00037131", "price": "117179.49000000", "time": "2025-07-12T15:38:28.750011Z", "fetched_at": "2025-07-12T15:39:33.408687+00:00", "symbol": "BTC-USD"}, {"trade_id": 847997769, "side": "buy", "size": "0.00000119", "price": "117179.49000000", "time": "2025-07-12T15:38:28.750011Z", "fetched_at": "2025-07-12T15:39:33.408687+00:00", "symbol": "BTC-USD"}, {"trade_id": 847997768, "side": "buy", "size": "0.00009387", "price": "117179.49000000", "time": "2025-07-12T15:38:28.750011Z", "fetched_at": "2025-07-12T15:39:33.408687+00:00", "symbol": "BTC-USD"}, {"trade_id": 847997767, "side": "buy", "size": "0.00110736", "price": "117179.49000000", "time": "2025-07-12T15:38:28.750011Z", "fetched_at": "2025-07-12T15:39:33.408687+00:00", "symbol": "BTC-USD"}, {"trade_id": 847997766, "side": "buy", "size": "0.00332097", "price": "117179.49000000", "time": "2025-07-12T15:38:28.750011Z", "fetched_at": "2025-07-12T15:39:33.408687+00:00", "symbol": "BTC-USD"}, {"trade_id": 847997765, "side": "sell", "size": "0.00031663", "price": "117179.50000000", "time": "2025-07-12T15:38:28.206886Z", "fetched_at": "2025-07-12T15:39:33.408687+00:00", "symbol": "BTC-USD"}, {"trade_id": 847997764, "side": "buy", "size": "0.00007235", "price": "117179.49000000", "time": "2025-07-12T15:38:28.040647Z", "fetched_at": "2025-07-12T15:39:33.408687+00:00", "symbol": "BTC-USD"}, {"trade_id": 847997763, "side": "buy", "size": "0.00001000", "price": "117179.49000000", "time": "2025-07-12T15:38:28.040647Z", "fetched_at": "2025-07-12T15:39:33.408687+00:00", "symbol": "BTC-USD"}, {"trade_id": 847997762, "side": "buy", "size": "0.00110127", "price": "117191.07000000", "time": "2025-07-12T15:38:26.278652Z", "fetched_at": "2025-07-12T15:39:33.408687+00:00", "symbol": "BTC-USD"}, {"trade_id": 847997761, "side": "buy", "size": "0.00009386", "price": "117191.09000000", "time": "2025-07-12T15:38:26.278652Z", "fetched_at": "2025-07-12T15:39:33.408687+00:00", "symbol": "BTC-USD"}, {"trade_id": 847997760, "side": "buy", "size": "0.00006280", "price": "117191.09000000", "time": "2025-07-12T15:38:26.278652Z", "fetched_at": "2025-07-12T15:39:33.408687+00:00", "symbol": "BTC-USD"}, {"trade_id": 847997759, "side": "buy", "size": "0.04600000", "price": "117191.09000000", "time": "2025-07-12T15:38:26.278652Z", "fetched_at": "2025-07-12T15:39:33.408687+00:00", "symbol": "BTC-USD"}, {"trade_id": 847997758, "side": "buy", "size": "0.03476790", "price": "117191.09000000", "time": "2025-07-12T15:38:26.278652Z", "fetched_at": "2025-07-12T15:39:33.408687+00:00", "symbol": "BTC-USD"}, {"trade_id": 847997757, "side": "buy", "size": "0.00023210", "price": "117191.09000000", "time": "2025-07-12T15:38:25.971882Z", "fetched_at": "2025-07-12T15:39:33.408687+00:00", "symbol": "BTC-USD"}, {"trade_id": 847997756, "side": "buy", "size": "0.00042344", "price": "117192.84000000", "time": "2025-07-12T15:38:25.208740Z", "fetched_at": "2025-07-12T15:39:33.408687+00:00", "symbol": "BTC-USD"}, {"trade_id": 847997755, "side": "buy", "size": "0.00003842", "price": "117192.86000000", "time": "2025-07-12T15:38:25.208740Z", "fetched_at": "2025-07-12T15:39:33.408687+00:00", "symbol": "BTC-USD"}, {"trade_id": 847997754, "side": "buy", "size": "0.00012253", "price": "117192.86000000", "time": "2025-07-12T15:38:25.208740Z", "fetched_at": "2025-07-12T15:39:33.408687+00:00", "symbol": "BTC-USD"}, {"trade_id": 847997753, "side": "sell", "size": "0.00004046", "price": "117192.87000000", "time": "2025-07-12T15:38:24.941211Z", "fetched_at": "2025-07-12T15:39:33.408687+00:00", "symbol": "BTC-USD"}, {"trade_id": 847997752, "side": "sell", "size": "0.00042084", "price": "117192.87000000", "time": "2025-07-12T15:38:24.536063Z", "fetched_at": "2025-07-12T15:39:33.408687+00:00", "symbol": "BTC-USD"}, {"trade_id": 847997751, "side": "buy", "size": "0.01013467", "price": "117192.86000000", "time": "2025-07-12T15:38:24.339085Z", "fetched_at": "2025-07-12T15:39:33.408687+00:00", "symbol": "BTC-USD"}, {"trade_id": 847997750, "side": "buy", "size": "0.00002686", "price": "117197.36000000", "time": "2025-07-12T15:38:23.567686Z", "fetched_at": "2025-07-12T15:39:33.408687+00:00", "symbol": "BTC-USD"}, {"trade_id": 847997749, "side": "buy", "size": "0.00036721", "price": "117205.88000000", "time": "2025-07-12T15:38:23.543096Z", "fetched_at": "2025-07-12T15:39:33.408687+00:00", "symbol": "BTC-USD"}, {"trade_id": 847997748, "side": "buy", "size": "0.00000162", "price": "117205.88000000", "time": "2025-07-12T15:38:23.543096Z", "fetched_at": "2025-07-12T15:39:33.408687+00:00", "symbol": "BTC-USD"}, {"trade_id": 847997747, "side": "buy", "size": "0.03200000", "price": "117205.88000000", "time": "2025-07-12T15:38:23.543096Z", "fetched_at": "2025-07-12T15:39:33.408687+00:00", "symbol": "BTC-USD"}, {"trade_id": 847997746, "side": "buy", "size": "0.00172393", "price": "117205.85000000", "time": "2025-07-12T15:38:23.268477Z", "fetched_at": "2025-07-12T15:39:33.408687+00:00", "symbol": "BTC-USD"}, {"trade_id": 847997745, "side": "sell", "size": "0.00001013", "price": "117208.48000000", "time": "2025-07-12T15:38:23.081526Z", "fetched_at": "2025-07-12T15:39:33.408687+00:00", "symbol": "BTC-USD"}, {"trade_id": 847997744, "side": "sell", "size": "0.00004599", "price": "117205.86000000", "time": "2025-07-12T15:38:23.081526Z", "fetched_at": "2025-07-12T15:39:33.408687+00:00", "symbol": "BTC-USD"}, {"trade_id": 847997743, "side": "sell", "size": "0.00001000", "price": "117205.86000000", "time": "2025-07-12T15:38:23.081526Z", "fetched_at": "2025-07-12T15:39:33.408687+00:00", "symbol": "BTC-USD"}, {"trade_id": 847997742, "side": "sell", "size": "0.00001000", "price": "117197.07000000", "time": "2025-07-12T15:38:22.662526Z", "fetched_at": "2025-07-12T15:39:33.408687+00:00", "symbol": "BTC-USD"}, {"trade_id": 847997741, "side": "sell", "size": "0.00000001", "price": "117191.08000000", "time": "2025-07-12T15:38:22.662526Z", "fetched_at": "2025-07-12T15:39:33.408687+00:00", "symbol": "BTC-USD"}, {"trade_id": 847997740, "side": "sell", "size": "0.00003320", "price": "117173.68000000", "time": "2025-07-12T15:38:22.406032Z", "fetched_at": "2025-07-12T15:39:33.408687+00:00", "symbol": "BTC-USD"}, {"trade_id": 847997739, "side": "sell", "size": "0.00000033", "price": "117173.68000000", "time": "2025-07-12T15:38:22.406032Z", "fetched_at": "2025-07-12T15:39:33.408687+00:00", "symbol": "BTC-USD"}, {"trade_id": 847997738, "side": "sell", "size": "0.00000811", "price": "117173.68000000", "time": "2025-07-12T15:38:20.929114Z", "fetched_at": "2025-07-12T15:39:33.408687+00:00", "symbol": "BTC-USD"}, {"trade_id": 847997737, "side": "sell", "size": "0.00042747", "price": "117173.67000000", "time": "2025-07-12T15:38:19.799393Z", "fetched_at": "2025-07-12T15:39:33.408687+00:00", "symbol": "BTC-USD"}, {"trade_id": 847997736, "side": "sell", "size": "0.00607841", "price": "117173.67000000", "time": "2025-07-12T15:38:19.773668Z", "fetched_at": "2025-07-12T15:39:33.408687+00:00", "symbol": "BTC-USD"}, {"trade_id": 847997735, "side": "sell", "size": "0.00042153", "price": "117173.67000000", "time": "2025-07-12T15:38:19.526219Z", "fetched_at": "2025-07-12T15:39:33.408687+00:00", "symbol": "BTC-USD"}, {"trade_id": 847997734, "side": "sell", "size": "0.00168638", "price": "117173.67000000", "time": "2025-07-12T15:38:19.160640Z", "fetched_at": "2025-07-12T15:39:33.408687+00:00", "symbol": "BTC-USD"}, {"trade_id": 847997733, "side": "sell", "size": "0.00414615", "price": "117173.65000000", "time": "2025-07-12T15:38:19.054680Z", "fetched_at": "2025-07-12T15:39:33.408687+00:00", "symbol": "BTC-USD"}, {"trade_id": 847997732, "side": "buy", "size": "0.00749294", "price": "117173.65000000", "time": "2025-07-12T15:38:18.304798Z", "fetched_at": "2025-07-12T15:39:33.408687+00:00", "symbol": "BTC-USD"}, {"trade_id": 847997731, "side": "buy", "size": "0.00004875", "price": "117173.67000000", "time": "2025-07-12T15:38:18.304798Z", "fetched_at": "2025-07-12T15:39:33.408687+00:00", "symbol": "BTC-USD"}, {"trade_id": 847997730, "side": "buy", "size": "0.00000358", "price": "117173.67000000", "time": "2025-07-12T15:38:18.304798Z", "fetched_at": "2025-07-12T15:39:33.408687+00:00", "symbol": "BTC-USD"}, {"trade_id": 847997729, "side": "buy", "size": "0.00247837", "price": "117173.67000000", "time": "2025-07-12T15:38:18.304798Z", "fetched_at": "2025-07-12T15:39:33.408687+00:00", "symbol": "BTC-USD"}, {"trade_id": 847997728, "side": "buy", "size": "0.00295259", "price": "117173.67000000", "time": "2025-07-12T15:38:17.239771Z", "fetched_at": "2025-07-12T15:39:33.408687+00:00", "symbol": "BTC-USD"}, {"trade_id": 847997727, "side": "buy", "size": "0.00004741", "price": "117173.67000000", "time": "2025-07-12T15:38:17.239771Z", "fetched_at": "2025-07-12T15:39:33.408687+00:00", "symbol": "BTC-USD"}, {"trade_id": 847997726, "side": "buy", "size": "0.00194733", "price": "117173.65000000", "time": "2025-07-12T15:38:17.125227Z", "fetched_at": "2025-07-12T15:39:33.408687+00:00", "symbol": "BTC-USD"}, {"trade_id": 847997725, "side": "buy", "size": "0.00005267", "price": "117173.67000000", "time": "2025-07-12T15:38:17.125227Z", "fetched_at": "2025-07-12T15:39:33.408687+00:00", "symbol": "BTC-USD"}, {"trade_id": 847997724, "side": "buy", "size": "0.00193750", "price": "117173.65000000", "time": "2025-07-12T15:38:17.097014Z", "fetched_at": "2025-07-12T15:39:33.408687+00:00", "symbol": "BTC-USD"}, {"trade_id": 847997723, "side": "buy", "size": "0.00005182", "price": "117179.49000000", "time": "2025-07-12T15:38:17.097014Z", "fetched_at": "2025-07-12T15:39:33.408687+00:00", "symbol": "BTC-USD"}, {"trade_id": 847997722, "side": "buy", "size": "0.00000068", "price": "117179.49000000", "time": "2025-07-12T15:38:17.097014Z", "fetched_at": "2025-07-12T15:39:33.408687+00:00", "symbol": "BTC-USD"}, {"trade_id": 847997721, "side": "buy", "size": "0.00001000", "price": "117179.49000000", "time": "2025-07-12T15:38:17.097014Z", "fetched_at": "2025-07-12T15:39:33.408687+00:00", "symbol": "BTC-USD"}, {"trade_id": 847997720, "side": "buy", "size": "0.00494963", "price": "117182.34000000", "time": "2025-07-12T15:38:16.546533Z", "fetched_at": "2025-07-12T15:39:33.408687+00:00", "symbol": "BTC-USD"}, {"trade_id": 847997719, "side": "buy", "size": "0.00000699", "price": "117182.34000000", "time": "2025-07-12T15:38:16.546533Z", "fetched_at": "2025-07-12T15:39:33.408687+00:00", "symbol": "BTC-USD"}, {"trade_id": 847997718, "side": "buy", "size": "0.00000238", "price": "117182.34000000", "time": "2025-07-12T15:38:16.546533Z", "fetched_at": "2025-07-12T15:39:33.408687+00:00", "symbol": "BTC-USD"}, {"trade_id": 847997717, "side": "buy", "size": "0.04500000", "price": "117182.34000000", "time": "2025-07-12T15:38:16.546533Z", "fetched_at": "2025-07-12T15:39:33.408687+00:00", "symbol": "BTC-USD"}, {"trade_id": 847997716, "side": "sell", "size": "0.00128776", "price": "117182.35000000", "time": "2025-07-12T15:38:15.756255Z", "fetched_at": "2025-07-12T15:39:33.408687+00:00", "symbol": "BTC-USD"}, {"trade_id": 847997715, "side": "sell", "size": "0.00319398", "price": "117182.35000000", "time": "2025-07-12T15:38:15.756255Z", "fetched_at": "2025-07-12T15:39:33.408687+00:00", "symbol": "BTC-USD"}, {"trade_id": 847997714, "side": "sell", "size": "0.00846612", "price": "117182.35000000", "time": "2025-07-12T15:38:15.756255Z", "fetched_at": "2025-07-12T15:39:33.408687+00:00", "symbol": "BTC-USD"}, {"trade_id": 847997713, "side": "sell", "size": "0.00006758", "price": "117182.35000000", "time": "2025-07-12T15:38:14.904796Z", "fetched_at": "2025-07-12T15:39:33.408687+00:00", "symbol": "BTC-USD"}, {"trade_id": 847997712, "side": "buy", "size": "0.01152424", "price": "117183.31000000", "time": "2025-07-12T15:38:14.481234Z", "fetched_at": "2025-07-12T15:39:33.408687+00:00", "symbol": "BTC-USD"}, {"trade_id": 847997711, "side": "buy", "size": "0.00001000", "price": "117188.28000000", "time": "2025-07-12T15:38:14.481234Z", "fetched_at": "2025-07-12T15:39:33.408687+00:00", "symbol": "BTC-USD"}, {"trade_id": 847997710, "side": "buy", "size": "0.00001058", "price": "117191.04000000", "time": "2025-07-12T15:38:14.481234Z", "fetched_at": "2025-07-12T15:39:33.408687+00:00", "symbol": "BTC-USD"}, {"trade_id": 847997709, "side": "buy", "size": "0.00000477", "price": "117191.04000000", "time": "2025-07-12T15:38:14.481234Z", "fetched_at": "2025-07-12T15:39:33.408687+00:00", "symbol": "BTC-USD"}, {"trade_id": 847997708, "side": "buy", "size": "0.00522574", "price": "117191.04000000", "time": "2025-07-12T15:38:14.481234Z", "fetched_at": "2025-07-12T15:39:33.408687+00:00", "symbol": "BTC-USD"}, {"trade_id": 847997707, "side": "buy", "size": "0.04129000", "price": "117191.04000000", "time": "2025-07-12T15:38:14.481234Z", "fetched_at": "2025-07-12T15:39:33.408687+00:00", "symbol": "BTC-USD"}, {"trade_id": 847997706, "side": "buy", "size": "0.01917576", "price": "117191.85000000", "time": "2025-07-12T15:38:14.481234Z", "fetched_at": "2025-07-12T15:39:33.408687+00:00", "symbol": "BTC-USD"}, {"trade_id": 847997705, "side": "buy", "size": "0.00854121", "price": "117191.85000000", "time": "2025-07-12T15:38:14.003488Z", "fetched_at": "2025-07-12T15:39:33.408687+00:00", "symbol": "BTC-USD"}, {"trade_id": 847997704, "side": "buy", "size": "0.00128303", "price": "117191.85000000", "time": "2025-07-12T15:38:13.903254Z", "fetched_at": "2025-07-12T15:39:33.408687+00:00", "symbol": "BTC-USD"}, {"trade_id": 847997703, "side": "sell", "size": "0.00016895", "price": "117191.87000000", "time": "2025-07-12T15:38:12.994917Z", "fetched_at": "2025-07-12T15:39:33.408687+00:00", "symbol": "BTC-USD"}, {"trade_id": 847997702, "side": "buy", "size": "0.00000783", "price": "117191.88000000", "time": "2025-07-12T15:38:12.594807Z", "fetched_at": "2025-07-12T15:39:33.408687+00:00", "symbol": "BTC-USD"}, {"trade_id": 847997701, "side": "sell", "size": "0.00006613", "price": "117191.89000000", "time": "2025-07-12T15:38:12.317883Z", "fetched_at": "2025-07-12T15:39:33.408687+00:00", "symbol": "BTC-USD"}, {"trade_id": 847997700, "side": "sell", "size": "0.00012137", "price": "117194.63000000", "time": "2025-07-12T15:38:11.107836Z", "fetched_at": "2025-07-12T15:39:33.408687+00:00", "symbol": "BTC-USD"}, {"trade_id": 847997699, "side": "sell", "size": "0.00084477", "price": "117197.59000000", "time": "2025-07-12T15:38:10.942979Z", "fetched_at": "2025-07-12T15:39:33.408687+00:00", "symbol": "BTC-USD"}, {"trade_id": 847997698, "side": "sell", "size": "0.00221628", "price": "117197.58000000", "time": "2025-07-12T15:38:10.886134Z", "fetched_at": "2025-07-12T15:39:33.408687+00:00", "symbol": "BTC-USD"}, {"trade_id": 847997697, "side": "sell", "size": "0.00275684", "price": "117195.00000000", "time": "2025-07-12T15:38:10.886134Z", "fetched_at": "2025-07-12T15:39:33.408687+00:00", "symbol": "BTC-USD"}, {"trade_id": 847997696, "side": "sell", "size": "0.00853280", "price": "117194.72000000", "time": "2025-07-12T15:38:10.886134Z", "fetched_at": "2025-07-12T15:39:33.408687+00:00", "symbol": "BTC-USD"}, {"trade_id": 847997695, "side": "sell", "size": "0.01689553", "price": "117191.08000000", "time": "2025-07-12T15:38:10.886134Z", "fetched_at": "2025-07-12T15:39:33.408687+00:00", "symbol": "BTC-USD"}, {"trade_id": 847997694, "side": "buy", "size": "0.00025430", "price": "117191.07000000", "time": "2025-07-12T15:38:10.866394Z", "fetched_at": "2025-07-12T15:39:33.408687+00:00", "symbol": "BTC-USD"}, {"trade_id": 847997693, "side": "buy", "size": "0.00001800", "price": "117191.07000000", "time": "2025-07-12T15:38:10.492931Z", "fetched_at": "2025-07-12T15:39:33.408687+00:00", "symbol": "BTC-USD"}, {"trade_id": 847997692, "side": "sell", "size": "0.00082916", "price": "117191.08000000", "time": "2025-07-12T15:38:10.346785Z", "fetched_at": "2025-07-12T15:39:33.408687+00:00", "symbol": "BTC-USD"}, {"trade_id": 847997691, "side": "sell", "size": "0.00038249", "price": "117191.08000000", "time": "2025-07-12T15:38:09.491414Z", "fetched_at": "2025-07-12T15:39:33.408687+00:00", "symbol": "BTC-USD"}, {"trade_id": 847997690, "side": "sell", "size": "0.01658159", "price": "117191.07000000", "time": "2025-07-12T15:38:08.170316Z", "fetched_at": "2025-07-12T15:39:33.408687+00:00", "symbol": "BTC-USD"}, {"trade_id": 847997689, "side": "buy", "size": "0.00021537", "price": "117191.06000000", "time": "2025-07-12T15:38:07.255776Z", "fetched_at": "2025-07-12T15:39:33.408687+00:00", "symbol": "BTC-USD"}, {"trade_id": 847997688, "side": "sell", "size": "0.00212435", "price": "117191.05000000", "time": "2025-07-12T15:38:06.358717Z", "fetched_at": "2025-07-12T15:39:33.408687+00:00", "symbol": "BTC-USD"}, {"trade_id": 847997687, "side": "sell", "size": "0.00226491", "price": "117191.05000000", "time": "2025-07-12T15:38:06.358717Z", "fetched_at": "2025-07-12T15:39:33.408687+00:00", "symbol": "BTC-USD"}, {"trade_id": 847997686, "side": "sell", "size": "0.00017182", "price": "117191.05000000", "time": "2025-07-12T15:38:06.358717Z", "fetched_at": "2025-07-12T15:39:33.408687+00:00", "symbol": "BTC-USD"}, {"trade_id": 847997685, "side": "sell", "size": "0.00787543", "price": "117191.05000000", "time": "2025-07-12T15:38:06.358717Z", "fetched_at": "2025-07-12T15:39:33.408687+00:00", "symbol": "BTC-USD"}, {"trade_id": 847997684, "side": "sell", "size": "0.00042554", "price": "117191.05000000", "time": "2025-07-12T15:38:05.917882Z", "fetched_at": "2025-07-12T15:39:33.408687+00:00", "symbol": "BTC-USD"}, {"trade_id": 847997683, "side": "sell", "size": "0.00023210", "price": "117191.05000000", "time": "2025-07-12T15:38:05.714910Z", "fetched_at": "2025-07-12T15:39:33.408687+00:00", "symbol": "BTC-USD"}, {"trade_id": 847997682, "side": "buy", "size": "0.00171000", "price": "117191.04000000", "time": "2025-07-12T15:38:05.428292Z", "fetched_at": "2025-07-12T15:39:33.408687+00:00", "symbol": "BTC-USD"}, {"trade_id": 847997681, "side": "sell", "size": "0.00422306", "price": "117191.05000000", "time": "2025-07-12T15:38:04.661521Z", "fetched_at": "2025-07-12T15:39:33.408687+00:00", "symbol": "BTC-USD"}, {"trade_id": 847997680, "side": "buy", "size": "0.00000119", "price": "117199.74000000", "time": "2025-07-12T15:38:04.315058Z", "fetched_at": "2025-07-12T15:39:33.408687+00:00", "symbol": "BTC-USD"}, {"trade_id": 847997679, "side": "buy", "size": "0.00371272", "price": "117199.74000000", "time": "2025-07-12T15:38:04.315058Z", "fetched_at": "2025-07-12T15:39:33.408687+00:00", "symbol": "BTC-USD"}, {"trade_id": 847997678, "side": "buy", "size": "0.00000349", "price": "117199.74000000", "time": "2025-07-12T15:38:04.315058Z", "fetched_at": "2025-07-12T15:39:33.408687+00:00", "symbol": "BTC-USD"}, {"trade_id": 847997677, "side": "buy", "size": "0.01390156", "price": "117199.74000000", "time": "2025-07-12T15:38:04.315058Z", "fetched_at": "2025-07-12T15:39:33.408687+00:00", "symbol": "BTC-USD"}, {"trade_id": 847997676, "side": "buy", "size": "0.00314540", "price": "117199.74000000", "time": "2025-07-12T15:38:04.311521Z", "fetched_at": "2025-07-12T15:39:33.408687+00:00", "symbol": "BTC-USD"}, {"trade_id": 847997675, "side": "buy", "size": "0.00305407", "price": "117199.74000000", "time": "2025-07-12T15:38:04.307056Z", "fetched_at": "2025-07-12T15:39:33.408687+00:00", "symbol": "BTC-USD"}, {"trade_id": 847997674, "side": "buy", "size": "0.00317796", "price": "117199.74000000", "time": "2025-07-12T15:38:04.303645Z", "fetched_at": "2025-07-12T15:39:33.408687+00:00", "symbol": "BTC-USD"}, {"trade_id": 847997673, "side": "buy", "size": "0.01727117", "price": "117199.74000000", "time": "2025-07-12T15:38:04.299844Z", "fetched_at": "2025-07-12T15:39:33.408687+00:00", "symbol": "BTC-USD"}, {"trade_id": 847997672, "side": "buy", "size": "0.00291772", "price": "117199.74000000", "time": "2025-07-12T15:38:04.296503Z", "fetched_at": "2025-07-12T15:39:33.408687+00:00", "symbol": "BTC-USD"}, {"trade_id": 847997671, "side": "buy", "size": "0.00289449", "price": "117199.74000000", "time": "2025-07-12T15:38:04.292581Z", "fetched_at": "2025-07-12T15:39:33.408687+00:00", "symbol": "BTC-USD"}, {"trade_id": 847997670, "side": "buy", "size": "0.00076521", "price": "117199.74000000", "time": "2025-07-12T15:38:04.289119Z", "fetched_at": "2025-07-12T15:39:33.408687+00:00", "symbol": "BTC-USD"}, {"trade_id": 847997669, "side": "buy", "size": "0.01768201", "price": "117200.00000000", "time": "2025-07-12T15:38:04.275798Z", "fetched_at": "2025-07-12T15:39:33.408687+00:00", "symbol": "BTC-USD"}, {"trade_id": 847997668, "side": "buy", "size": "0.07058831", "price": "117200.00000000", "time": "2025-07-12T15:38:04.219396Z", "fetched_at": "2025-07-12T15:39:33.408687+00:00", "symbol": "BTC-USD"}, {"trade_id": 847997667, "side": "buy", "size": "0.00308061", "price": "117200.00000000", "time": "2025-07-12T15:38:04.215304Z", "fetched_at": "2025-07-12T15:39:33.408687+00:00", "symbol": "BTC-USD"}, {"trade_id": 847997666, "side": "buy", "size": "0.13969049", "price": "117200.00000000", "time": "2025-07-12T15:38:04.211076Z", "fetched_at": "2025-07-12T15:39:33.408687+00:00", "symbol": "BTC-USD"}, {"trade_id": 847997665, "side": "sell", "size": "0.01213870", "price": "117200.01000000", "time": "2025-07-12T15:38:04.002693Z", "fetched_at": "2025-07-12T15:39:33.408687+00:00", "symbol": "BTC-USD"}, {"trade_id": 847997664, "side": "sell", "size": "0.00000009", "price": "117200.01000000", "time": "2025-07-12T15:38:03.964767Z", "fetched_at": "2025-07-12T15:39:33.408687+00:00", "symbol": "BTC-USD"}, {"trade_id": 847997663, "side": "buy", "size": "0.00318906", "price": "117200.00000000", "time": "2025-07-12T15:38:03.878183Z", "fetched_at": "2025-07-12T15:39:33.408687+00:00", "symbol": "BTC-USD"}, {"trade_id": 847997662, "side": "buy", "size": "0.00629362", "price": "117200.00000000", "time": "2025-07-12T15:38:03.874392Z", "fetched_at": "2025-07-12T15:39:33.408687+00:00", "symbol": "BTC-USD"}, {"trade_id": 847997661, "side": "buy", "size": "0.00288391", "price": "117200.00000000", "time": "2025-07-12T15:38:03.870197Z", "fetched_at": "2025-07-12T15:39:33.408687+00:00", "symbol": "BTC-USD"}, {"trade_id": 847997660, "side": "buy", "size": "0.00303021", "price": "117200.00000000", "time": "2025-07-12T15:38:03.866508Z", "fetched_at": "2025-07-12T15:39:33.408687+00:00", "symbol": "BTC-USD"}, {"trade_id": 847997659, "side": "buy", "size": "0.00276760", "price": "117200.00000000", "time": "2025-07-12T15:38:03.863092Z", "fetched_at": "2025-07-12T15:39:33.408687+00:00", "symbol": "BTC-USD"}, {"trade_id": 847997658, "side": "buy", "size": "0.01525153", "price": "117200.00000000", "time": "2025-07-12T15:38:03.859605Z", "fetched_at": "2025-07-12T15:39:33.408687+00:00", "symbol": "BTC-USD"}, {"trade_id": 847997657, "side": "buy", "size": "0.00288065", "price": "117200.00000000", "time": "2025-07-12T15:38:03.856072Z", "fetched_at": "2025-07-12T15:39:33.408687+00:00", "symbol": "BTC-USD"}, {"trade_id": 847997656, "side": "buy", "size": "0.01100976", "price": "117200.00000000", "time": "2025-07-12T15:38:03.852963Z", "fetched_at": "2025-07-12T15:39:33.408687+00:00", "symbol": "BTC-USD"}, {"trade_id": 847997655, "side": "buy", "size": "0.03129550", "price": "117200.00000000", "time": "2025-07-12T15:38:03.849012Z", "fetched_at": "2025-07-12T15:39:33.408687+00:00", "symbol": "BTC-USD"}, {"trade_id": 847997654, "side": "buy", "size": "0.10629093", "price": "117200.00000000", "time": "2025-07-12T15:38:03.847797Z", "fetched_at": "2025-07-12T15:39:33.408687+00:00", "symbol": "BTC-USD"}, {"trade_id": 847997653, "side": "buy", "size": "0.00002745", "price": "117201.12000000", "time": "2025-07-12T15:38:03.842995Z", "fetched_at": "2025-07-12T15:39:33.408687+00:00", "symbol": "BTC-USD"}, {"trade_id": 847997652, "side": "buy", "size": "0.03489968", "price": "117201.12000000", "time": "2025-07-12T15:38:03.842995Z", "fetched_at": "2025-07-12T15:39:33.408687+00:00", "symbol": "BTC-USD"}, {"trade_id": 847997651, "side": "sell", "size": "0.00008429", "price": "117201.13000000", "time": "2025-07-12T15:38:03.600720Z", "fetched_at": "2025-07-12T15:39:33.408687+00:00", "symbol": "BTC-USD"}, {"trade_id": 847997650, "side": "buy", "size": "0.00010032", "price": "117201.12000000", "time": "2025-07-12T15:38:03.081129Z", "fetched_at": "2025-07-12T15:39:33.408687+00:00", "symbol": "BTC-USD"}, {"trade_id": 847997649, "side": "sell", "size": "0.00041454", "price": "117201.13000000", "time": "2025-07-12T15:38:01.359497Z", "fetched_at": "2025-07-12T15:39:33.408687+00:00", "symbol": "BTC-USD"}, {"trade_id": 847997648, "side": "sell", "size": "0.00004000", "price": "117201.13000000", "time": "2025-07-12T15:38:00.540185Z", "fetched_at": "2025-07-12T15:39:33.408687+00:00", "symbol": "BTC-USD"}, {"trade_id": 847997647, "side": "buy", "size": "0.00090791", "price": "117208.49000000", "time": "2025-07-12T15:37:59.239348Z", "fetched_at": "2025-07-12T15:39:33.408687+00:00", "symbol": "BTC-USD"}, {"trade_id": 847997646, "side": "buy", "size": "0.00003066", "price": "117208.49000000", "time": "2025-07-12T15:37:59.239348Z", "fetched_at": "2025-07-12T15:39:33.408687+00:00", "symbol": "BTC-USD"}, {"trade_id": 847997645, "side": "buy", "size": "0.00116374", "price": "117202.83000000", "time": "2025-07-12T15:37:58.910778Z", "fetched_at": "2025-07-12T15:39:33.408687+00:00", "symbol": "BTC-USD"}, {"trade_id": 847997644, "side": "buy", "size": "0.00003066", "price": "117208.49000000", "time": "2025-07-12T15:37:58.910778Z", "fetched_at": "2025-07-12T15:39:33.408687+00:00", "symbol": "BTC-USD"}, {"trade_id": 847997643, "side": "buy", "size": "0.00004300", "price": "117208.49000000", "time": "2025-07-12T15:37:58.047376Z", "fetched_at": "2025-07-12T15:39:33.408687+00:00", "symbol": "BTC-USD"}, {"trade_id": 847997642, "side": "sell", "size": "0.00606929", "price": "117208.50000000", "time": "2025-07-12T15:37:57.606473Z", "fetched_at": "2025-07-12T15:39:33.408687+00:00", "symbol": "BTC-USD"}, {"trade_id": 847997641, "side": "sell", "size": "0.00021122", "price": "117208.50000000", "time": "2025-07-12T15:37:57.574865Z", "fetched_at": "2025-07-12T15:39:33.408687+00:00", "symbol": "BTC-USD"}, {"trade_id": 847997640, "side": "sell", "size": "0.00008257", "price": "117208.50000000", "time": "2025-07-12T15:37:57.007289Z", "fetched_at": "2025-07-12T15:39:33.408687+00:00", "symbol": "BTC-USD"}, {"trade_id": 847997639, "side": "sell", "size": "0.00001034", "price": "117208.48000000", "time": "2025-07-12T15:37:57.007289Z", "fetched_at": "2025-07-12T15:39:33.408687+00:00", "symbol": "BTC-USD"}, {"trade_id": 847997638, "side": "sell", "size": "0.00027391", "price": "117200.01000000", "time": "2025-07-12T15:37:55.143198Z", "fetched_at": "2025-07-12T15:39:33.408687+00:00", "symbol": "BTC-USD"}, {"trade_id": 847997637, "side": "buy", "size": "0.06172921", "price": "117203.89000000", "time": "2025-07-12T15:37:54.644268Z", "fetched_at": "2025-07-12T15:39:33.408687+00:00", "symbol": "BTC-USD"}, {"trade_id": 847997636, "side": "buy", "size": "0.00005279", "price": "117208.44000000", "time": "2025-07-12T15:37:54.624132Z", "fetched_at": "2025-07-12T15:39:33.408687+00:00", "symbol": "BTC-USD"}, {"trade_id": 847997635, "side": "buy", "size": "0.04722267", "price": "117208.44000000", "time": "2025-07-12T15:37:54.624132Z", "fetched_at": "2025-07-12T15:39:33.408687+00:00", "symbol": "BTC-USD"}, {"trade_id": 847997634, "side": "sell", "size": "0.00041397", "price": "117208.45000000", "time": "2025-07-12T15:37:54.533669Z", "fetched_at": "2025-07-12T15:39:33.408687+00:00", "symbol": "BTC-USD"}, {"trade_id": 847997633, "side": "sell", "size": "0.00021167", "price": "117208.45000000", "time": "2025-07-12T15:37:54.532683Z", "fetched_at": "2025-07-12T15:39:33.408687+00:00", "symbol": "BTC-USD"}, {"trade_id": 847997632, "side": "buy", "size": "0.00277733", "price": "117208.44000000", "time": "2025-07-12T15:37:54.504143Z", "fetched_at": "2025-07-12T15:39:33.408687+00:00", "symbol": "BTC-USD"}, {"trade_id": 847997631, "side": "buy", "size": "0.00005289", "price": "117208.47000000", "time": "2025-07-12T15:37:54.504143Z", "fetched_at": "2025-07-12T15:39:33.408687+00:00", "symbol": "BTC-USD"}, {"trade_id": 847997630, "side": "buy", "size": "0.00186226", "price": "117208.47000000", "time": "2025-07-12T15:37:54.504143Z", "fetched_at": "2025-07-12T15:39:33.408687+00:00", "symbol": "BTC-USD"}, {"trade_id": 847997629, "side": "buy", "size": "0.02595679", "price": "117208.47000000", "time": "2025-07-12T15:37:54.479756Z", "fetched_at": "2025-07-12T15:39:33.408687+00:00", "symbol": "BTC-USD"}, {"trade_id": 847997628, "side": "buy", "size": "0.00018095", "price": "117208.47000000", "time": "2025-07-12T15:37:53.638081Z", "fetched_at": "2025-07-12T15:39:33.408687+00:00", "symbol": "BTC-USD"}, {"trade_id": 847997627, "side": "sell", "size": "0.00084466", "price": "117210.14000000", "time": "2025-07-12T15:37:53.026060Z", "fetched_at": "2025-07-12T15:39:33.408687+00:00", "symbol": "BTC-USD"}, {"trade_id": 847997626, "side": "buy", "size": "0.00110140", "price": "117213.63000000", "time": "2025-07-12T15:37:52.916242Z", "fetched_at": "2025-07-12T15:39:33.408687+00:00", "symbol": "BTC-USD"}, {"trade_id": 847997625, "side": "buy", "size": "0.00329859", "price": "117213.63000000", "time": "2025-07-12T15:37:52.916242Z", "fetched_at": "2025-07-12T15:39:33.408687+00:00", "symbol": "BTC-USD"}, {"trade_id": 847997624, "side": "buy", "size": "0.00000001", "price": "117206.45000000", "time": "2025-07-12T15:37:49.848407Z", "fetched_at": "2025-07-12T15:39:33.408687+00:00", "symbol": "BTC-USD"}, {"trade_id": 847997623, "side": "buy", "size": "0.00078598", "price": "117200.01000000", "time": "2025-07-12T15:37:49.609365Z", "fetched_at": "2025-07-12T15:39:33.408687+00:00", "symbol": "BTC-USD"}, {"trade_id": 847997622, "side": "buy", "size": "0.00007571", "price": "117202.44000000", "time": "2025-07-12T15:37:49.609365Z", "fetched_at": "2025-07-12T15:39:33.408687+00:00", "symbol": "BTC-USD"}, {"trade_id": 847997621, "side": "sell", "size": "0.00001033", "price": "117199.77000000", "time": "2025-07-12T15:37:49.394910Z", "fetched_at": "2025-07-12T15:39:33.408687+00:00", "symbol": "BTC-USD"}, {"trade_id": 847997620, "side": "sell", "size": "0.00961008", "price": "117199.77000000", "time": "2025-07-12T15:37:49.394910Z", "fetched_at": "2025-07-12T15:39:33.408687+00:00", "symbol": "BTC-USD"}, {"trade_id": 847997619, "side": "sell", "size": "0.00849575", "price": "117199.77000000", "time": "2025-07-12T15:37:48.672645Z", "fetched_at": "2025-07-12T15:39:33.408687+00:00", "symbol": "BTC-USD"}, {"trade_id": 847997618, "side": "sell", "size": "0.00000264", "price": "117199.75000000", "time": "2025-07-12T15:37:48.672645Z", "fetched_at": "2025-07-12T15:39:33.408687+00:00", "symbol": "BTC-USD"}, {"trade_id": 847997617, "side": "sell", "size": "0.00004013", "price": "117199.75000000", "time": "2025-07-12T15:37:47.857695Z", "fetched_at": "2025-07-12T15:39:33.408687+00:00", "symbol": "BTC-USD"}, {"trade_id": 847997616, "side": "buy", "size": "0.00087242", "price": "117199.74000000", "time": "2025-07-12T15:37:47.637797Z", "fetched_at": "2025-07-12T15:39:33.408687+00:00", "symbol": "BTC-USD"}, {"trade_id": 847997615, "side": "sell", "size": "0.00753267", "price": "117199.75000000", "time": "2025-07-12T15:37:47.495773Z", "fetched_at": "2025-07-12T15:39:33.408687+00:00", "symbol": "BTC-USD"}, {"trade_id": 847997614, "side": "sell", "size": "0.01734535", "price": "117199.75000000", "time": "2025-07-12T15:37:47.495773Z", "fetched_at": "2025-07-12T15:39:33.408687+00:00", "symbol": "BTC-USD"}, {"trade_id": 847997613, "side": "sell", "size": "0.00041465", "price": "117199.75000000", "time": "2025-07-12T15:37:47.230039Z", "fetched_at": "2025-07-12T15:39:33.408687+00:00", "symbol": "BTC-USD"}, {"trade_id": 847997612, "side": "buy", "size": "0.00008266", "price": "117204.70000000", "time": "2025-07-12T15:37:46.989942Z", "fetched_at": "2025-07-12T15:39:33.408687+00:00", "symbol": "BTC-USD"}, {"trade_id": 847997611, "side": "buy", "size": "0.00000085", "price": "117204.70000000", "time": "2025-07-12T15:37:46.989942Z", "fetched_at": "2025-07-12T15:39:33.408687+00:00", "symbol": "BTC-USD"}, {"trade_id": 847997610, "side": "buy", "size": "0.00000358", "price": "117204.70000000", "time": "2025-07-12T15:37:46.989942Z", "fetched_at": "2025-07-12T15:39:33.408687+00:00", "symbol": "BTC-USD"}, {"trade_id": 847997609, "side": "buy", "size": "0.00455511", "price": "117204.70000000", "time": "2025-07-12T15:37:46.989942Z", "fetched_at": "2025-07-12T15:39:33.408687+00:00", "symbol": "BTC-USD"}, {"trade_id": 847997608, "side": "sell", "size": "0.00041628", "price": "117204.71000000", "time": "2025-07-12T15:37:46.706102Z", "fetched_at": "2025-07-12T15:39:33.408687+00:00", "symbol": "BTC-USD"}, {"trade_id": 847997607, "side": "buy", "size": "0.00008265", "price": "117207.76000000", "time": "2025-07-12T15:37:46.699588Z", "fetched_at": "2025-07-12T15:39:33.408687+00:00", "symbol": "BTC-USD"}, {"trade_id": 847997606, "side": "buy", "size": "0.02079744", "price": "117207.76000000", "time": "2025-07-12T15:37:46.695951Z", "fetched_at": "2025-07-12T15:39:33.408687+00:00", "symbol": "BTC-USD"}, {"trade_id": 847997605, "side": "buy", "size": "0.00625586", "price": "117207.76000000", "time": "2025-07-12T15:37:46.690868Z", "fetched_at": "2025-07-12T15:39:33.408687+00:00", "symbol": "BTC-USD"}, {"trade_id": 847997604, "side": "buy", "size": "0.12082604", "price": "117207.76000000", "time": "2025-07-12T15:37:46.687484Z", "fetched_at": "2025-07-12T15:39:33.408687+00:00", "symbol": "BTC-USD"}, {"trade_id": 847997603, "side": "sell", "size": "0.03520009", "price": "117207.77000000", "time": "2025-07-12T15:37:46.594655Z", "fetched_at": "2025-07-12T15:39:33.408687+00:00", "symbol": "BTC-USD"}, {"trade_id": 847997602, "side": "sell", "size": "0.00853300", "price": "117207.77000000", "time": "2025-07-12T15:37:46.594655Z", "fetched_at": "2025-07-12T15:39:33.408687+00:00", "symbol": "BTC-USD"}, {"trade_id": 847997601, "side": "buy", "size": "0.10212066", "price": "117207.76000000", "time": "2025-07-12T15:37:46.294037Z", "fetched_at": "2025-07-12T15:39:33.408687+00:00", "symbol": "BTC-USD"}, {"trade_id": 847997600, "side": "sell", "size": "0.00264176", "price": "117207.79000000", "time": "2025-07-12T15:37:45.979873Z", "fetched_at": "2025-07-12T15:39:33.408687+00:00", "symbol": "BTC-USD"}