[{"trade_id": 847960583, "side": "buy", "size": "0.00140513", "price": "117538.98000000", "time": "2025-07-12T13:04:21.072753Z", "fetched_at": "2025-07-12T13:04:24.209275+00:00", "symbol": "BTC-USD"}, {"trade_id": 847960582, "side": "buy", "size": "0.00259487", "price": "117538.98000000", "time": "2025-07-12T13:04:21.072753Z", "fetched_at": "2025-07-12T13:04:24.209275+00:00", "symbol": "BTC-USD"}, {"trade_id": 847960581, "side": "sell", "size": "0.00154792", "price": "117538.99000000", "time": "2025-07-12T13:04:19.946675Z", "fetched_at": "2025-07-12T13:04:24.209275+00:00", "symbol": "BTC-USD"}, {"trade_id": 847960580, "side": "sell", "size": "0.00000664", "price": "117538.99000000", "time": "2025-07-12T13:04:19.946675Z", "fetched_at": "2025-07-12T13:04:24.209275+00:00", "symbol": "BTC-USD"}, {"trade_id": 847960579, "side": "sell", "size": "0.00001034", "price": "117538.99000000", "time": "2025-07-12T13:04:19.946675Z", "fetched_at": "2025-07-12T13:04:24.209275+00:00", "symbol": "BTC-USD"}, {"trade_id": 847960578, "side": "sell", "size": "0.00008509", "price": "117538.99000000", "time": "2025-07-12T13:04:19.946675Z", "fetched_at": "2025-07-12T13:04:24.209275+00:00", "symbol": "BTC-USD"}, {"trade_id": 847960577, "side": "sell", "size": "0.00000342", "price": "117538.99000000", "time": "2025-07-12T13:04:19.946675Z", "fetched_at": "2025-07-12T13:04:24.209275+00:00", "symbol": "BTC-USD"}, {"trade_id": 847960576, "side": "sell", "size": "0.00000015", "price": "117538.99000000", "time": "2025-07-12T13:04:16.759482Z", "fetched_at": "2025-07-12T13:04:24.209275+00:00", "symbol": "BTC-USD"}, {"trade_id": 847960575, "side": "sell", "size": "0.00361227", "price": "117538.99000000", "time": "2025-07-12T13:04:16.342909Z", "fetched_at": "2025-07-12T13:04:24.209275+00:00", "symbol": "BTC-USD"}, {"trade_id": 847960574, "side": "sell", "size": "0.04681638", "price": "117538.99000000", "time": "2025-07-12T13:04:16.342909Z", "fetched_at": "2025-07-12T13:04:24.209275+00:00", "symbol": "BTC-USD"}, {"trade_id": 847960573, "side": "sell", "size": "0.00001272", "price": "117538.99000000", "time": "2025-07-12T13:04:16.342909Z", "fetched_at": "2025-07-12T13:04:24.209275+00:00", "symbol": "BTC-USD"}, {"trade_id": 847960572, "side": "sell", "size": "0.00001033", "price": "117538.99000000", "time": "2025-07-12T13:04:16.342909Z", "fetched_at": "2025-07-12T13:04:24.209275+00:00", "symbol": "BTC-USD"}, {"trade_id": 847960571, "side": "sell", "size": "0.00008494", "price": "117538.99000000", "time": "2025-07-12T13:04:16.342909Z", "fetched_at": "2025-07-12T13:04:24.209275+00:00", "symbol": "BTC-USD"}, {"trade_id": 847960570, "side": "sell", "size": "0.00000015", "price": "117538.99000000", "time": "2025-07-12T13:04:16.283362Z", "fetched_at": "2025-07-12T13:04:24.209275+00:00", "symbol": "BTC-USD"}, {"trade_id": 847960569, "side": "buy", "size": "0.00000049", "price": "117538.98000000", "time": "2025-07-12T13:04:15.365845Z", "fetched_at": "2025-07-12T13:04:24.209275+00:00", "symbol": "BTC-USD"}, {"trade_id": 847960568, "side": "buy", "size": "0.00000054", "price": "117538.98000000", "time": "2025-07-12T13:04:14.859892Z", "fetched_at": "2025-07-12T13:04:24.209275+00:00", "symbol": "BTC-USD"}, {"trade_id": 847960567, "side": "buy", "size": "0.00379548", "price": "117538.98000000", "time": "2025-07-12T13:04:11.728771Z", "fetched_at": "2025-07-12T13:04:24.209275+00:00", "symbol": "BTC-USD"}, {"trade_id": 847960566, "side": "buy", "size": "0.00020452", "price": "117538.98000000", "time": "2025-07-12T13:04:11.728771Z", "fetched_at": "2025-07-12T13:04:24.209275+00:00", "symbol": "BTC-USD"}, {"trade_id": 847960565, "side": "sell", "size": "0.00061770", "price": "117541.09000000", "time": "2025-07-12T13:04:10.343816Z", "fetched_at": "2025-07-12T13:04:24.209275+00:00", "symbol": "BTC-USD"}, {"trade_id": 847960564, "side": "sell", "size": "0.00008509", "price": "117538.99000000", "time": "2025-07-12T13:04:10.343816Z", "fetched_at": "2025-07-12T13:04:24.209275+00:00", "symbol": "BTC-USD"}, {"trade_id": 847960563, "side": "buy", "size": "0.00313771", "price": "117538.98000000", "time": "2025-07-12T13:04:10.109097Z", "fetched_at": "2025-07-12T13:04:24.209275+00:00", "symbol": "BTC-USD"}, {"trade_id": 847960562, "side": "sell", "size": "0.00000524", "price": "117540.46000000", "time": "2025-07-12T13:04:09.403686Z", "fetched_at": "2025-07-12T13:04:24.209275+00:00", "symbol": "BTC-USD"}, {"trade_id": 847960561, "side": "sell", "size": "0.00008509", "price": "117534.23000000", "time": "2025-07-12T13:04:09.403686Z", "fetched_at": "2025-07-12T13:04:24.209275+00:00", "symbol": "BTC-USD"}, {"trade_id": 847960560, "side": "sell", "size": "0.00001034", "price": "117534.23000000", "time": "2025-07-12T13:04:09.403686Z", "fetched_at": "2025-07-12T13:04:24.209275+00:00", "symbol": "BTC-USD"}, {"trade_id": 847960559, "side": "sell", "size": "0.00000068", "price": "117534.23000000", "time": "2025-07-12T13:04:09.403686Z", "fetched_at": "2025-07-12T13:04:24.209275+00:00", "symbol": "BTC-USD"}, {"trade_id": 847960558, "side": "buy", "size": "0.00001701", "price": "117534.22000000", "time": "2025-07-12T13:04:09.370175Z", "fetched_at": "2025-07-12T13:04:24.209275+00:00", "symbol": "BTC-USD"}, {"trade_id": 847960557, "side": "buy", "size": "0.00171865", "price": "117534.22000000", "time": "2025-07-12T13:04:09.031853Z", "fetched_at": "2025-07-12T13:04:24.209275+00:00", "symbol": "BTC-USD"}, {"trade_id": 847960556, "side": "buy", "size": "0.00500000", "price": "117534.22000000", "time": "2025-07-12T13:04:06.232257Z", "fetched_at": "2025-07-12T13:04:24.209275+00:00", "symbol": "BTC-USD"}, {"trade_id": 847960555, "side": "buy", "size": "0.00001983", "price": "117534.21000000", "time": "2025-07-12T13:04:05.947721Z", "fetched_at": "2025-07-12T13:04:24.209275+00:00", "symbol": "BTC-USD"}, {"trade_id": 847960554, "side": "buy", "size": "0.00330427", "price": "117534.22000000", "time": "2025-07-12T13:04:05.874039Z", "fetched_at": "2025-07-12T13:04:24.209275+00:00", "symbol": "BTC-USD"}, {"trade_id": 847960553, "side": "sell", "size": "0.00077373", "price": "117534.23000000", "time": "2025-07-12T13:04:05.604091Z", "fetched_at": "2025-07-12T13:04:24.209275+00:00", "symbol": "BTC-USD"}, {"trade_id": 847960552, "side": "sell", "size": "0.00002791", "price": "117534.21000000", "time": "2025-07-12T13:04:05.604091Z", "fetched_at": "2025-07-12T13:04:24.209275+00:00", "symbol": "BTC-USD"}, {"trade_id": 847960551, "side": "sell", "size": "0.00000221", "price": "117534.21000000", "time": "2025-07-12T13:04:05.604091Z", "fetched_at": "2025-07-12T13:04:24.209275+00:00", "symbol": "BTC-USD"}, {"trade_id": 847960550, "side": "sell", "size": "0.00004130", "price": "117534.21000000", "time": "2025-07-12T13:04:05.604091Z", "fetched_at": "2025-07-12T13:04:24.209275+00:00", "symbol": "BTC-USD"}, {"trade_id": 847960549, "side": "sell", "size": "0.00000642", "price": "117534.21000000", "time": "2025-07-12T13:04:05.604091Z", "fetched_at": "2025-07-12T13:04:24.209275+00:00", "symbol": "BTC-USD"}, {"trade_id": 847960548, "side": "sell", "size": "0.00000078", "price": "117534.21000000", "time": "2025-07-12T13:04:05.283328Z", "fetched_at": "2025-07-12T13:04:24.209275+00:00", "symbol": "BTC-USD"}, {"trade_id": 847960547, "side": "buy", "size": "0.00009990", "price": "117534.20000000", "time": "2025-07-12T13:04:04.572036Z", "fetched_at": "2025-07-12T13:04:24.209275+00:00", "symbol": "BTC-USD"}, {"trade_id": 847960546, "side": "sell", "size": "0.00006791", "price": "117534.21000000", "time": "2025-07-12T13:04:03.786880Z", "fetched_at": "2025-07-12T13:04:24.209275+00:00", "symbol": "BTC-USD"}, {"trade_id": 847960545, "side": "sell", "size": "0.00001480", "price": "117534.21000000", "time": "2025-07-12T13:04:03.786880Z", "fetched_at": "2025-07-12T13:04:24.209275+00:00", "symbol": "BTC-USD"}, {"trade_id": 847960544, "side": "sell", "size": "0.00000350", "price": "117534.21000000", "time": "2025-07-12T13:04:03.386138Z", "fetched_at": "2025-07-12T13:04:24.209275+00:00", "symbol": "BTC-USD"}, {"trade_id": 847960543, "side": "sell", "size": "0.00000212", "price": "117534.21000000", "time": "2025-07-12T13:04:03.386138Z", "fetched_at": "2025-07-12T13:04:24.209275+00:00", "symbol": "BTC-USD"}, {"trade_id": 847960542, "side": "sell", "size": "0.00000408", "price": "117534.21000000", "time": "2025-07-12T13:04:03.386138Z", "fetched_at": "2025-07-12T13:04:24.209275+00:00", "symbol": "BTC-USD"}, {"trade_id": 847960541, "side": "buy", "size": "0.00257828", "price": "117534.20000000", "time": "2025-07-12T13:04:01.544850Z", "fetched_at": "2025-07-12T13:04:24.209275+00:00", "symbol": "BTC-USD"}, {"trade_id": 847960540, "side": "sell", "size": "0.00000256", "price": "117534.21000000", "time": "2025-07-12T13:03:59.837762Z", "fetched_at": "2025-07-12T13:04:24.209275+00:00", "symbol": "BTC-USD"}, {"trade_id": 847960539, "side": "sell", "size": "0.00000212", "price": "117534.21000000", "time": "2025-07-12T13:03:59.837762Z", "fetched_at": "2025-07-12T13:04:24.209275+00:00", "symbol": "BTC-USD"}, {"trade_id": 847960538, "side": "buy", "size": "0.00425662", "price": "117534.20000000", "time": "2025-07-12T13:03:59.732177Z", "fetched_at": "2025-07-12T13:04:24.209275+00:00", "symbol": "BTC-USD"}, {"trade_id": 847960537, "side": "buy", "size": "0.00002238", "price": "117534.20000000", "time": "2025-07-12T13:03:59.025837Z", "fetched_at": "2025-07-12T13:04:24.209275+00:00", "symbol": "BTC-USD"}, {"trade_id": 847960536, "side": "buy", "size": "0.00000051", "price": "117534.20000000", "time": "2025-07-12T13:03:56.760493Z", "fetched_at": "2025-07-12T13:04:24.209275+00:00", "symbol": "BTC-USD"}, {"trade_id": 847960535, "side": "buy", "size": "0.00314756", "price": "117534.20000000", "time": "2025-07-12T13:03:56.609734Z", "fetched_at": "2025-07-12T13:04:24.209275+00:00", "symbol": "BTC-USD"}, {"trade_id": 847960534, "side": "buy", "size": "0.00000050", "price": "117534.20000000", "time": "2025-07-12T13:03:56.188873Z", "fetched_at": "2025-07-12T13:04:24.209275+00:00", "symbol": "BTC-USD"}, {"trade_id": 847960533, "side": "buy", "size": "0.00006623", "price": "117534.20000000", "time": "2025-07-12T13:03:54.462188Z", "fetched_at": "2025-07-12T13:04:24.209275+00:00", "symbol": "BTC-USD"}, {"trade_id": 847960532, "side": "sell", "size": "0.00000237", "price": "117527.40000000", "time": "2025-07-12T13:03:53.660631Z", "fetched_at": "2025-07-12T13:04:24.209275+00:00", "symbol": "BTC-USD"}, {"trade_id": 847960531, "side": "sell", "size": "0.00008510", "price": "117527.40000000", "time": "2025-07-12T13:03:53.660631Z", "fetched_at": "2025-07-12T13:04:24.209275+00:00", "symbol": "BTC-USD"}, {"trade_id": 847960530, "side": "sell", "size": "0.00082834", "price": "117526.08000000", "time": "2025-07-12T13:03:53.420995Z", "fetched_at": "2025-07-12T13:04:24.209275+00:00", "symbol": "BTC-USD"}, {"trade_id": 847960529, "side": "sell", "size": "0.00001000", "price": "117525.40000000", "time": "2025-07-12T13:03:53.420995Z", "fetched_at": "2025-07-12T13:04:24.209275+00:00", "symbol": "BTC-USD"}, {"trade_id": 847960528, "side": "sell", "size": "0.00499758", "price": "117524.16000000", "time": "2025-07-12T13:03:53.420995Z", "fetched_at": "2025-07-12T13:04:24.209275+00:00", "symbol": "BTC-USD"}, {"trade_id": 847960527, "side": "sell", "size": "0.00499758", "price": "117520.57000000", "time": "2025-07-12T13:03:53.420995Z", "fetched_at": "2025-07-12T13:04:24.209275+00:00", "symbol": "BTC-USD"}, {"trade_id": 847960526, "side": "sell", "size": "0.00006201", "price": "117520.57000000", "time": "2025-07-12T13:03:53.420995Z", "fetched_at": "2025-07-12T13:04:24.209275+00:00", "symbol": "BTC-USD"}, {"trade_id": 847960525, "side": "sell", "size": "0.00085117", "price": "117520.57000000", "time": "2025-07-12T13:03:53.420995Z", "fetched_at": "2025-07-12T13:04:24.209275+00:00", "symbol": "BTC-USD"}, {"trade_id": 847960524, "side": "sell", "size": "0.00000664", "price": "117514.81000000", "time": "2025-07-12T13:03:53.420995Z", "fetched_at": "2025-07-12T13:04:24.209275+00:00", "symbol": "BTC-USD"}, {"trade_id": 847960523, "side": "sell", "size": "0.00008510", "price": "117514.81000000", "time": "2025-07-12T13:03:53.420995Z", "fetched_at": "2025-07-12T13:04:24.209275+00:00", "symbol": "BTC-USD"}, {"trade_id": 847960522, "side": "buy", "size": "0.00015396", "price": "117514.80000000", "time": "2025-07-12T13:03:52.761896Z", "fetched_at": "2025-07-12T13:04:24.209275+00:00", "symbol": "BTC-USD"}, {"trade_id": 847960521, "side": "buy", "size": "0.03184604", "price": "117516.85000000", "time": "2025-07-12T13:03:52.761896Z", "fetched_at": "2025-07-12T13:04:24.209275+00:00", "symbol": "BTC-USD"}, {"trade_id": 847960520, "side": "buy", "size": "0.00395874", "price": "117518.18000000", "time": "2025-07-12T13:03:52.730679Z", "fetched_at": "2025-07-12T13:04:24.209275+00:00", "symbol": "BTC-USD"}, {"trade_id": 847960519, "side": "buy", "size": "0.00006552", "price": "117520.10000000", "time": "2025-07-12T13:03:52.730679Z", "fetched_at": "2025-07-12T13:04:24.209275+00:00", "symbol": "BTC-USD"}, {"trade_id": 847960518, "side": "buy", "size": "0.00850918", "price": "117520.11000000", "time": "2025-07-12T13:03:52.730679Z", "fetched_at": "2025-07-12T13:04:24.209275+00:00", "symbol": "BTC-USD"}, {"trade_id": 847960517, "side": "buy", "size": "0.00325846", "price": "117520.19000000", "time": "2025-07-12T13:03:52.730679Z", "fetched_at": "2025-07-12T13:04:24.209275+00:00", "symbol": "BTC-USD"}, {"trade_id": 847960516, "side": "buy", "size": "0.01805641", "price": "117520.54000000", "time": "2025-07-12T13:03:52.730679Z", "fetched_at": "2025-07-12T13:04:24.209275+00:00", "symbol": "BTC-USD"}, {"trade_id": 847960515, "side": "buy", "size": "0.00003570", "price": "117520.56000000", "time": "2025-07-12T13:03:52.730679Z", "fetched_at": "2025-07-12T13:04:24.209275+00:00", "symbol": "BTC-USD"}, {"trade_id": 847960514, "side": "buy", "size": "0.00680599", "price": "117520.56000000", "time": "2025-07-12T13:03:52.730679Z", "fetched_at": "2025-07-12T13:04:24.209275+00:00", "symbol": "BTC-USD"}, {"trade_id": 847960513, "side": "buy", "size": "0.01216000", "price": "117520.56000000", "time": "2025-07-12T13:03:52.730679Z", "fetched_at": "2025-07-12T13:04:24.209275+00:00", "symbol": "BTC-USD"}, {"trade_id": 847960512, "side": "buy", "size": "0.01344000", "price": "117520.56000000", "time": "2025-07-12T13:03:52.730679Z", "fetched_at": "2025-07-12T13:04:24.209275+00:00", "symbol": "BTC-USD"}, {"trade_id": 847960511, "side": "buy", "size": "0.15071000", "price": "117520.56000000", "time": "2025-07-12T13:03:52.730679Z", "fetched_at": "2025-07-12T13:04:24.209275+00:00", "symbol": "BTC-USD"}, {"trade_id": 847960510, "side": "sell", "size": "0.00651629", "price": "117519.19000000", "time": "2025-07-12T13:03:51.404479Z", "fetched_at": "2025-07-12T13:04:24.209275+00:00", "symbol": "BTC-USD"}, {"trade_id": 847960509, "side": "sell", "size": "0.00001296", "price": "117516.59000000", "time": "2025-07-12T13:03:51.404479Z", "fetched_at": "2025-07-12T13:04:24.209275+00:00", "symbol": "BTC-USD"}, {"trade_id": 847960508, "side": "sell", "size": "0.00001000", "price": "117516.59000000", "time": "2025-07-12T13:03:51.404479Z", "fetched_at": "2025-07-12T13:04:24.209275+00:00", "symbol": "BTC-USD"}, {"trade_id": 847960507, "side": "sell", "size": "0.00008510", "price": "117511.63000000", "time": "2025-07-12T13:03:51.404479Z", "fetched_at": "2025-07-12T13:04:24.209275+00:00", "symbol": "BTC-USD"}, {"trade_id": 847960506, "side": "sell", "size": "0.00000246", "price": "117511.63000000", "time": "2025-07-12T13:03:51.404479Z", "fetched_at": "2025-07-12T13:04:24.209275+00:00", "symbol": "BTC-USD"}, {"trade_id": 847960505, "side": "sell", "size": "0.00000664", "price": "117511.63000000", "time": "2025-07-12T13:03:51.404479Z", "fetched_at": "2025-07-12T13:04:24.209275+00:00", "symbol": "BTC-USD"}, {"trade_id": 847960504, "side": "sell", "size": "0.00336655", "price": "117511.63000000", "time": "2025-07-12T13:03:51.404479Z", "fetched_at": "2025-07-12T13:04:24.209275+00:00", "symbol": "BTC-USD"}, {"trade_id": 847960503, "side": "buy", "size": "0.01000000", "price": "117511.62000000", "time": "2025-07-12T13:03:48.320472Z", "fetched_at": "2025-07-12T13:04:24.209275+00:00", "symbol": "BTC-USD"}, {"trade_id": 847960502, "side": "sell", "size": "0.00001684", "price": "117511.63000000", "time": "2025-07-12T13:03:48.166456Z", "fetched_at": "2025-07-12T13:04:24.209275+00:00", "symbol": "BTC-USD"}, {"trade_id": 847960501, "side": "sell", "size": "0.00002318", "price": "117511.63000000", "time": "2025-07-12T13:03:48.100498Z", "fetched_at": "2025-07-12T13:04:24.209275+00:00", "symbol": "BTC-USD"}, {"trade_id": 847960500, "side": "buy", "size": "0.00000342", "price": "117511.62000000", "time": "2025-07-12T13:03:48.057259Z", "fetched_at": "2025-07-12T13:04:24.209275+00:00", "symbol": "BTC-USD"}, {"trade_id": 847960499, "side": "sell", "size": "0.00165422", "price": "117504.46000000", "time": "2025-07-12T13:03:47.826978Z", "fetched_at": "2025-07-12T13:04:24.209275+00:00", "symbol": "BTC-USD"}, {"trade_id": 847960498, "side": "buy", "size": "0.00129098", "price": "117504.43000000", "time": "2025-07-12T13:03:47.420194Z", "fetched_at": "2025-07-12T13:04:24.209275+00:00", "symbol": "BTC-USD"}, {"trade_id": 847960497, "side": "buy", "size": "0.00002277", "price": "117504.44000000", "time": "2025-07-12T13:03:47.420194Z", "fetched_at": "2025-07-12T13:04:24.209275+00:00", "symbol": "BTC-USD"}, {"trade_id": 847960496, "side": "buy", "size": "0.00000629", "price": "117510.87000000", "time": "2025-07-12T13:03:47.420194Z", "fetched_at": "2025-07-12T13:04:24.209275+00:00", "symbol": "BTC-USD"}, {"trade_id": 847960495, "side": "buy", "size": "0.00006544", "price": "117510.87000000", "time": "2025-07-12T13:03:47.420194Z", "fetched_at": "2025-07-12T13:04:24.209275+00:00", "symbol": "BTC-USD"}, {"trade_id": 847960494, "side": "buy", "size": "0.00007592", "price": "117510.87000000", "time": "2025-07-12T13:03:47.420194Z", "fetched_at": "2025-07-12T13:04:24.209275+00:00", "symbol": "BTC-USD"}, {"trade_id": 847960493, "side": "buy", "size": "0.00004900", "price": "117510.87000000", "time": "2025-07-12T13:03:47.094859Z", "fetched_at": "2025-07-12T13:04:24.209275+00:00", "symbol": "BTC-USD"}, {"trade_id": 847960492, "side": "buy", "size": "0.00037034", "price": "117510.87000000", "time": "2025-07-12T13:03:47.094859Z", "fetched_at": "2025-07-12T13:04:24.209275+00:00", "symbol": "BTC-USD"}, {"trade_id": 847960491, "side": "buy", "size": "0.00001131", "price": "117510.87000000", "time": "2025-07-12T13:03:47.094859Z", "fetched_at": "2025-07-12T13:04:24.209275+00:00", "symbol": "BTC-USD"}, {"trade_id": 847960490, "side": "sell", "size": "0.00010000", "price": "117510.88000000", "time": "2025-07-12T13:03:46.239665Z", "fetched_at": "2025-07-12T13:04:24.209275+00:00", "symbol": "BTC-USD"}, {"trade_id": 847960489, "side": "sell", "size": "0.00111489", "price": "117510.89000000", "time": "2025-07-12T13:03:44.693391Z", "fetched_at": "2025-07-12T13:04:24.209275+00:00", "symbol": "BTC-USD"}, {"trade_id": 847960488, "side": "sell", "size": "0.00513889", "price": "117508.36000000", "time": "2025-07-12T13:03:43.562840Z", "fetched_at": "2025-07-12T13:04:24.209275+00:00", "symbol": "BTC-USD"}, {"trade_id": 847960487, "side": "sell", "size": "0.00008511", "price": "117508.35000000", "time": "2025-07-12T13:03:43.562840Z", "fetched_at": "2025-07-12T13:04:24.209275+00:00", "symbol": "BTC-USD"}, {"trade_id": 847960486, "side": "sell", "size": "0.00001000", "price": "117507.78000000", "time": "2025-07-12T13:03:43.562840Z", "fetched_at": "2025-07-12T13:04:24.209275+00:00", "symbol": "BTC-USD"}, {"trade_id": 847960485, "side": "sell", "size": "0.01805897", "price": "117503.92000000", "time": "2025-07-12T13:03:43.562840Z", "fetched_at": "2025-07-12T13:04:24.209275+00:00", "symbol": "BTC-USD"}, {"trade_id": 847960484, "side": "sell", "size": "0.06395305", "price": "117503.69000000", "time": "2025-07-12T13:03:43.562840Z", "fetched_at": "2025-07-12T13:04:24.209275+00:00", "symbol": "BTC-USD"}, {"trade_id": 847960483, "side": "sell", "size": "0.00000178", "price": "117503.69000000", "time": "2025-07-12T13:03:43.562840Z", "fetched_at": "2025-07-12T13:04:24.209275+00:00", "symbol": "BTC-USD"}, {"trade_id": 847960482, "side": "sell", "size": "0.00000664", "price": "117503.69000000", "time": "2025-07-12T13:03:43.562840Z", "fetched_at": "2025-07-12T13:04:24.209275+00:00", "symbol": "BTC-USD"}, {"trade_id": 847960481, "side": "sell", "size": "0.00001120", "price": "117504.90000000", "time": "2025-07-12T13:03:42.964152Z", "fetched_at": "2025-07-12T13:04:24.209275+00:00", "symbol": "BTC-USD"}, {"trade_id": 847960480, "side": "sell", "size": "0.00000425", "price": "117499.03000000", "time": "2025-07-12T13:03:42.964152Z", "fetched_at": "2025-07-12T13:04:24.209275+00:00", "symbol": "BTC-USD"}, {"trade_id": 847960479, "side": "sell", "size": "0.00001328", "price": "117499.03000000", "time": "2025-07-12T13:03:42.964152Z", "fetched_at": "2025-07-12T13:04:24.209275+00:00", "symbol": "BTC-USD"}, {"trade_id": 847960478, "side": "sell", "size": "0.00000178", "price": "117499.03000000", "time": "2025-07-12T13:03:42.264092Z", "fetched_at": "2025-07-12T13:04:24.209275+00:00", "symbol": "BTC-USD"}, {"trade_id": 847960477, "side": "sell", "size": "0.00010977", "price": "117499.03000000", "time": "2025-07-12T13:03:42.264092Z", "fetched_at": "2025-07-12T13:04:24.209275+00:00", "symbol": "BTC-USD"}, {"trade_id": 847960476, "side": "sell", "size": "0.00000212", "price": "117499.03000000", "time": "2025-07-12T13:03:42.264092Z", "fetched_at": "2025-07-12T13:04:24.209275+00:00", "symbol": "BTC-USD"}, {"trade_id": 847960475, "side": "sell", "size": "0.00000649", "price": "117499.03000000", "time": "2025-07-12T13:03:42.264092Z", "fetched_at": "2025-07-12T13:04:24.209275+00:00", "symbol": "BTC-USD"}, {"trade_id": 847960474, "side": "buy", "size": "0.00429850", "price": "117499.02000000", "time": "2025-07-12T13:03:41.190794Z", "fetched_at": "2025-07-12T13:04:24.209275+00:00", "symbol": "BTC-USD"}, {"trade_id": 847960473, "side": "sell", "size": "0.00000015", "price": "117499.03000000", "time": "2025-07-12T13:03:40.641594Z", "fetched_at": "2025-07-12T13:04:24.209275+00:00", "symbol": "BTC-USD"}, {"trade_id": 847960472, "side": "sell", "size": "0.01806095", "price": "117490.03000000", "time": "2025-07-12T13:03:40.025186Z", "fetched_at": "2025-07-12T13:04:24.209275+00:00", "symbol": "BTC-USD"}, {"trade_id": 847960471, "side": "sell", "size": "0.00000015", "price": "117490.03000000", "time": "2025-07-12T13:03:39.997810Z", "fetched_at": "2025-07-12T13:04:24.209275+00:00", "symbol": "BTC-USD"}, {"trade_id": 847960470, "side": "buy", "size": "0.00000051", "price": "117490.00000000", "time": "2025-07-12T13:03:38.931882Z", "fetched_at": "2025-07-12T13:04:24.209275+00:00", "symbol": "BTC-USD"}, {"trade_id": 847960469, "side": "sell", "size": "0.00004137", "price": "117491.48000000", "time": "2025-07-12T13:03:38.738516Z", "fetched_at": "2025-07-12T13:04:24.209275+00:00", "symbol": "BTC-USD"}, {"trade_id": 847960468, "side": "buy", "size": "0.00000055", "price": "117491.47000000", "time": "2025-07-12T13:03:38.435616Z", "fetched_at": "2025-07-12T13:04:24.209275+00:00", "symbol": "BTC-USD"}, {"trade_id": 847960467, "side": "sell", "size": "0.00003965", "price": "117491.48000000", "time": "2025-07-12T13:03:38.201425Z", "fetched_at": "2025-07-12T13:04:24.209275+00:00", "symbol": "BTC-USD"}, {"trade_id": 847960466, "side": "buy", "size": "0.00268141", "price": "117484.13000000", "time": "2025-07-12T13:03:37.389513Z", "fetched_at": "2025-07-12T13:04:24.209275+00:00", "symbol": "BTC-USD"}, {"trade_id": 847960465, "side": "buy", "size": "0.00034251", "price": "117484.15000000", "time": "2025-07-12T13:03:37.389513Z", "fetched_at": "2025-07-12T13:04:24.209275+00:00", "symbol": "BTC-USD"}, {"trade_id": 847960464, "side": "buy", "size": "0.00680851", "price": "117484.15000000", "time": "2025-07-12T13:03:37.389513Z", "fetched_at": "2025-07-12T13:04:24.209275+00:00", "symbol": "BTC-USD"}, {"trade_id": 847960463, "side": "buy", "size": "0.00000136", "price": "117484.15000000", "time": "2025-07-12T13:03:37.389513Z", "fetched_at": "2025-07-12T13:04:24.209275+00:00", "symbol": "BTC-USD"}, {"trade_id": 847960462, "side": "buy", "size": "0.00102728", "price": "117484.15000000", "time": "2025-07-12T13:03:37.389513Z", "fetched_at": "2025-07-12T13:04:24.209275+00:00", "symbol": "BTC-USD"}, {"trade_id": 847960461, "side": "buy", "size": "0.00205466", "price": "117484.15000000", "time": "2025-07-12T13:03:37.389513Z", "fetched_at": "2025-07-12T13:04:24.209275+00:00", "symbol": "BTC-USD"}, {"trade_id": 847960460, "side": "buy", "size": "0.00410625", "price": "117484.15000000", "time": "2025-07-12T13:03:37.389513Z", "fetched_at": "2025-07-12T13:04:24.209275+00:00", "symbol": "BTC-USD"}, {"trade_id": 847960459, "side": "sell", "size": "0.00012402", "price": "117484.16000000", "time": "2025-07-12T13:03:35.748327Z", "fetched_at": "2025-07-12T13:04:24.209275+00:00", "symbol": "BTC-USD"}, {"trade_id": 847960458, "side": "sell", "size": "0.00170467", "price": "117484.16000000", "time": "2025-07-12T13:03:35.560430Z", "fetched_at": "2025-07-12T13:04:24.209275+00:00", "symbol": "BTC-USD"}, {"trade_id": 847960457, "side": "sell", "size": "0.00229594", "price": "117484.16000000", "time": "2025-07-12T13:03:35.090158Z", "fetched_at": "2025-07-12T13:04:24.209275+00:00", "symbol": "BTC-USD"}, {"trade_id": 847960456, "side": "sell", "size": "0.00000632", "price": "117484.16000000", "time": "2025-07-12T13:03:34.261036Z", "fetched_at": "2025-07-12T13:04:24.209275+00:00", "symbol": "BTC-USD"}, {"trade_id": 847960455, "side": "sell", "size": "0.00032291", "price": "117485.55000000", "time": "2025-07-12T13:03:33.329415Z", "fetched_at": "2025-07-12T13:04:24.209275+00:00", "symbol": "BTC-USD"}, {"trade_id": 847960454, "side": "sell", "size": "0.00001685", "price": "117487.28000000", "time": "2025-07-12T13:03:32.289622Z", "fetched_at": "2025-07-12T13:04:24.209275+00:00", "symbol": "BTC-USD"}, {"trade_id": 847960453, "side": "sell", "size": "0.00008427", "price": "117483.33000000", "time": "2025-07-12T13:03:32.047828Z", "fetched_at": "2025-07-12T13:04:24.209275+00:00", "symbol": "BTC-USD"}, {"trade_id": 847960452, "side": "buy", "size": "0.00002426", "price": "117482.64000000", "time": "2025-07-12T13:03:31.940900Z", "fetched_at": "2025-07-12T13:04:24.209275+00:00", "symbol": "BTC-USD"}, {"trade_id": 847960451, "side": "buy", "size": "0.00000127", "price": "117490.39000000", "time": "2025-07-12T13:03:31.940900Z", "fetched_at": "2025-07-12T13:04:24.209275+00:00", "symbol": "BTC-USD"}, {"trade_id": 847960450, "side": "buy", "size": "0.01458942", "price": "117478.03000000", "time": "2025-07-12T13:03:30.520053Z", "fetched_at": "2025-07-12T13:04:24.209275+00:00", "symbol": "BTC-USD"}, {"trade_id": 847960449, "side": "buy", "size": "0.02233517", "price": "117478.04000000", "time": "2025-07-12T13:03:30.520053Z", "fetched_at": "2025-07-12T13:04:24.209275+00:00", "symbol": "BTC-USD"}, {"trade_id": 847960448, "side": "buy", "size": "0.00001000", "price": "117481.35000000", "time": "2025-07-12T13:03:30.520053Z", "fetched_at": "2025-07-12T13:04:24.209275+00:00", "symbol": "BTC-USD"}, {"trade_id": 847960447, "side": "buy", "size": "0.00295437", "price": "117484.45000000", "time": "2025-07-12T13:03:30.520053Z", "fetched_at": "2025-07-12T13:04:24.209275+00:00", "symbol": "BTC-USD"}, {"trade_id": 847960446, "side": "buy", "size": "0.01799132", "price": "117486.38000000", "time": "2025-07-12T13:03:30.520053Z", "fetched_at": "2025-07-12T13:04:24.209275+00:00", "symbol": "BTC-USD"}, {"trade_id": 847960445, "side": "buy", "size": "0.03032112", "price": "117486.93000000", "time": "2025-07-12T13:03:30.520053Z", "fetched_at": "2025-07-12T13:04:24.209275+00:00", "symbol": "BTC-USD"}, {"trade_id": 847960444, "side": "buy", "size": "0.03406304", "price": "117486.94000000", "time": "2025-07-12T13:03:30.520053Z", "fetched_at": "2025-07-12T13:04:24.209275+00:00", "symbol": "BTC-USD"}, {"trade_id": 847960443, "side": "buy", "size": "0.00851136", "price": "117489.97000000", "time": "2025-07-12T13:03:30.520053Z", "fetched_at": "2025-07-12T13:04:24.209275+00:00", "symbol": "BTC-USD"}, {"trade_id": 847960442, "side": "buy", "size": "0.00680814", "price": "117490.39000000", "time": "2025-07-12T13:03:30.520053Z", "fetched_at": "2025-07-12T13:04:24.209275+00:00", "symbol": "BTC-USD"}, {"trade_id": 847960441, "side": "buy", "size": "0.00000870", "price": "117490.40000000", "time": "2025-07-12T13:03:30.520053Z", "fetched_at": "2025-07-12T13:04:24.209275+00:00", "symbol": "BTC-USD"}, {"trade_id": 847960440, "side": "buy", "size": "0.00154749", "price": "117493.14000000", "time": "2025-07-12T13:03:30.520053Z", "fetched_at": "2025-07-12T13:04:24.209275+00:00", "symbol": "BTC-USD"}, {"trade_id": 847960439, "side": "buy", "size": "0.01806033", "price": "117495.05000000", "time": "2025-07-12T13:03:30.520053Z", "fetched_at": "2025-07-12T13:04:24.209275+00:00", "symbol": "BTC-USD"}, {"trade_id": 847960438, "side": "buy", "size": "0.00037072", "price": "117499.02000000", "time": "2025-07-12T13:03:30.520053Z", "fetched_at": "2025-07-12T13:04:24.209275+00:00", "symbol": "BTC-USD"}, {"trade_id": 847960437, "side": "buy", "size": "0.00110503", "price": "117499.02000000", "time": "2025-07-12T13:03:30.520053Z", "fetched_at": "2025-07-12T13:04:24.209275+00:00", "symbol": "BTC-USD"}, {"trade_id": 847960436, "side": "buy", "size": "0.00331296", "price": "117499.02000000", "time": "2025-07-12T13:03:30.520053Z", "fetched_at": "2025-07-12T13:04:24.209275+00:00", "symbol": "BTC-USD"}, {"trade_id": 847960435, "side": "buy", "size": "0.00006834", "price": "117499.02000000", "time": "2025-07-12T13:03:30.520053Z", "fetched_at": "2025-07-12T13:04:24.209275+00:00", "symbol": "BTC-USD"}, {"trade_id": 847960434, "side": "buy", "size": "0.00038979", "price": "117499.02000000", "time": "2025-07-12T13:03:30.520053Z", "fetched_at": "2025-07-12T13:04:24.209275+00:00", "symbol": "BTC-USD"}, {"trade_id": 847960433, "side": "buy", "size": "0.00000085", "price": "117499.02000000", "time": "2025-07-12T13:03:30.520053Z", "fetched_at": "2025-07-12T13:04:24.209275+00:00", "symbol": "BTC-USD"}, {"trade_id": 847960432, "side": "sell", "size": "0.00126384", "price": "117499.03000000", "time": "2025-07-12T13:03:29.533350Z", "fetched_at": "2025-07-12T13:04:24.209275+00:00", "symbol": "BTC-USD"}, {"trade_id": 847960431, "side": "sell", "size": "0.00003514", "price": "117499.03000000", "time": "2025-07-12T13:03:29.268434Z", "fetched_at": "2025-07-12T13:04:24.209275+00:00", "symbol": "BTC-USD"}, {"trade_id": 847960430, "side": "sell", "size": "0.00048520", "price": "117499.03000000", "time": "2025-07-12T13:03:28.947851Z", "fetched_at": "2025-07-12T13:04:24.209275+00:00", "symbol": "BTC-USD"}, {"trade_id": 847960429, "side": "sell", "size": "0.00339066", "price": "117499.03000000", "time": "2025-07-12T13:03:27.586922Z", "fetched_at": "2025-07-12T13:04:24.209275+00:00", "symbol": "BTC-USD"}, {"trade_id": 847960428, "side": "buy", "size": "0.00079408", "price": "117503.83000000", "time": "2025-07-12T13:03:26.505278Z", "fetched_at": "2025-07-12T13:04:24.209275+00:00", "symbol": "BTC-USD"}, {"trade_id": 847960427, "side": "buy", "size": "0.00013216", "price": "117503.89000000", "time": "2025-07-12T13:03:26.505278Z", "fetched_at": "2025-07-12T13:04:24.209275+00:00", "symbol": "BTC-USD"}, {"trade_id": 847960426, "side": "buy", "size": "0.00001954", "price": "117504.72000000", "time": "2025-07-12T13:03:26.505278Z", "fetched_at": "2025-07-12T13:04:24.209275+00:00", "symbol": "BTC-USD"}, {"trade_id": 847960425, "side": "sell", "size": "0.00620293", "price": "117503.90000000", "time": "2025-07-12T13:03:26.448287Z", "fetched_at": "2025-07-12T13:04:24.209275+00:00", "symbol": "BTC-USD"}, {"trade_id": 847960424, "side": "sell", "size": "0.00263766", "price": "117504.74000000", "time": "2025-07-12T13:03:25.474053Z", "fetched_at": "2025-07-12T13:04:24.209275+00:00", "symbol": "BTC-USD"}, {"trade_id": 847960423, "side": "sell", "size": "0.00000924", "price": "117499.03000000", "time": "2025-07-12T13:03:25.474053Z", "fetched_at": "2025-07-12T13:04:24.209275+00:00", "symbol": "BTC-USD"}, {"trade_id": 847960422, "side": "sell", "size": "0.00000221", "price": "117481.38000000", "time": "2025-07-12T13:03:24.636687Z", "fetched_at": "2025-07-12T13:04:24.209275+00:00", "symbol": "BTC-USD"}, {"trade_id": 847960421, "side": "sell", "size": "0.00042000", "price": "117480.35000000", "time": "2025-07-12T13:03:24.630363Z", "fetched_at": "2025-07-12T13:04:24.209275+00:00", "symbol": "BTC-USD"}, {"trade_id": 847960420, "side": "sell", "size": "0.00042000", "price": "117480.35000000", "time": "2025-07-12T13:03:24.629676Z", "fetched_at": "2025-07-12T13:04:24.209275+00:00", "symbol": "BTC-USD"}, {"trade_id": 847960419, "side": "sell", "size": "0.00042000", "price": "117480.35000000", "time": "2025-07-12T13:03:24.629590Z", "fetched_at": "2025-07-12T13:04:24.209275+00:00", "symbol": "BTC-USD"}, {"trade_id": 847960418, "side": "sell", "size": "0.00325846", "price": "117477.57000000", "time": "2025-07-12T13:03:24.629229Z", "fetched_at": "2025-07-12T13:04:24.209275+00:00", "symbol": "BTC-USD"}, {"trade_id": 847960417, "side": "sell", "size": "0.00325846", "price": "117477.45000000", "time": "2025-07-12T13:03:24.629229Z", "fetched_at": "2025-07-12T13:04:24.209275+00:00", "symbol": "BTC-USD"}, {"trade_id": 847960416, "side": "sell", "size": "0.00002873", "price": "117474.82000000", "time": "2025-07-12T13:03:24.547861Z", "fetched_at": "2025-07-12T13:04:24.209275+00:00", "symbol": "BTC-USD"}, {"trade_id": 847960415, "side": "buy", "size": "0.00001000", "price": "117481.35000000", "time": "2025-07-12T13:03:24.439746Z", "fetched_at": "2025-07-12T13:04:24.209275+00:00", "symbol": "BTC-USD"}, {"trade_id": 847960414, "side": "buy", "size": "0.00116358", "price": "117481.37000000", "time": "2025-07-12T13:03:24.439746Z", "fetched_at": "2025-07-12T13:04:24.209275+00:00", "symbol": "BTC-USD"}, {"trade_id": 847960413, "side": "buy", "size": "0.00000280", "price": "117481.37000000", "time": "2025-07-12T13:03:24.439746Z", "fetched_at": "2025-07-12T13:04:24.209275+00:00", "symbol": "BTC-USD"}, {"trade_id": 847960412, "side": "buy", "size": "0.00000221", "price": "117481.37000000", "time": "2025-07-12T13:03:24.439746Z", "fetched_at": "2025-07-12T13:04:24.209275+00:00", "symbol": "BTC-USD"}, {"trade_id": 847960411, "side": "buy", "size": "0.00002134", "price": "117481.37000000", "time": "2025-07-12T13:03:24.439746Z", "fetched_at": "2025-07-12T13:04:24.209275+00:00", "symbol": "BTC-USD"}, {"trade_id": 847960410, "side": "buy", "size": "0.00002069", "price": "117490.15000000", "time": "2025-07-12T13:03:23.745028Z", "fetched_at": "2025-07-12T13:04:24.209275+00:00", "symbol": "BTC-USD"}, {"trade_id": 847960409, "side": "buy", "size": "0.00110043", "price": "117490.15000000", "time": "2025-07-12T13:03:23.745028Z", "fetched_at": "2025-07-12T13:04:24.209275+00:00", "symbol": "BTC-USD"}, {"trade_id": 847960408, "side": "buy", "size": "0.00329329", "price": "117490.15000000", "time": "2025-07-12T13:03:23.745028Z", "fetched_at": "2025-07-12T13:04:24.209275+00:00", "symbol": "BTC-USD"}, {"trade_id": 847960407, "side": "buy", "size": "0.00002068", "price": "117497.22000000", "time": "2025-07-12T13:03:23.477558Z", "fetched_at": "2025-07-12T13:04:24.209275+00:00", "symbol": "BTC-USD"}, {"trade_id": 847960406, "side": "buy", "size": "0.00036758", "price": "117497.22000000", "time": "2025-07-12T13:03:23.476256Z", "fetched_at": "2025-07-12T13:04:24.209275+00:00", "symbol": "BTC-USD"}, {"trade_id": 847960405, "side": "buy", "size": "0.00348973", "price": "117498.95000000", "time": "2025-07-12T13:03:23.451164Z", "fetched_at": "2025-07-12T13:04:24.209275+00:00", "symbol": "BTC-USD"}, {"trade_id": 847960404, "side": "buy", "size": "0.00002071", "price": "117498.95000000", "time": "2025-07-12T13:03:23.451164Z", "fetched_at": "2025-07-12T13:04:24.209275+00:00", "symbol": "BTC-USD"}, {"trade_id": 847960403, "side": "buy", "size": "0.00001288", "price": "117507.77000000", "time": "2025-07-12T13:03:22.927165Z", "fetched_at": "2025-07-12T13:04:24.209275+00:00", "symbol": "BTC-USD"}, {"trade_id": 847960402, "side": "buy", "size": "0.00000853", "price": "117507.77000000", "time": "2025-07-12T13:03:22.924665Z", "fetched_at": "2025-07-12T13:04:24.209275+00:00", "symbol": "BTC-USD"}, {"trade_id": 847960401, "side": "buy", "size": "0.00059247", "price": "117507.77000000", "time": "2025-07-12T13:03:22.924665Z", "fetched_at": "2025-07-12T13:04:24.209275+00:00", "symbol": "BTC-USD"}, {"trade_id": 847960400, "side": "buy", "size": "0.00012305", "price": "117507.77000000", "time": "2025-07-12T13:03:22.924665Z", "fetched_at": "2025-07-12T13:04:24.209275+00:00", "symbol": "BTC-USD"}, {"trade_id": 847960399, "side": "buy", "size": "0.00000476", "price": "117507.77000000", "time": "2025-07-12T13:03:22.924665Z", "fetched_at": "2025-07-12T13:04:24.209275+00:00", "symbol": "BTC-USD"}, {"trade_id": 847960398, "side": "buy", "size": "0.00000119", "price": "117507.77000000", "time": "2025-07-12T13:03:22.924665Z", "fetched_at": "2025-07-12T13:04:24.209275+00:00", "symbol": "BTC-USD"}, {"trade_id": 847960397, "side": "buy", "size": "0.00001303", "price": "117510.64000000", "time": "2025-07-12T13:03:22.372174Z", "fetched_at": "2025-07-12T13:04:24.209275+00:00", "symbol": "BTC-USD"}, {"trade_id": 847960396, "side": "buy", "size": "0.00002738", "price": "117516.58000000", "time": "2025-07-12T13:03:22.362672Z", "fetched_at": "2025-07-12T13:04:24.209275+00:00", "symbol": "BTC-USD"}, {"trade_id": 847960395, "side": "buy", "size": "0.01216000", "price": "117516.58000000", "time": "2025-07-12T13:03:22.362672Z", "fetched_at": "2025-07-12T13:04:24.209275+00:00", "symbol": "BTC-USD"}, {"trade_id": 847960394, "side": "sell", "size": "0.00000016", "price": "117510.50000000", "time": "2025-07-12T13:03:22.141313Z", "fetched_at": "2025-07-12T13:04:24.209275+00:00", "symbol": "BTC-USD"}, {"trade_id": 847960393, "side": "sell", "size": "0.00412649", "price": "117508.86000000", "time": "2025-07-12T13:03:22.026710Z", "fetched_at": "2025-07-12T13:04:24.209275+00:00", "symbol": "BTC-USD"}, {"trade_id": 847960392, "side": "sell", "size": "0.00000985", "price": "117507.78000000", "time": "2025-07-12T13:03:22.026710Z", "fetched_at": "2025-07-12T13:04:24.209275+00:00", "symbol": "BTC-USD"}, {"trade_id": 847960391, "side": "sell", "size": "0.00000015", "price": "117507.78000000", "time": "2025-07-12T13:03:21.636133Z", "fetched_at": "2025-07-12T13:04:24.209275+00:00", "symbol": "BTC-USD"}, {"trade_id": 847960390, "side": "buy", "size": "0.00000051", "price": "117497.58000000", "time": "2025-07-12T13:03:20.626561Z", "fetched_at": "2025-07-12T13:04:24.209275+00:00", "symbol": "BTC-USD"}, {"trade_id": 847960389, "side": "buy", "size": "0.00000052", "price": "117497.38000000", "time": "2025-07-12T13:03:20.107470Z", "fetched_at": "2025-07-12T13:04:24.209275+00:00", "symbol": "BTC-USD"}, {"trade_id": 847960388, "side": "sell", "size": "0.00001161", "price": "117499.17000000", "time": "2025-07-12T13:03:19.707078Z", "fetched_at": "2025-07-12T13:04:24.209275+00:00", "symbol": "BTC-USD"}, {"trade_id": 847960387, "side": "sell", "size": "0.00001000", "price": "117498.97000000", "time": "2025-07-12T13:03:19.707078Z", "fetched_at": "2025-07-12T13:04:24.209275+00:00", "symbol": "BTC-USD"}, {"trade_id": 847960386, "side": "sell", "size": "0.00000212", "price": "117490.16000000", "time": "2025-07-12T13:03:19.365669Z", "fetched_at": "2025-07-12T13:04:24.209275+00:00", "symbol": "BTC-USD"}, {"trade_id": 847960385, "side": "sell", "size": "0.00001000", "price": "117490.16000000", "time": "2025-07-12T13:03:19.365669Z", "fetched_at": "2025-07-12T13:04:24.209275+00:00", "symbol": "BTC-USD"}, {"trade_id": 847960384, "side": "buy", "size": "0.00004260", "price": "117490.15000000", "time": "2025-07-12T13:03:18.181194Z", "fetched_at": "2025-07-12T13:04:24.209275+00:00", "symbol": "BTC-USD"}, {"trade_id": 847960383, "side": "sell", "size": "0.04839626", "price": "117486.75000000", "time": "2025-07-12T13:03:17.817346Z", "fetched_at": "2025-07-12T13:04:24.209275+00:00", "symbol": "BTC-USD"}, {"trade_id": 847960382, "side": "sell", "size": "0.00851168", "price": "117485.62000000", "time": "2025-07-12T13:03:17.817346Z", "fetched_at": "2025-07-12T13:04:24.209275+00:00", "symbol": "BTC-USD"}, {"trade_id": 847960381, "side": "sell", "size": "0.00001054", "price": "117484.09000000", "time": "2025-07-12T13:03:17.817346Z", "fetched_at": "2025-07-12T13:04:24.209275+00:00", "symbol": "BTC-USD"}, {"trade_id": 847960380, "side": "sell", "size": "0.00001640", "price": "117484.09000000", "time": "2025-07-12T13:03:17.817346Z", "fetched_at": "2025-07-12T13:04:24.209275+00:00", "symbol": "BTC-USD"}, {"trade_id": 847960379, "side": "sell", "size": "0.00008512", "price": "117484.08000000", "time": "2025-07-12T13:03:17.817346Z", "fetched_at": "2025-07-12T13:04:24.209275+00:00", "symbol": "BTC-USD"}, {"trade_id": 847960378, "side": "sell", "size": "0.00042000", "price": "117484.08000000", "time": "2025-07-12T13:03:17.811646Z", "fetched_at": "2025-07-12T13:04:24.209275+00:00", "symbol": "BTC-USD"}, {"trade_id": 847960377, "side": "sell", "size": "0.01460682", "price": "117484.08000000", "time": "2025-07-12T13:03:17.810492Z", "fetched_at": "2025-07-12T13:04:24.209275+00:00", "symbol": "BTC-USD"}, {"trade_id": 847960376, "side": "sell", "size": "0.02068100", "price": "117484.08000000", "time": "2025-07-12T13:03:17.194940Z", "fetched_at": "2025-07-12T13:04:24.209275+00:00", "symbol": "BTC-USD"}, {"trade_id": 847960375, "side": "sell", "size": "0.00009060", "price": "117484.08000000", "time": "2025-07-12T13:03:17.125894Z", "fetched_at": "2025-07-12T13:04:24.209275+00:00", "symbol": "BTC-USD"}, {"trade_id": 847960374, "side": "sell", "size": "0.00004214", "price": "117484.09000000", "time": "2025-07-12T13:03:16.102971Z", "fetched_at": "2025-07-12T13:04:24.209275+00:00", "symbol": "BTC-USD"}, {"trade_id": 847960373, "side": "sell", "size": "0.05000000", "price": "117469.05000000", "time": "2025-07-12T13:03:15.158746Z", "fetched_at": "2025-07-12T13:04:24.209275+00:00", "symbol": "BTC-USD"}, {"trade_id": 847960372, "side": "sell", "size": "0.00042000", "price": "117469.00000000", "time": "2025-07-12T13:03:15.158746Z", "fetched_at": "2025-07-12T13:04:24.209275+00:00", "symbol": "BTC-USD"}, {"trade_id": 847960371, "side": "sell", "size": "0.00000323", "price": "117469.00000000", "time": "2025-07-12T13:03:15.158746Z", "fetched_at": "2025-07-12T13:04:24.209275+00:00", "symbol": "BTC-USD"}, {"trade_id": 847960370, "side": "sell", "size": "0.04915938", "price": "117469.00000000", "time": "2025-07-12T13:03:15.158746Z", "fetched_at": "2025-07-12T13:04:24.209275+00:00", "symbol": "BTC-USD"}, {"trade_id": 847960369, "side": "sell", "size": "0.00042000", "price": "117469.00000000", "time": "2025-07-12T13:03:15.156138Z", "fetched_at": "2025-07-12T13:04:24.209275+00:00", "symbol": "BTC-USD"}, {"trade_id": 847960368, "side": "sell", "size": "0.00042062", "price": "117469.00000000", "time": "2025-07-12T13:03:14.833525Z", "fetched_at": "2025-07-12T13:04:24.209275+00:00", "symbol": "BTC-USD"}, {"trade_id": 847960367, "side": "sell", "size": "0.00004214", "price": "117466.19000000", "time": "2025-07-12T13:03:13.792966Z", "fetched_at": "2025-07-12T13:04:24.209275+00:00", "symbol": "BTC-USD"}, {"trade_id": 847960366, "side": "buy", "size": "0.00001000", "price": "117463.73000000", "time": "2025-07-12T13:03:13.661493Z", "fetched_at": "2025-07-12T13:04:24.209275+00:00", "symbol": "BTC-USD"}, {"trade_id": 847960365, "side": "sell", "size": "0.00008217", "price": "117476.95000000", "time": "2025-07-12T13:03:13.636554Z", "fetched_at": "2025-07-12T13:04:24.209275+00:00", "symbol": "BTC-USD"}, {"trade_id": 847960364, "side": "buy", "size": "0.03130737", "price": "117466.18000000", "time": "2025-07-12T13:03:13.633231Z", "fetched_at": "2025-07-12T13:04:24.209275+00:00", "symbol": "BTC-USD"}, {"trade_id": 847960363, "side": "buy", "size": "0.00001420", "price": "117466.19000000", "time": "2025-07-12T13:03:13.633231Z", "fetched_at": "2025-07-12T13:04:24.209275+00:00", "symbol": "BTC-USD"}, {"trade_id": 847960362, "side": "buy", "size": "0.00806571", "price": "117470.02000000", "time": "2025-07-12T13:03:13.633231Z", "fetched_at": "2025-07-12T13:04:24.209275+00:00", "symbol": "BTC-USD"}, {"trade_id": 847960361, "side": "buy", "size": "0.03001797", "price": "117470.02000000", "time": "2025-07-12T13:03:13.632828Z", "fetched_at": "2025-07-12T13:04:24.209275+00:00", "symbol": "BTC-USD"}, {"trade_id": 847960360, "side": "buy", "size": "0.00912767", "price": "117470.02000000", "time": "2025-07-12T13:03:13.632828Z", "fetched_at": "2025-07-12T13:04:24.209275+00:00", "symbol": "BTC-USD"}, {"trade_id": 847960359, "side": "buy", "size": "0.00207846", "price": "117470.86000000", "time": "2025-07-12T13:03:13.632828Z", "fetched_at": "2025-07-12T13:04:24.209275+00:00", "symbol": "BTC-USD"}, {"trade_id": 847960358, "side": "buy", "size": "0.00643428", "price": "117470.86000000", "time": "2025-07-12T13:03:13.632107Z", "fetched_at": "2025-07-12T13:04:24.209275+00:00", "symbol": "BTC-USD"}, {"trade_id": 847960357, "side": "buy", "size": "0.00299054", "price": "117471.37000000", "time": "2025-07-12T13:03:13.632107Z", "fetched_at": "2025-07-12T13:04:24.209275+00:00", "symbol": "BTC-USD"}, {"trade_id": 847960356, "side": "buy", "size": "0.04248087", "price": "117473.75000000", "time": "2025-07-12T13:03:13.632107Z", "fetched_at": "2025-07-12T13:04:24.209275+00:00", "symbol": "BTC-USD"}, {"trade_id": 847960355, "side": "buy", "size": "0.00680894", "price": "117473.85000000", "time": "2025-07-12T13:03:13.632107Z", "fetched_at": "2025-07-12T13:04:24.209275+00:00", "symbol": "BTC-USD"}, {"trade_id": 847960354, "side": "buy", "size": "0.05221617", "price": "117476.20000000", "time": "2025-07-12T13:03:13.631726Z", "fetched_at": "2025-07-12T13:04:24.209275+00:00", "symbol": "BTC-USD"}, {"trade_id": 847960353, "side": "buy", "size": "0.01806314", "price": "117476.78000000", "time": "2025-07-12T13:03:13.631726Z", "fetched_at": "2025-07-12T13:04:24.209275+00:00", "symbol": "BTC-USD"}, {"trade_id": 847960352, "side": "buy", "size": "0.00151407", "price": "117476.94000000", "time": "2025-07-12T13:03:13.631726Z", "fetched_at": "2025-07-12T13:04:24.209275+00:00", "symbol": "BTC-USD"}, {"trade_id": 847960351, "side": "buy", "size": "0.00000068", "price": "117476.94000000", "time": "2025-07-12T13:03:13.631726Z", "fetched_at": "2025-07-12T13:04:24.209275+00:00", "symbol": "BTC-USD"}, {"trade_id": 847960350, "side": "buy", "size": "0.00000306", "price": "117476.94000000", "time": "2025-07-12T13:03:13.631726Z", "fetched_at": "2025-07-12T13:04:24.209275+00:00", "symbol": "BTC-USD"}, {"trade_id": 847960349, "side": "buy", "size": "0.00084237", "price": "117476.94000000", "time": "2025-07-12T13:03:13.631726Z", "fetched_at": "2025-07-12T13:04:24.209275+00:00", "symbol": "BTC-USD"}, {"trade_id": 847960348, "side": "buy", "size": "0.00329343", "price": "117479.01000000", "time": "2025-07-12T13:03:13.631553Z", "fetched_at": "2025-07-12T13:04:24.209275+00:00", "symbol": "BTC-USD"}, {"trade_id": 847960347, "side": "buy", "size": "0.01216000", "price": "117479.03000000", "time": "2025-07-12T13:03:13.631553Z", "fetched_at": "2025-07-12T13:04:24.209275+00:00", "symbol": "BTC-USD"}, {"trade_id": 847960346, "side": "sell", "size": "0.00012169", "price": "117479.04000000", "time": "2025-07-12T13:03:13.291243Z", "fetched_at": "2025-07-12T13:04:24.209275+00:00", "symbol": "BTC-USD"}, {"trade_id": 847960345, "side": "sell", "size": "0.00008513", "price": "117479.02000000", "time": "2025-07-12T13:03:13.291243Z", "fetched_at": "2025-07-12T13:04:24.209275+00:00", "symbol": "BTC-USD"}, {"trade_id": 847960344, "side": "buy", "size": "0.00004497", "price": "117485.16000000", "time": "2025-07-12T13:03:12.342987Z", "fetched_at": "2025-07-12T13:04:24.209275+00:00", "symbol": "BTC-USD"}, {"trade_id": 847960343, "side": "buy", "size": "0.00493871", "price": "117490.15000000", "time": "2025-07-12T13:03:11.294298Z", "fetched_at": "2025-07-12T13:04:24.209275+00:00", "symbol": "BTC-USD"}, {"trade_id": 847960342, "side": "buy", "size": "0.00000400", "price": "117490.15000000", "time": "2025-07-12T13:03:11.294298Z", "fetched_at": "2025-07-12T13:04:24.209275+00:00", "symbol": "BTC-USD"}, {"trade_id": 847960341, "side": "sell", "size": "0.00035312", "price": "117493.73000000", "time": "2025-07-12T13:03:10.686519Z", "fetched_at": "2025-07-12T13:04:24.209275+00:00", "symbol": "BTC-USD"}, {"trade_id": 847960340, "side": "sell", "size": "0.00008513", "price": "117490.16000000", "time": "2025-07-12T13:03:10.686519Z", "fetched_at": "2025-07-12T13:04:24.209275+00:00", "symbol": "BTC-USD"}, {"trade_id": 847960339, "side": "sell", "size": "0.00981846", "price": "117492.64000000", "time": "2025-07-12T13:03:10.557534Z", "fetched_at": "2025-07-12T13:04:24.209275+00:00", "symbol": "BTC-USD"}, {"trade_id": 847960338, "side": "sell", "size": "0.00001000", "price": "117490.16000000", "time": "2025-07-12T13:03:10.557534Z", "fetched_at": "2025-07-12T13:04:24.209275+00:00", "symbol": "BTC-USD"}, {"trade_id": 847960337, "side": "sell", "size": "0.00001278", "price": "117486.97000000", "time": "2025-07-12T13:03:10.557534Z", "fetched_at": "2025-07-12T13:04:24.209275+00:00", "symbol": "BTC-USD"}, {"trade_id": 847960336, "side": "sell", "size": "0.03141958", "price": "117485.86000000", "time": "2025-07-12T13:03:10.557534Z", "fetched_at": "2025-07-12T13:04:24.209275+00:00", "symbol": "BTC-USD"}, {"trade_id": 847960335, "side": "sell", "size": "0.00008513", "price": "117485.85000000", "time": "2025-07-12T13:03:10.557534Z", "fetched_at": "2025-07-12T13:04:24.209275+00:00", "symbol": "BTC-USD"}, {"trade_id": 847960334, "side": "sell", "size": "0.00001000", "price": "117481.35000000", "time": "2025-07-12T13:03:10.557534Z", "fetched_at": "2025-07-12T13:04:24.209275+00:00", "symbol": "BTC-USD"}, {"trade_id": 847960333, "side": "sell", "size": "0.05000000", "price": "117472.60000000", "time": "2025-07-12T13:03:10.555296Z", "fetched_at": "2025-07-12T13:04:24.209275+00:00", "symbol": "BTC-USD"}, {"trade_id": 847960332, "side": "sell", "size": "0.01558000", "price": "117472.55000000", "time": "2025-07-12T13:03:10.555296Z", "fetched_at": "2025-07-12T13:04:24.209275+00:00", "symbol": "BTC-USD"}, {"trade_id": 847960331, "side": "sell", "size": "0.00022600", "price": "117472.55000000", "time": "2025-07-12T13:03:10.555296Z", "fetched_at": "2025-07-12T13:04:24.209275+00:00", "symbol": "BTC-USD"}, {"trade_id": 847960330, "side": "sell", "size": "0.00000426", "price": "117472.55000000", "time": "2025-07-12T13:03:10.555296Z", "fetched_at": "2025-07-12T13:04:24.209275+00:00", "symbol": "BTC-USD"}, {"trade_id": 847960329, "side": "sell", "size": "0.00000273", "price": "117472.55000000", "time": "2025-07-12T13:03:10.555296Z", "fetched_at": "2025-07-12T13:04:24.209275+00:00", "symbol": "BTC-USD"}, {"trade_id": 847960328, "side": "sell", "size": "0.00413700", "price": "117472.55000000", "time": "2025-07-12T13:03:10.555296Z", "fetched_at": "2025-07-12T13:04:24.209275+00:00", "symbol": "BTC-USD"}, {"trade_id": 847960327, "side": "sell", "size": "0.00062600", "price": "117472.55000000", "time": "2025-07-12T13:03:10.555296Z", "fetched_at": "2025-07-12T13:04:24.209275+00:00", "symbol": "BTC-USD"}, {"trade_id": 847960326, "side": "sell", "size": "0.02884191", "price": "117472.55000000", "time": "2025-07-12T13:03:10.555296Z", "fetched_at": "2025-07-12T13:04:24.209275+00:00", "symbol": "BTC-USD"}, {"trade_id": 847960325, "side": "sell", "size": "0.00016897", "price": "117472.55000000", "time": "2025-07-12T13:03:10.533678Z", "fetched_at": "2025-07-12T13:04:24.209275+00:00", "symbol": "BTC-USD"}, {"trade_id": 847960324, "side": "sell", "size": "0.00042000", "price": "117472.55000000", "time": "2025-07-12T13:03:10.456162Z", "fetched_at": "2025-07-12T13:04:24.209275+00:00", "symbol": "BTC-USD"}, {"trade_id": 847960323, "side": "buy", "size": "0.00051078", "price": "117472.54000000", "time": "2025-07-12T13:03:10.376364Z", "fetched_at": "2025-07-12T13:04:24.209275+00:00", "symbol": "BTC-USD"}, {"trade_id": 847960322, "side": "sell", "size": "0.00004003", "price": "117472.55000000", "time": "2025-07-12T13:03:10.195714Z", "fetched_at": "2025-07-12T13:04:24.209275+00:00", "symbol": "BTC-USD"}, {"trade_id": 847960321, "side": "sell", "size": "0.01554000", "price": "117472.55000000", "time": "2025-07-12T13:03:10.186757Z", "fetched_at": "2025-07-12T13:04:24.209275+00:00", "symbol": "BTC-USD"}, {"trade_id": 847960320, "side": "buy", "size": "0.00214928", "price": "117472.54000000", "time": "2025-07-12T13:03:09.426450Z", "fetched_at": "2025-07-12T13:04:24.209275+00:00", "symbol": "BTC-USD"}, {"trade_id": 847960319, "side": "buy", "size": "0.00163097", "price": "117472.53000000", "time": "2025-07-12T13:03:09.327272Z", "fetched_at": "2025-07-12T13:04:24.209275+00:00", "symbol": "BTC-USD"}, {"trade_id": 847960318, "side": "buy", "size": "0.00680885", "price": "117472.54000000", "time": "2025-07-12T13:03:09.327272Z", "fetched_at": "2025-07-12T13:04:24.209275+00:00", "symbol": "BTC-USD"}, {"trade_id": 847960317, "side": "buy", "size": "0.02197000", "price": "117472.54000000", "time": "2025-07-12T13:03:09.327272Z", "fetched_at": "2025-07-12T13:04:24.209275+00:00", "symbol": "BTC-USD"}, {"trade_id": 847960316, "side": "buy", "size": "0.03491495", "price": "117472.54000000", "time": "2025-07-12T13:03:09.327272Z", "fetched_at": "2025-07-12T13:04:24.209275+00:00", "symbol": "BTC-USD"}, {"trade_id": 847960315, "side": "buy", "size": "0.00851262", "price": "117472.54000000", "time": "2025-07-12T13:03:09.327272Z", "fetched_at": "2025-07-12T13:04:24.209275+00:00", "symbol": "BTC-USD"}, {"trade_id": 847960314, "side": "buy", "size": "0.01216000", "price": "117472.54000000", "time": "2025-07-12T13:03:09.327272Z", "fetched_at": "2025-07-12T13:04:24.209275+00:00", "symbol": "BTC-USD"}, {"trade_id": 847960313, "side": "sell", "size": "0.00022608", "price": "117472.55000000", "time": "2025-07-12T13:03:09.136215Z", "fetched_at": "2025-07-12T13:04:24.209275+00:00", "symbol": "BTC-USD"}, {"trade_id": 847960312, "side": "sell", "size": "0.00413642", "price": "117472.55000000", "time": "2025-07-12T13:03:08.650153Z", "fetched_at": "2025-07-12T13:04:24.209275+00:00", "symbol": "BTC-USD"}, {"trade_id": 847960311, "side": "sell", "size": "0.00062659", "price": "117472.55000000", "time": "2025-07-12T13:03:08.306778Z", "fetched_at": "2025-07-12T13:04:24.209275+00:00", "symbol": "BTC-USD"}, {"trade_id": 847960310, "side": "sell", "size": "0.00001000", "price": "117472.54000000", "time": "2025-07-12T13:03:08.306778Z", "fetched_at": "2025-07-12T13:04:24.209275+00:00", "symbol": "BTC-USD"}, {"trade_id": 847960309, "side": "sell", "size": "0.00000696", "price": "117466.37000000", "time": "2025-07-12T13:03:08.074120Z", "fetched_at": "2025-07-12T13:04:24.209275+00:00", "symbol": "BTC-USD"}, {"trade_id": 847960308, "side": "sell", "size": "0.00007657", "price": "117466.36000000", "time": "2025-07-12T13:03:08.074120Z", "fetched_at": "2025-07-12T13:04:24.209275+00:00", "symbol": "BTC-USD"}, {"trade_id": 847960307, "side": "sell", "size": "0.05000000", "price": "117453.25000000", "time": "2025-07-12T13:03:08.072730Z", "fetched_at": "2025-07-12T13:04:24.209275+00:00", "symbol": "BTC-USD"}, {"trade_id": 847960306, "side": "sell", "size": "0.00001512", "price": "117453.20000000", "time": "2025-07-12T13:03:08.072730Z", "fetched_at": "2025-07-12T13:04:24.209275+00:00", "symbol": "BTC-USD"}, {"trade_id": 847960305, "side": "sell", "size": "0.00000972", "price": "117453.20000000", "time": "2025-07-12T13:03:08.072730Z", "fetched_at": "2025-07-12T13:04:24.209275+00:00", "symbol": "BTC-USD"}, {"trade_id": 847960304, "side": "sell", "size": "0.00239000", "price": "117453.20000000", "time": "2025-07-12T13:03:08.072730Z", "fetched_at": "2025-07-12T13:04:24.209275+00:00", "symbol": "BTC-USD"}, {"trade_id": 847960303, "side": "sell", "size": "0.03993700", "price": "117453.20000000", "time": "2025-07-12T13:03:08.072730Z", "fetched_at": "2025-07-12T13:04:24.209275+00:00", "symbol": "BTC-USD"}, {"trade_id": 847960302, "side": "sell", "size": "0.00000093", "price": "117453.20000000", "time": "2025-07-12T13:03:08.072730Z", "fetched_at": "2025-07-12T13:04:24.209275+00:00", "symbol": "BTC-USD"}, {"trade_id": 847960301, "side": "sell", "size": "0.00767276", "price": "117453.20000000", "time": "2025-07-12T13:03:08.072730Z", "fetched_at": "2025-07-12T13:04:24.209275+00:00", "symbol": "BTC-USD"}, {"trade_id": 847960300, "side": "buy", "size": "0.00002800", "price": "117453.19000000", "time": "2025-07-12T13:03:06.945606Z", "fetched_at": "2025-07-12T13:04:24.209275+00:00", "symbol": "BTC-USD"}, {"trade_id": 847960299, "side": "sell", "size": "0.00239000", "price": "117453.20000000", "time": "2025-07-12T13:03:06.765691Z", "fetched_at": "2025-07-12T13:04:24.209275+00:00", "symbol": "BTC-USD"}, {"trade_id": 847960298, "side": "buy", "size": "0.00002680", "price": "117453.19000000", "time": "2025-07-12T13:03:06.410957Z", "fetched_at": "2025-07-12T13:04:24.209275+00:00", "symbol": "BTC-USD"}, {"trade_id": 847960297, "side": "sell", "size": "0.03993724", "price": "117453.20000000", "time": "2025-07-12T13:03:06.112036Z", "fetched_at": "2025-07-12T13:04:24.209275+00:00", "symbol": "BTC-USD"}, {"trade_id": 847960296, "side": "sell", "size": "0.00005665", "price": "117453.19000000", "time": "2025-07-12T13:03:06.112036Z", "fetched_at": "2025-07-12T13:04:24.209275+00:00", "symbol": "BTC-USD"}, {"trade_id": 847960295, "side": "sell", "size": "0.00000221", "price": "117452.09000000", "time": "2025-07-12T13:03:06.112036Z", "fetched_at": "2025-07-12T13:04:24.209275+00:00", "symbol": "BTC-USD"}, {"trade_id": 847960294, "side": "sell", "size": "0.00000293", "price": "117452.09000000", "time": "2025-07-12T13:03:06.112036Z", "fetched_at": "2025-07-12T13:04:24.209275+00:00", "symbol": "BTC-USD"}, {"trade_id": 847960293, "side": "sell", "size": "0.00000097", "price": "117452.09000000", "time": "2025-07-12T13:03:06.112036Z", "fetched_at": "2025-07-12T13:04:24.209275+00:00", "symbol": "BTC-USD"}, {"trade_id": 847960292, "side": "buy", "size": "0.00078599", "price": "117446.13000000", "time": "2025-07-12T13:03:04.736412Z", "fetched_at": "2025-07-12T13:04:24.209275+00:00", "symbol": "BTC-USD"}, {"trade_id": 847960291, "side": "buy", "size": "0.00000349", "price": "117452.08000000", "time": "2025-07-12T13:03:04.736412Z", "fetched_at": "2025-07-12T13:04:24.209275+00:00", "symbol": "BTC-USD"}, {"trade_id": 847960290, "side": "buy", "size": "0.00000119", "price": "117452.08000000", "time": "2025-07-12T13:03:04.736412Z", "fetched_at": "2025-07-12T13:04:24.209275+00:00", "symbol": "BTC-USD"}, {"trade_id": 847960289, "side": "buy", "size": "0.00000983", "price": "117452.08000000", "time": "2025-07-12T13:03:04.736412Z", "fetched_at": "2025-07-12T13:04:24.209275+00:00", "symbol": "BTC-USD"}, {"trade_id": 847960288, "side": "buy", "size": "0.00007531", "price": "117447.45000000", "time": "2025-07-12T13:03:04.332819Z", "fetched_at": "2025-07-12T13:04:24.209275+00:00", "symbol": "BTC-USD"}, {"trade_id": 847960287, "side": "buy", "size": "0.00000979", "price": "117447.46000000", "time": "2025-07-12T13:03:04.332819Z", "fetched_at": "2025-07-12T13:04:24.209275+00:00", "symbol": "BTC-USD"}, {"trade_id": 847960286, "side": "sell", "size": "0.00100700", "price": "117453.70000000", "time": "2025-07-12T13:03:04.267009Z", "fetched_at": "2025-07-12T13:04:24.209275+00:00", "symbol": "BTC-USD"}, {"trade_id": 847960285, "side": "sell", "size": "0.00000197", "price": "117447.83000000", "time": "2025-07-12T13:03:04.267009Z", "fetched_at": "2025-07-12T13:04:24.209275+00:00", "symbol": "BTC-USD"}, {"trade_id": 847960284, "side": "sell", "size": "0.00000015", "price": "117447.83000000", "time": "2025-07-12T13:03:04.238894Z", "fetched_at": "2025-07-12T13:04:24.209275+00:00", "symbol": "BTC-USD"}, {"trade_id": 847960283, "side": "buy", "size": "0.01740788", "price": "117450.92000000", "time": "2025-07-12T13:03:03.710661Z", "fetched_at": "2025-07-12T13:04:24.209275+00:00", "symbol": "BTC-USD"}, {"trade_id": 847960282, "side": "buy", "size": "0.04462820", "price": "117451.61000000", "time": "2025-07-12T13:03:03.710661Z", "fetched_at": "2025-07-12T13:04:24.209275+00:00", "symbol": "BTC-USD"}, {"trade_id": 847960281, "side": "buy", "size": "0.00680966", "price": "117454.03000000", "time": "2025-07-12T13:03:03.710661Z", "fetched_at": "2025-07-12T13:04:24.209275+00:00", "symbol": "BTC-USD"}, {"trade_id": 847960280, "side": "buy", "size": "0.00001000", "price": "117454.92000000", "time": "2025-07-12T13:03:03.710661Z", "fetched_at": "2025-07-12T13:04:24.209275+00:00", "symbol": "BTC-USD"}, {"trade_id": 847960279, "side": "buy", "size": "0.00001000", "price": "117463.73000000", "time": "2025-07-12T13:03:03.705300Z", "fetched_at": "2025-07-12T13:04:24.209275+00:00", "symbol": "BTC-USD"}, {"trade_id": 847960278, "side": "buy", "size": "0.00000127", "price": "117463.95000000", "time": "2025-07-12T13:03:03.705300Z", "fetched_at": "2025-07-12T13:04:24.209275+00:00", "symbol": "BTC-USD"}, {"trade_id": 847960277, "side": "buy", "size": "0.00009228", "price": "117463.95000000", "time": "2025-07-12T13:03:03.705300Z", "fetched_at": "2025-07-12T13:04:24.209275+00:00", "symbol": "BTC-USD"}, {"trade_id": 847960276, "side": "buy", "size": "0.00027463", "price": "117463.95000000", "time": "2025-07-12T13:03:03.705300Z", "fetched_at": "2025-07-12T13:04:24.209275+00:00", "symbol": "BTC-USD"}, {"trade_id": 847960275, "side": "buy", "size": "0.00000349", "price": "117463.95000000", "time": "2025-07-12T13:03:03.705300Z", "fetched_at": "2025-07-12T13:04:24.209275+00:00", "symbol": "BTC-USD"}, {"trade_id": 847960274, "side": "buy", "size": "0.00081633", "price": "117463.95000000", "time": "2025-07-12T13:03:03.705300Z", "fetched_at": "2025-07-12T13:04:24.209275+00:00", "symbol": "BTC-USD"}, {"trade_id": 847960273, "side": "buy", "size": "0.00074425", "price": "117463.95000000", "time": "2025-07-12T13:03:03.705300Z", "fetched_at": "2025-07-12T13:04:24.209275+00:00", "symbol": "BTC-USD"}, {"trade_id": 847960272, "side": "buy", "size": "0.00169769", "price": "117463.95000000", "time": "2025-07-12T13:03:03.705076Z", "fetched_at": "2025-07-12T13:04:24.209275+00:00", "symbol": "BTC-USD"}, {"trade_id": 847960271, "side": "buy", "size": "0.00665473", "price": "117463.95000000", "time": "2025-07-12T13:03:03.705076Z", "fetched_at": "2025-07-12T13:04:24.209275+00:00", "symbol": "BTC-USD"}, {"trade_id": 847960270, "side": "buy", "size": "0.00183600", "price": "117466.76000000", "time": "2025-07-12T13:03:03.704675Z", "fetched_at": "2025-07-12T13:04:24.209275+00:00", "symbol": "BTC-USD"}, {"trade_id": 847960269, "side": "buy", "size": "0.00335967", "price": "117466.78000000", "time": "2025-07-12T13:03:03.704675Z", "fetched_at": "2025-07-12T13:04:24.209275+00:00", "symbol": "BTC-USD"}, {"trade_id": 847960268, "side": "buy", "size": "0.00020499", "price": "117466.78000000", "time": "2025-07-12T13:03:03.704675Z", "fetched_at": "2025-07-12T13:04:24.209275+00:00", "symbol": "BTC-USD"}, {"trade_id": 847960267, "side": "buy", "size": "0.00001459", "price": "117466.78000000", "time": "2025-07-12T13:03:03.704675Z", "fetched_at": "2025-07-12T13:04:24.209275+00:00", "symbol": "BTC-USD"}, {"trade_id": 847960266, "side": "buy", "size": "0.00061289", "price": "117466.78000000", "time": "2025-07-12T13:03:03.704675Z", "fetched_at": "2025-07-12T13:04:24.209275+00:00", "symbol": "BTC-USD"}, {"trade_id": 847960265, "side": "sell", "size": "0.00000015", "price": "117466.79000000", "time": "2025-07-12T13:03:03.694579Z", "fetched_at": "2025-07-12T13:04:24.209275+00:00", "symbol": "BTC-USD"}, {"trade_id": 847960264, "side": "sell", "size": "0.00168525", "price": "117466.79000000", "time": "2025-07-12T13:03:03.415493Z", "fetched_at": "2025-07-12T13:04:24.209275+00:00", "symbol": "BTC-USD"}, {"trade_id": 847960263, "side": "sell", "size": "0.00004137", "price": "117466.79000000", "time": "2025-07-12T13:03:03.184592Z", "fetched_at": "2025-07-12T13:04:24.209275+00:00", "symbol": "BTC-USD"}, {"trade_id": 847960262, "side": "buy", "size": "0.00000053", "price": "117466.78000000", "time": "2025-07-12T13:03:02.600715Z", "fetched_at": "2025-07-12T13:04:24.209275+00:00", "symbol": "BTC-USD"}, {"trade_id": 847960261, "side": "buy", "size": "0.00000054", "price": "117466.78000000", "time": "2025-07-12T13:03:02.076728Z", "fetched_at": "2025-07-12T13:04:24.209275+00:00", "symbol": "BTC-USD"}, {"trade_id": 847960260, "side": "sell", "size": "0.00004131", "price": "117466.79000000", "time": "2025-07-12T13:03:02.050675Z", "fetched_at": "2025-07-12T13:04:24.209275+00:00", "symbol": "BTC-USD"}, {"trade_id": 847960259, "side": "sell", "size": "0.00000008", "price": "117466.79000000", "time": "2025-07-12T13:03:02.013865Z", "fetched_at": "2025-07-12T13:04:24.209275+00:00", "symbol": "BTC-USD"}, {"trade_id": 847960258, "side": "sell", "size": "0.00012628", "price": "117466.79000000", "time": "2025-07-12T13:03:01.996047Z", "fetched_at": "2025-07-12T13:04:24.209275+00:00", "symbol": "BTC-USD"}, {"trade_id": 847960257, "side": "sell", "size": "0.00177653", "price": "117466.79000000", "time": "2025-07-12T13:03:01.948740Z", "fetched_at": "2025-07-12T13:04:24.209275+00:00", "symbol": "BTC-USD"}, {"trade_id": 847960256, "side": "sell", "size": "0.00008428", "price": "117466.79000000", "time": "2025-07-12T13:03:00.921631Z", "fetched_at": "2025-07-12T13:04:24.209275+00:00", "symbol": "BTC-USD"}, {"trade_id": 847960255, "side": "sell", "size": "0.00049835", "price": "117466.79000000", "time": "2025-07-12T13:03:00.646027Z", "fetched_at": "2025-07-12T13:04:24.209275+00:00", "symbol": "BTC-USD"}, {"trade_id": 847960254, "side": "buy", "size": "0.00335219", "price": "117481.34000000", "time": "2025-07-12T13:02:59.502749Z", "fetched_at": "2025-07-12T13:04:24.209275+00:00", "symbol": "BTC-USD"}, {"trade_id": 847960253, "side": "buy", "size": "0.04242891", "price": "117481.94000000", "time": "2025-07-12T13:02:59.502749Z", "fetched_at": "2025-07-12T13:04:24.209275+00:00", "symbol": "BTC-USD"}, {"trade_id": 847960252, "side": "buy", "size": "0.02804477", "price": "117481.95000000", "time": "2025-07-12T13:02:59.502749Z", "fetched_at": "2025-07-12T13:04:24.209275+00:00", "symbol": "BTC-USD"}, {"trade_id": 847960251, "side": "buy", "size": "0.00003095", "price": "117481.95000000", "time": "2025-07-12T13:02:59.502749Z", "fetched_at": "2025-07-12T13:04:24.209275+00:00", "symbol": "BTC-USD"}, {"trade_id": 847960250, "side": "buy", "size": "0.00001493", "price": "117481.96000000", "time": "2025-07-12T13:02:59.502749Z", "fetched_at": "2025-07-12T13:04:24.209275+00:00", "symbol": "BTC-USD"}, {"trade_id": 847960249, "side": "buy", "size": "0.00550715", "price": "117485.43000000", "time": "2025-07-12T13:02:59.502749Z", "fetched_at": "2025-07-12T13:04:24.209275+00:00", "symbol": "BTC-USD"}, {"trade_id": 847960248, "side": "sell", "size": "0.00003984", "price": "117481.35000000", "time": "2025-07-12T13:02:58.695609Z", "fetched_at": "2025-07-12T13:04:24.209275+00:00", "symbol": "BTC-USD"}, {"trade_id": 847960247, "side": "sell", "size": "0.00001034", "price": "117481.35000000", "time": "2025-07-12T13:02:58.695609Z", "fetched_at": "2025-07-12T13:04:24.209275+00:00", "symbol": "BTC-USD"}, {"trade_id": 847960246, "side": "sell", "size": "0.00001000", "price": "117481.35000000", "time": "2025-07-12T13:02:58.695609Z", "fetched_at": "2025-07-12T13:04:24.209275+00:00", "symbol": "BTC-USD"}, {"trade_id": 847960245, "side": "sell", "size": "0.00000664", "price": "117463.96000000", "time": "2025-07-12T13:02:57.311848Z", "fetched_at": "2025-07-12T13:04:24.209275+00:00", "symbol": "BTC-USD"}, {"trade_id": 847960244, "side": "sell", "size": "0.00000221", "price": "117463.96000000", "time": "2025-07-12T13:02:57.311848Z", "fetched_at": "2025-07-12T13:04:24.209275+00:00", "symbol": "BTC-USD"}, {"trade_id": 847960243, "side": "sell", "size": "0.00001487", "price": "117463.96000000", "time": "2025-07-12T13:02:57.311848Z", "fetched_at": "2025-07-12T13:04:24.209275+00:00", "symbol": "BTC-USD"}, {"trade_id": 847960242, "side": "buy", "size": "0.00042989", "price": "117463.95000000", "time": "2025-07-12T13:02:57.162982Z", "fetched_at": "2025-07-12T13:04:24.209275+00:00", "symbol": "BTC-USD"}, {"trade_id": 847960241, "side": "buy", "size": "0.00023898", "price": "117463.95000000", "time": "2025-07-12T13:02:56.026291Z", "fetched_at": "2025-07-12T13:04:24.209275+00:00", "symbol": "BTC-USD"}, {"trade_id": 847960240, "side": "buy", "size": "0.00000184", "price": "117463.95000000", "time": "2025-07-12T13:02:56.026291Z", "fetched_at": "2025-07-12T13:04:24.209275+00:00", "symbol": "BTC-USD"}, {"trade_id": 847960239, "side": "sell", "size": "0.00000017", "price": "117463.96000000", "time": "2025-07-12T13:02:54.130225Z", "fetched_at": "2025-07-12T13:04:24.209275+00:00", "symbol": "BTC-USD"}, {"trade_id": 847960238, "side": "buy", "size": "0.00000054", "price": "117463.95000000", "time": "2025-07-12T13:02:54.090621Z", "fetched_at": "2025-07-12T13:04:24.209275+00:00", "symbol": "BTC-USD"}, {"trade_id": 847960237, "side": "sell", "size": "0.00000006", "price": "117463.96000000", "time": "2025-07-12T13:02:52.582506Z", "fetched_at": "2025-07-12T13:04:24.209275+00:00", "symbol": "BTC-USD"}, {"trade_id": 847960236, "side": "buy", "size": "0.00001177", "price": "117459.29000000", "time": "2025-07-12T13:02:52.013710Z", "fetched_at": "2025-07-12T13:04:24.209275+00:00", "symbol": "BTC-USD"}, {"trade_id": 847960235, "side": "buy", "size": "0.00001311", "price": "117463.95000000", "time": "2025-07-12T13:02:52.013710Z", "fetched_at": "2025-07-12T13:04:24.209275+00:00", "symbol": "BTC-USD"}, {"trade_id": 847960234, "side": "buy", "size": "0.00914243", "price": "117455.67000000", "time": "2025-07-12T13:02:51.138929Z", "fetched_at": "2025-07-12T13:04:24.209275+00:00", "symbol": "BTC-USD"}, {"trade_id": 847960233, "side": "buy", "size": "0.00001321", "price": "117455.68000000", "time": "2025-07-12T13:02:51.138929Z", "fetched_at": "2025-07-12T13:04:24.209275+00:00", "symbol": "BTC-USD"}, {"trade_id": 847960232, "side": "buy", "size": "0.00617252", "price": "117470.90000000", "time": "2025-07-12T13:02:51.138929Z", "fetched_at": "2025-07-12T13:04:24.209275+00:00", "symbol": "BTC-USD"}, {"trade_id": 847960231, "side": "buy", "size": "0.07449884", "price": "117470.90000000", "time": "2025-07-12T13:02:51.098504Z", "fetched_at": "2025-07-12T13:04:24.209275+00:00", "symbol": "BTC-USD"}, {"trade_id": 847960230, "side": "buy", "size": "0.00000110", "price": "117472.53000000", "time": "2025-07-12T13:02:51.098504Z", "fetched_at": "2025-07-12T13:04:24.209275+00:00", "symbol": "BTC-USD"}, {"trade_id": 847960229, "side": "buy", "size": "0.00001000", "price": "117481.35000000", "time": "2025-07-12T13:02:50.499076Z", "fetched_at": "2025-07-12T13:04:24.209275+00:00", "symbol": "BTC-USD"}, {"trade_id": 847960228, "side": "buy", "size": "0.00000357", "price": "117489.07000000", "time": "2025-07-12T13:02:50.499076Z", "fetched_at": "2025-07-12T13:04:24.209275+00:00", "symbol": "BTC-USD"}, {"trade_id": 847960227, "side": "buy", "size": "0.00680000", "price": "117484.27000000", "time": "2025-07-12T13:02:50.386349Z", "fetched_at": "2025-07-12T13:04:24.209275+00:00", "symbol": "BTC-USD"}, {"trade_id": 847960226, "side": "buy", "size": "0.04800000", "price": "117491.40000000", "time": "2025-07-12T13:02:50.384929Z", "fetched_at": "2025-07-12T13:04:24.209275+00:00", "symbol": "BTC-USD"}, {"trade_id": 847960225, "side": "buy", "size": "0.03500000", "price": "117491.42000000", "time": "2025-07-12T13:02:50.384929Z", "fetched_at": "2025-07-12T13:04:24.209275+00:00", "symbol": "BTC-USD"}, {"trade_id": 847960224, "side": "buy", "size": "0.00001827", "price": "117491.42000000", "time": "2025-07-12T13:02:50.383782Z", "fetched_at": "2025-07-12T13:04:24.209275+00:00", "symbol": "BTC-USD"}, {"trade_id": 847960223, "side": "buy", "size": "0.00851106", "price": "117494.12000000", "time": "2025-07-12T13:02:50.379670Z", "fetched_at": "2025-07-12T13:04:24.209275+00:00", "symbol": "BTC-USD"}, {"trade_id": 847960222, "side": "buy", "size": "0.01806029", "price": "117495.34000000", "time": "2025-07-12T13:02:50.379670Z", "fetched_at": "2025-07-12T13:04:24.209275+00:00", "symbol": "BTC-USD"}, {"trade_id": 847960221, "side": "buy", "size": "0.00680707", "price": "117496.65000000", "time": "2025-07-12T13:02:50.379670Z", "fetched_at": "2025-07-12T13:04:24.209275+00:00", "symbol": "BTC-USD"}, {"trade_id": 847960220, "side": "buy", "size": "0.00219508", "price": "117498.96000000", "time": "2025-07-12T13:02:50.379670Z", "fetched_at": "2025-07-12T13:04:24.209275+00:00", "symbol": "BTC-USD"}, {"trade_id": 847960219, "side": "buy", "size": "0.00139922", "price": "117507.77000000", "time": "2025-07-12T13:02:50.370243Z", "fetched_at": "2025-07-12T13:04:24.209275+00:00", "symbol": "BTC-USD"}, {"trade_id": 847960218, "side": "buy", "size": "0.01286207", "price": "117507.77000000", "time": "2025-07-12T13:02:50.370243Z", "fetched_at": "2025-07-12T13:04:24.209275+00:00", "symbol": "BTC-USD"}, {"trade_id": 847960217, "side": "sell", "size": "0.00000212", "price": "117498.97000000", "time": "2025-07-12T13:02:49.050028Z", "fetched_at": "2025-07-12T13:04:24.209275+00:00", "symbol": "BTC-USD"}, {"trade_id": 847960216, "side": "sell", "size": "0.00001000", "price": "117498.97000000", "time": "2025-07-12T13:02:49.050028Z", "fetched_at": "2025-07-12T13:04:24.209275+00:00", "symbol": "BTC-USD"}, {"trade_id": 847960215, "side": "sell", "size": "0.00001000", "price": "117490.16000000", "time": "2025-07-12T13:02:48.734368Z", "fetched_at": "2025-07-12T13:04:24.209275+00:00", "symbol": "BTC-USD"}, {"trade_id": 847960214, "side": "sell", "size": "0.00340770", "price": "117484.75000000", "time": "2025-07-12T13:02:48.674009Z", "fetched_at": "2025-07-12T13:04:24.209275+00:00", "symbol": "BTC-USD"}, {"trade_id": 847960213, "side": "sell", "size": "0.00001000", "price": "117481.35000000", "time": "2025-07-12T13:02:48.659013Z", "fetched_at": "2025-07-12T13:04:24.209275+00:00", "symbol": "BTC-USD"}, {"trade_id": 847960212, "side": "sell", "size": "0.07291497", "price": "117476.77000000", "time": "2025-07-12T13:02:48.643030Z", "fetched_at": "2025-07-12T13:04:24.209275+00:00", "symbol": "BTC-USD"}, {"trade_id": 847960211, "side": "sell", "size": "0.00006824", "price": "117472.54000000", "time": "2025-07-12T13:02:48.632773Z", "fetched_at": "2025-07-12T13:04:24.209275+00:00", "symbol": "BTC-USD"}, {"trade_id": 847960210, "side": "sell", "size": "0.00001000", "price": "117472.54000000", "time": "2025-07-12T13:02:48.632773Z", "fetched_at": "2025-07-12T13:04:24.209275+00:00", "symbol": "BTC-USD"}, {"trade_id": 847960209, "side": "sell", "size": "0.00042578", "price": "117464.65000000", "time": "2025-07-12T13:02:48.605813Z", "fetched_at": "2025-07-12T13:04:24.209275+00:00", "symbol": "BTC-USD"}, {"trade_id": 847960208, "side": "sell", "size": "0.00001000", "price": "117463.73000000", "time": "2025-07-12T13:02:48.602295Z", "fetched_at": "2025-07-12T13:04:24.209275+00:00", "symbol": "BTC-USD"}, {"trade_id": 847960207, "side": "sell", "size": "0.00000664", "price": "117454.93000000", "time": "2025-07-12T13:02:48.204945Z", "fetched_at": "2025-07-12T13:04:24.209275+00:00", "symbol": "BTC-USD"}, {"trade_id": 847960206, "side": "sell", "size": "0.00001000", "price": "117454.92000000", "time": "2025-07-12T13:02:48.204945Z", "fetched_at": "2025-07-12T13:04:24.209275+00:00", "symbol": "BTC-USD"}, {"trade_id": 847960205, "side": "sell", "size": "0.01806949", "price": "117454.09000000", "time": "2025-07-12T13:02:48.204945Z", "fetched_at": "2025-07-12T13:04:24.209275+00:00", "symbol": "BTC-USD"}, {"trade_id": 847960204, "side": "sell", "size": "0.00008515", "price": "117447.55000000", "time": "2025-07-12T13:02:48.204945Z", "fetched_at": "2025-07-12T13:04:24.209275+00:00", "symbol": "BTC-USD"}, {"trade_id": 847960203, "side": "sell", "size": "0.00000562", "price": "117447.55000000", "time": "2025-07-12T13:02:48.204945Z", "fetched_at": "2025-07-12T13:04:24.209275+00:00", "symbol": "BTC-USD"}, {"trade_id": 847960202, "side": "sell", "size": "0.00851490", "price": "117441.06000000", "time": "2025-07-12T13:02:48.142314Z", "fetched_at": "2025-07-12T13:04:24.209275+00:00", "symbol": "BTC-USD"}, {"trade_id": 847960201, "side": "sell", "size": "0.01806949", "price": "117435.49000000", "time": "2025-07-12T13:02:48.140510Z", "fetched_at": "2025-07-12T13:04:24.209275+00:00", "symbol": "BTC-USD"}, {"trade_id": 847960200, "side": "sell", "size": "0.00008032", "price": "117447.54000000", "time": "2025-07-12T13:02:47.585971Z", "fetched_at": "2025-07-12T13:04:24.209275+00:00", "symbol": "BTC-USD"}, {"trade_id": 847960199, "side": "sell", "size": "0.00008515", "price": "117447.53000000", "time": "2025-07-12T13:02:47.585971Z", "fetched_at": "2025-07-12T13:04:24.209275+00:00", "symbol": "BTC-USD"}, {"trade_id": 847960198, "side": "buy", "size": "0.00000911", "price": "117442.29000000", "time": "2025-07-12T13:02:47.117742Z", "fetched_at": "2025-07-12T13:04:24.209275+00:00", "symbol": "BTC-USD"}, {"trade_id": 847960197, "side": "sell", "size": "0.00286513", "price": "117444.58000000", "time": "2025-07-12T13:02:46.565715Z", "fetched_at": "2025-07-12T13:04:24.209275+00:00", "symbol": "BTC-USD"}, {"trade_id": 847960196, "side": "sell", "size": "0.00008515", "price": "117442.46000000", "time": "2025-07-12T13:02:46.565715Z", "fetched_at": "2025-07-12T13:04:24.209275+00:00", "symbol": "BTC-USD"}, {"trade_id": 847960195, "side": "sell", "size": "0.00002875", "price": "117442.46000000", "time": "2025-07-12T13:02:46.154908Z", "fetched_at": "2025-07-12T13:04:24.209275+00:00", "symbol": "BTC-USD"}, {"trade_id": 847960194, "side": "sell", "size": "0.00000015", "price": "117442.46000000", "time": "2025-07-12T13:02:46.123393Z", "fetched_at": "2025-07-12T13:04:24.209275+00:00", "symbol": "BTC-USD"}, {"trade_id": 847960193, "side": "buy", "size": "0.01382791", "price": "117436.31000000", "time": "2025-07-12T13:02:45.729487Z", "fetched_at": "2025-07-12T13:04:24.209275+00:00", "symbol": "BTC-USD"}, {"trade_id": 847960192, "side": "buy", "size": "0.00000349", "price": "117442.63000000", "time": "2025-07-12T13:02:45.729487Z", "fetched_at": "2025-07-12T13:04:24.209275+00:00", "symbol": "BTC-USD"}, {"trade_id": 847960191, "side": "buy", "size": "0.00681074", "price": "117442.63000000", "time": "2025-07-12T13:02:45.729487Z", "fetched_at": "2025-07-12T13:04:24.209275+00:00", "symbol": "BTC-USD"}, {"trade_id": 847960190, "side": "sell", "size": "0.00000015", "price": "117442.64000000", "time": "2025-07-12T13:02:45.517952Z", "fetched_at": "2025-07-12T13:04:24.209275+00:00", "symbol": "BTC-USD"}, {"trade_id": 847960189, "side": "sell", "size": "0.00003101", "price": "117430.04000000", "time": "2025-07-12T13:02:45.002379Z", "fetched_at": "2025-07-12T13:04:24.209275+00:00", "symbol": "BTC-USD"}, {"trade_id": 847960188, "side": "buy", "size": "0.00008505", "price": "117435.65000000", "time": "2025-07-12T13:02:44.855659Z", "fetched_at": "2025-07-12T13:04:24.209275+00:00", "symbol": "BTC-USD"}, {"trade_id": 847960187, "side": "sell", "size": "0.00018787", "price": "117440.65000000", "time": "2025-07-12T13:02:44.827793Z", "fetched_at": "2025-07-12T13:04:24.209275+00:00", "symbol": "BTC-USD"}, {"trade_id": 847960186, "side": "sell", "size": "0.00008516", "price": "117436.42000000", "time": "2025-07-12T13:02:44.827793Z", "fetched_at": "2025-07-12T13:04:24.209275+00:00", "symbol": "BTC-USD"}, {"trade_id": 847960185, "side": "buy", "size": "0.00000051", "price": "117436.41000000", "time": "2025-07-12T13:02:44.528324Z", "fetched_at": "2025-07-12T13:04:24.209275+00:00", "symbol": "BTC-USD"}, {"trade_id": 847960184, "side": "sell", "size": "0.00011572", "price": "117436.44000000", "time": "2025-07-12T13:02:44.244708Z", "fetched_at": "2025-07-12T13:04:24.209275+00:00", "symbol": "BTC-USD"}, {"trade_id": 847960183, "side": "sell", "size": "0.00008516", "price": "117436.42000000", "time": "2025-07-12T13:02:44.244708Z", "fetched_at": "2025-07-12T13:04:24.209275+00:00", "symbol": "BTC-USD"}, {"trade_id": 847960182, "side": "buy", "size": "0.00000053", "price": "117436.41000000", "time": "2025-07-12T13:02:44.003442Z", "fetched_at": "2025-07-12T13:04:24.209275+00:00", "symbol": "BTC-USD"}, {"trade_id": 847960181, "side": "sell", "size": "0.00052791", "price": "117444.34000000", "time": "2025-07-12T13:02:43.940222Z", "fetched_at": "2025-07-12T13:04:24.209275+00:00", "symbol": "BTC-USD"}, {"trade_id": 847960180, "side": "sell", "size": "0.00003101", "price": "117443.40000000", "time": "2025-07-12T13:02:43.940222Z", "fetched_at": "2025-07-12T13:04:24.209275+00:00", "symbol": "BTC-USD"}, {"trade_id": 847960179, "side": "sell", "size": "0.00000212", "price": "117432.05000000", "time": "2025-07-12T13:02:43.940222Z", "fetched_at": "2025-07-12T13:04:24.209275+00:00", "symbol": "BTC-USD"}, {"trade_id": 847960178, "side": "sell", "size": "0.00008516", "price": "117432.05000000", "time": "2025-07-12T13:02:43.940222Z", "fetched_at": "2025-07-12T13:04:24.209275+00:00", "symbol": "BTC-USD"}, {"trade_id": 847960177, "side": "sell", "size": "0.00023298", "price": "117431.25000000", "time": "2025-07-12T13:02:43.417959Z", "fetched_at": "2025-07-12T13:04:24.209275+00:00", "symbol": "BTC-USD"}, {"trade_id": 847960176, "side": "sell", "size": "0.00008516", "price": "117430.27000000", "time": "2025-07-12T13:02:43.417959Z", "fetched_at": "2025-07-12T13:04:24.209275+00:00", "symbol": "BTC-USD"}, {"trade_id": 847960175, "side": "sell", "size": "0.00201900", "price": "117437.94000000", "time": "2025-07-12T13:02:43.239566Z", "fetched_at": "2025-07-12T13:04:24.209275+00:00", "symbol": "BTC-USD"}, {"trade_id": 847960174, "side": "buy", "size": "0.00016000", "price": "117429.42000000", "time": "2025-07-12T13:02:42.707428Z", "fetched_at": "2025-07-12T13:04:24.209275+00:00", "symbol": "BTC-USD"}, {"trade_id": 847960173, "side": "buy", "size": "0.00031320", "price": "117429.42000000", "time": "2025-07-12T13:02:42.439755Z", "fetched_at": "2025-07-12T13:04:24.209275+00:00", "symbol": "BTC-USD"}, {"trade_id": 847960172, "side": "buy", "size": "0.00000383", "price": "117429.42000000", "time": "2025-07-12T13:02:42.282564Z", "fetched_at": "2025-07-12T13:04:24.209275+00:00", "symbol": "BTC-USD"}, {"trade_id": 847960171, "side": "buy", "size": "0.00000119", "price": "117429.42000000", "time": "2025-07-12T13:02:42.282564Z", "fetched_at": "2025-07-12T13:04:24.209275+00:00", "symbol": "BTC-USD"}, {"trade_id": 847960170, "side": "buy", "size": "0.00000349", "price": "117429.42000000", "time": "2025-07-12T13:02:42.282564Z", "fetched_at": "2025-07-12T13:04:24.209275+00:00", "symbol": "BTC-USD"}, {"trade_id": 847960169, "side": "sell", "size": "0.00048272", "price": "117431.08000000", "time": "2025-07-12T13:02:40.006135Z", "fetched_at": "2025-07-12T13:04:24.209275+00:00", "symbol": "BTC-USD"}, {"trade_id": 847960168, "side": "sell", "size": "0.00000212", "price": "117429.69000000", "time": "2025-07-12T13:02:40.006135Z", "fetched_at": "2025-07-12T13:04:24.209275+00:00", "symbol": "BTC-USD"}, {"trade_id": 847960167, "side": "sell", "size": "0.00008516", "price": "117429.25000000", "time": "2025-07-12T13:02:40.006135Z", "fetched_at": "2025-07-12T13:04:24.209275+00:00", "symbol": "BTC-USD"}, {"trade_id": 847960166, "side": "buy", "size": "0.00175788", "price": "117429.67000000", "time": "2025-07-12T13:02:39.619480Z", "fetched_at": "2025-07-12T13:04:24.209275+00:00", "symbol": "BTC-USD"}, {"trade_id": 847960165, "side": "buy", "size": "0.00000366", "price": "117429.68000000", "time": "2025-07-12T13:02:39.619480Z", "fetched_at": "2025-07-12T13:04:24.209275+00:00", "symbol": "BTC-USD"}, {"trade_id": 847960164, "side": "buy", "size": "0.00000204", "price": "117429.68000000", "time": "2025-07-12T13:02:39.619480Z", "fetched_at": "2025-07-12T13:04:24.209275+00:00", "symbol": "BTC-USD"}, {"trade_id": 847960163, "side": "buy", "size": "0.00328267", "price": "117429.68000000", "time": "2025-07-12T13:02:39.619480Z", "fetched_at": "2025-07-12T13:04:24.209275+00:00", "symbol": "BTC-USD"}, {"trade_id": 847960162, "side": "sell", "size": "0.00032641", "price": "117431.35000000", "time": "2025-07-12T13:02:38.063858Z", "fetched_at": "2025-07-12T13:04:24.209275+00:00", "symbol": "BTC-USD"}, {"trade_id": 847960161, "side": "sell", "size": "0.00008515", "price": "117429.69000000", "time": "2025-07-12T13:02:38.063858Z", "fetched_at": "2025-07-12T13:04:24.209275+00:00", "symbol": "BTC-USD"}, {"trade_id": 847960160, "side": "sell", "size": "0.00000212", "price": "117429.69000000", "time": "2025-07-12T13:02:38.063858Z", "fetched_at": "2025-07-12T13:04:24.209275+00:00", "symbol": "BTC-USD"}, {"trade_id": 847960159, "side": "buy", "size": "0.00001334", "price": "117429.68000000", "time": "2025-07-12T13:02:37.205797Z", "fetched_at": "2025-07-12T13:04:24.209275+00:00", "symbol": "BTC-USD"}, {"trade_id": 847960158, "side": "buy", "size": "0.00510504", "price": "117429.68000000", "time": "2025-07-12T13:02:35.805163Z", "fetched_at": "2025-07-12T13:04:24.209275+00:00", "symbol": "BTC-USD"}, {"trade_id": 847960157, "side": "sell", "size": "0.00035495", "price": "117429.69000000", "time": "2025-07-12T13:02:35.002502Z", "fetched_at": "2025-07-12T13:04:24.209275+00:00", "symbol": "BTC-USD"}, {"trade_id": 847960156, "side": "sell", "size": "0.00008515", "price": "117429.69000000", "time": "2025-07-12T13:02:35.002502Z", "fetched_at": "2025-07-12T13:04:24.209275+00:00", "symbol": "BTC-USD"}, {"trade_id": 847960155, "side": "buy", "size": "0.00022325", "price": "117429.68000000", "time": "2025-07-12T13:02:34.698865Z", "fetched_at": "2025-07-12T13:04:24.209275+00:00", "symbol": "BTC-USD"}, {"trade_id": 847960154, "side": "buy", "size": "0.00851452", "price": "117429.68000000", "time": "2025-07-12T13:02:34.529260Z", "fetched_at": "2025-07-12T13:04:24.209275+00:00", "symbol": "BTC-USD"}, {"trade_id": 847960153, "side": "buy", "size": "0.00021260", "price": "117429.68000000", "time": "2025-07-12T13:02:34.163307Z", "fetched_at": "2025-07-12T13:04:24.209275+00:00", "symbol": "BTC-USD"}, {"trade_id": 847960152, "side": "buy", "size": "0.00001000", "price": "117437.30000000", "time": "2025-07-12T13:02:33.472112Z", "fetched_at": "2025-07-12T13:04:24.209275+00:00", "symbol": "BTC-USD"}, {"trade_id": 847960151, "side": "buy", "size": "0.00000042", "price": "117446.11000000", "time": "2025-07-12T13:02:33.429278Z", "fetched_at": "2025-07-12T13:04:24.209275+00:00", "symbol": "BTC-USD"}, {"trade_id": 847960150, "side": "buy", "size": "0.00001000", "price": "117446.11000000", "time": "2025-07-12T13:02:33.429278Z", "fetched_at": "2025-07-12T13:04:24.209275+00:00", "symbol": "BTC-USD"}, {"trade_id": 847960149, "side": "buy", "size": "0.00231790", "price": "117446.39000000", "time": "2025-07-12T13:02:33.429278Z", "fetched_at": "2025-07-12T13:04:24.209275+00:00", "symbol": "BTC-USD"}, {"trade_id": 847960148, "side": "buy", "size": "0.00000476", "price": "117446.41000000", "time": "2025-07-12T13:02:33.429278Z", "fetched_at": "2025-07-12T13:04:24.209275+00:00", "symbol": "BTC-USD"}, {"trade_id": 847960147, "side": "buy", "size": "0.02648436", "price": "117446.43000000", "time": "2025-07-12T13:02:33.429278Z", "fetched_at": "2025-07-12T13:04:24.209275+00:00", "symbol": "BTC-USD"}, {"trade_id": 847960146, "side": "buy", "size": "0.02175782", "price": "117446.43000000", "time": "2025-07-12T13:02:33.429278Z", "fetched_at": "2025-07-12T13:04:24.209275+00:00", "symbol": "BTC-USD"}, {"trade_id": 847960145, "side": "buy", "size": "0.00002203", "price": "117446.43000000", "time": "2025-07-12T13:02:33.429278Z", "fetched_at": "2025-07-12T13:04:24.209275+00:00", "symbol": "BTC-USD"}, {"trade_id": 847960144, "side": "buy", "size": "0.00658632", "price": "117446.43000000", "time": "2025-07-12T13:02:33.429278Z", "fetched_at": "2025-07-12T13:04:24.209275+00:00", "symbol": "BTC-USD"}, {"trade_id": 847960143, "side": "buy", "size": "0.00154089", "price": "117446.43000000", "time": "2025-07-12T13:02:33.429278Z", "fetched_at": "2025-07-12T13:04:24.209275+00:00", "symbol": "BTC-USD"}, {"trade_id": 847960142, "side": "buy", "size": "0.02313000", "price": "117446.43000000", "time": "2025-07-12T13:02:33.429278Z", "fetched_at": "2025-07-12T13:04:24.209275+00:00", "symbol": "BTC-USD"}, {"trade_id": 847960141, "side": "sell", "size": "0.00006786", "price": "117446.44000000", "time": "2025-07-12T13:02:31.909907Z", "fetched_at": "2025-07-12T13:04:24.209275+00:00", "symbol": "BTC-USD"}, {"trade_id": 847960140, "side": "sell", "size": "0.01263613", "price": "117449.91000000", "time": "2025-07-12T13:02:31.873674Z", "fetched_at": "2025-07-12T13:04:24.209275+00:00", "symbol": "BTC-USD"}, {"trade_id": 847960139, "side": "sell", "size": "0.00205966", "price": "117449.42000000", "time": "2025-07-12T13:02:31.873674Z", "fetched_at": "2025-07-12T13:04:24.209275+00:00", "symbol": "BTC-USD"}, {"trade_id": 847960138, "side": "sell", "size": "0.01806781", "price": "117446.42000000", "time": "2025-07-12T13:02:31.873674Z", "fetched_at": "2025-07-12T13:04:24.209275+00:00", "symbol": "BTC-USD"}, {"trade_id": 847960137, "side": "sell", "size": "0.00851452", "price": "117446.42000000", "time": "2025-07-12T13:02:31.873674Z", "fetched_at": "2025-07-12T13:04:24.209275+00:00", "symbol": "BTC-USD"}, {"trade_id": 847960136, "side": "sell", "size": "0.00008515", "price": "117446.42000000", "time": "2025-07-12T13:02:31.873674Z", "fetched_at": "2025-07-12T13:04:24.209275+00:00", "symbol": "BTC-USD"}, {"trade_id": 847960135, "side": "sell", "size": "0.00131000", "price": "117446.42000000", "time": "2025-07-12T13:02:31.623024Z", "fetched_at": "2025-07-12T13:04:24.209275+00:00", "symbol": "BTC-USD"}, {"trade_id": 847960134, "side": "sell", "size": "0.00144490", "price": "117446.42000000", "time": "2025-07-12T13:02:30.731319Z", "fetched_at": "2025-07-12T13:04:24.209275+00:00", "symbol": "BTC-USD"}, {"trade_id": 847960133, "side": "sell", "size": "0.00233724", "price": "117446.41000000", "time": "2025-07-12T13:02:30.260525Z", "fetched_at": "2025-07-12T13:04:24.209275+00:00", "symbol": "BTC-USD"}, {"trade_id": 847960132, "side": "sell", "size": "0.00008515", "price": "117446.40000000", "time": "2025-07-12T13:02:30.260525Z", "fetched_at": "2025-07-12T13:04:24.209275+00:00", "symbol": "BTC-USD"}, {"trade_id": 847960131, "side": "sell", "size": "0.00004973", "price": "117446.42000000", "time": "2025-07-12T13:02:29.752141Z", "fetched_at": "2025-07-12T13:04:24.209275+00:00", "symbol": "BTC-USD"}, {"trade_id": 847960130, "side": "sell", "size": "0.00834212", "price": "117446.42000000", "time": "2025-07-12T13:02:29.406322Z", "fetched_at": "2025-07-12T13:04:24.209275+00:00", "symbol": "BTC-USD"}, {"trade_id": 847960129, "side": "sell", "size": "0.00000212", "price": "117446.40000000", "time": "2025-07-12T13:02:29.406322Z", "fetched_at": "2025-07-12T13:04:24.209275+00:00", "symbol": "BTC-USD"}, {"trade_id": 847960128, "side": "sell", "size": "0.00008514", "price": "117446.40000000", "time": "2025-07-12T13:02:29.406322Z", "fetched_at": "2025-07-12T13:04:24.209275+00:00", "symbol": "BTC-USD"}, {"trade_id": 847960127, "side": "buy", "size": "0.00002681", "price": "117446.39000000", "time": "2025-07-12T13:02:29.214654Z", "fetched_at": "2025-07-12T13:04:24.209275+00:00", "symbol": "BTC-USD"}, {"trade_id": 847960126, "side": "buy", "size": "0.00008404", "price": "117446.39000000", "time": "2025-07-12T13:02:28.915784Z", "fetched_at": "2025-07-12T13:04:24.209275+00:00", "symbol": "BTC-USD"}, {"trade_id": 847960125, "side": "buy", "size": "0.00002548", "price": "117446.39000000", "time": "2025-07-12T13:02:28.903799Z", "fetched_at": "2025-07-12T13:04:24.209275+00:00", "symbol": "BTC-USD"}, {"trade_id": 847960124, "side": "sell", "size": "0.00008428", "price": "117446.40000000", "time": "2025-07-12T13:02:28.500084Z", "fetched_at": "2025-07-12T13:04:24.209275+00:00", "symbol": "BTC-USD"}, {"trade_id": 847960123, "side": "sell", "size": "0.00002874", "price": "117446.40000000", "time": "2025-07-12T13:02:28.226257Z", "fetched_at": "2025-07-12T13:04:24.209275+00:00", "symbol": "BTC-USD"}, {"trade_id": 847960122, "side": "sell", "size": "0.00000014", "price": "117446.40000000", "time": "2025-07-12T13:02:27.898498Z", "fetched_at": "2025-07-12T13:04:24.209275+00:00", "symbol": "BTC-USD"}, {"trade_id": 847960121, "side": "sell", "size": "0.00000015", "price": "117446.40000000", "time": "2025-07-12T13:02:27.404944Z", "fetched_at": "2025-07-12T13:04:24.209275+00:00", "symbol": "BTC-USD"}, {"trade_id": 847960120, "side": "sell", "size": "0.00013486", "price": "117446.42000000", "time": "2025-07-12T13:02:26.939858Z", "fetched_at": "2025-07-12T13:04:24.209275+00:00", "symbol": "BTC-USD"}, {"trade_id": 847960119, "side": "sell", "size": "0.00008514", "price": "117446.40000000", "time": "2025-07-12T13:02:26.939858Z", "fetched_at": "2025-07-12T13:04:24.209275+00:00", "symbol": "BTC-USD"}, {"trade_id": 847960118, "side": "sell", "size": "0.00002207", "price": "117446.40000000", "time": "2025-07-12T13:02:26.595403Z", "fetched_at": "2025-07-12T13:04:24.209275+00:00", "symbol": "BTC-USD"}, {"trade_id": 847960117, "side": "sell", "size": "0.00000212", "price": "117446.40000000", "time": "2025-07-12T13:02:26.595403Z", "fetched_at": "2025-07-12T13:04:24.209275+00:00", "symbol": "BTC-USD"}, {"trade_id": 847960116, "side": "buy", "size": "0.00000051", "price": "117446.39000000", "time": "2025-07-12T13:02:26.382569Z", "fetched_at": "2025-07-12T13:04:24.209275+00:00", "symbol": "BTC-USD"}, {"trade_id": 847960115, "side": "buy", "size": "0.00000050", "price": "117446.39000000", "time": "2025-07-12T13:02:25.878882Z", "fetched_at": "2025-07-12T13:04:24.209275+00:00", "symbol": "BTC-USD"}, {"trade_id": 847960114, "side": "sell", "size": "0.00235713", "price": "117446.40000000", "time": "2025-07-12T13:02:25.781373Z", "fetched_at": "2025-07-12T13:04:24.209275+00:00", "symbol": "BTC-USD"}, {"trade_id": 847960113, "side": "buy", "size": "0.00003405", "price": "117446.39000000", "time": "2025-07-12T13:02:25.560758Z", "fetched_at": "2025-07-12T13:04:24.209275+00:00", "symbol": "BTC-USD"}, {"trade_id": 847960112, "side": "sell", "size": "0.00001451", "price": "117446.40000000", "time": "2025-07-12T13:02:24.462266Z", "fetched_at": "2025-07-12T13:04:24.209275+00:00", "symbol": "BTC-USD"}, {"trade_id": 847960111, "side": "buy", "size": "0.00085129", "price": "117446.39000000", "time": "2025-07-12T13:02:24.396390Z", "fetched_at": "2025-07-12T13:04:24.209275+00:00", "symbol": "BTC-USD"}, {"trade_id": 847960110, "side": "sell", "size": "0.00118045", "price": "117446.40000000", "time": "2025-07-12T13:02:24.280713Z", "fetched_at": "2025-07-12T13:04:24.209275+00:00", "symbol": "BTC-USD"}, {"trade_id": 847960109, "side": "sell", "size": "0.00008514", "price": "117446.40000000", "time": "2025-07-12T13:02:24.280713Z", "fetched_at": "2025-07-12T13:04:24.209275+00:00", "symbol": "BTC-USD"}, {"trade_id": 847960108, "side": "buy", "size": "0.00159707", "price": "117446.39000000", "time": "2025-07-12T13:02:24.094557Z", "fetched_at": "2025-07-12T13:04:24.209275+00:00", "symbol": "BTC-USD"}, {"trade_id": 847960107, "side": "buy", "size": "0.00000221", "price": "117446.39000000", "time": "2025-07-12T13:02:24.094557Z", "fetched_at": "2025-07-12T13:04:24.209275+00:00", "symbol": "BTC-USD"}, {"trade_id": 847960106, "side": "buy", "size": "0.04549963", "price": "117454.15000000", "time": "2025-07-12T13:02:23.576637Z", "fetched_at": "2025-07-12T13:04:24.209275+00:00", "symbol": "BTC-USD"}, {"trade_id": 847960105, "side": "buy", "size": "0.01200000", "price": "117454.71000000", "time": "2025-07-12T13:02:23.576637Z", "fetched_at": "2025-07-12T13:04:24.209275+00:00", "symbol": "BTC-USD"}, {"trade_id": 847960104, "side": "buy", "size": "0.00000349", "price": "117454.92000000", "time": "2025-07-12T13:02:23.576637Z", "fetched_at": "2025-07-12T13:04:24.209275+00:00", "symbol": "BTC-USD"}, {"trade_id": 847960103, "side": "buy", "size": "0.00000025", "price": "117454.92000000", "time": "2025-07-12T13:02:23.576637Z", "fetched_at": "2025-07-12T13:04:24.209275+00:00", "symbol": "BTC-USD"}, {"trade_id": 847960102, "side": "buy", "size": "0.00000238", "price": "117454.92000000", "time": "2025-07-12T13:02:23.576637Z", "fetched_at": "2025-07-12T13:04:24.209275+00:00", "symbol": "BTC-USD"}, {"trade_id": 847960101, "side": "buy", "size": "0.00001000", "price": "117454.92000000", "time": "2025-07-12T13:02:23.576637Z", "fetched_at": "2025-07-12T13:04:24.209275+00:00", "symbol": "BTC-USD"}, {"trade_id": 847960100, "side": "sell", "size": "0.00152487", "price": "117454.93000000", "time": "2025-07-12T13:02:23.390014Z", "fetched_at": "2025-07-12T13:04:24.209275+00:00", "symbol": "BTC-USD"}, {"trade_id": 847960099, "side": "sell", "size": "0.00008513", "price": "117454.93000000", "time": "2025-07-12T13:02:23.390014Z", "fetched_at": "2025-07-12T13:04:24.209275+00:00", "symbol": "BTC-USD"}, {"trade_id": 847960098, "side": "sell", "size": "0.00008429", "price": "117454.93000000", "time": "2025-07-12T13:02:22.882490Z", "fetched_at": "2025-07-12T13:04:24.209275+00:00", "symbol": "BTC-USD"}, {"trade_id": 847960097, "side": "sell", "size": "0.00044486", "price": "117454.95000000", "time": "2025-07-12T13:02:22.594439Z", "fetched_at": "2025-07-12T13:04:24.209275+00:00", "symbol": "BTC-USD"}, {"trade_id": 847960096, "side": "sell", "size": "0.00008514", "price": "117454.93000000", "time": "2025-07-12T13:02:22.594439Z", "fetched_at": "2025-07-12T13:04:24.209275+00:00", "symbol": "BTC-USD"}, {"trade_id": 847960095, "side": "buy", "size": "0.01200000", "price": "117460.08000000", "time": "2025-07-12T13:02:21.979706Z", "fetched_at": "2025-07-12T13:04:24.209275+00:00", "symbol": "BTC-USD"}, {"trade_id": 847960094, "side": "buy", "size": "0.07587759", "price": "117460.39000000", "time": "2025-07-12T13:02:21.979706Z", "fetched_at": "2025-07-12T13:04:24.209275+00:00", "symbol": "BTC-USD"}, {"trade_id": 847960093, "side": "buy", "size": "0.00246898", "price": "117461.05000000", "time": "2025-07-12T13:02:21.979706Z", "fetched_at": "2025-07-12T13:04:24.209275+00:00", "symbol": "BTC-USD"}, {"trade_id": 847960092, "side": "buy", "size": "0.00000468", "price": "117461.05000000", "time": "2025-07-12T13:02:21.979706Z", "fetched_at": "2025-07-12T13:04:24.209275+00:00", "symbol": "BTC-USD"}, {"trade_id": 847960091, "side": "buy", "size": "0.00001404", "price": "117461.05000000", "time": "2025-07-12T13:02:21.979706Z", "fetched_at": "2025-07-12T13:04:24.209275+00:00", "symbol": "BTC-USD"}, {"trade_id": 847960090, "side": "sell", "size": "0.00003893", "price": "117461.06000000", "time": "2025-07-12T13:02:21.012353Z", "fetched_at": "2025-07-12T13:04:24.209275+00:00", "symbol": "BTC-USD"}, {"trade_id": 847960089, "side": "sell", "size": "0.00008514", "price": "117461.06000000", "time": "2025-07-12T13:02:21.012353Z", "fetched_at": "2025-07-12T13:04:24.209275+00:00", "symbol": "BTC-USD"}, {"trade_id": 847960088, "side": "buy", "size": "0.00055454", "price": "117465.16000000", "time": "2025-07-12T13:02:19.709234Z", "fetched_at": "2025-07-12T13:04:24.209275+00:00", "symbol": "BTC-USD"}, {"trade_id": 847960087, "side": "sell", "size": "0.00020684", "price": "117465.17000000", "time": "2025-07-12T13:02:19.683164Z", "fetched_at": "2025-07-12T13:04:24.209275+00:00", "symbol": "BTC-USD"}, {"trade_id": 847960086, "side": "sell", "size": "0.00111692", "price": "117469.32000000", "time": "2025-07-12T13:02:19.158756Z", "fetched_at": "2025-07-12T13:04:24.209275+00:00", "symbol": "BTC-USD"}