[{"trade_id": 847990491, "side": "buy", "size": "0.00000001", "price": "117429.22000000", "time": "2025-07-12T15:10:47.197705Z", "fetched_at": "2025-07-12T15:10:50.801514+00:00", "symbol": "BTC-USD"}, {"trade_id": 847990490, "side": "sell", "size": "0.00065601", "price": "117429.23000000", "time": "2025-07-12T15:10:46.947110Z", "fetched_at": "2025-07-12T15:10:50.801514+00:00", "symbol": "BTC-USD"}, {"trade_id": 847990489, "side": "sell", "size": "0.00000928", "price": "117429.23000000", "time": "2025-07-12T15:10:45.237010Z", "fetched_at": "2025-07-12T15:10:50.801514+00:00", "symbol": "BTC-USD"}, {"trade_id": 847990488, "side": "sell", "size": "0.00018063", "price": "117429.23000000", "time": "2025-07-12T15:10:44.588851Z", "fetched_at": "2025-07-12T15:10:50.801514+00:00", "symbol": "BTC-USD"}, {"trade_id": 847990487, "side": "sell", "size": "0.00450026", "price": "117429.23000000", "time": "2025-07-12T15:10:44.234805Z", "fetched_at": "2025-07-12T15:10:50.801514+00:00", "symbol": "BTC-USD"}, {"trade_id": 847990486, "side": "sell", "size": "0.00016120", "price": "117427.35000000", "time": "2025-07-12T15:10:44.234805Z", "fetched_at": "2025-07-12T15:10:50.801514+00:00", "symbol": "BTC-USD"}, {"trade_id": 847990485, "side": "sell", "size": "0.00000626", "price": "117427.24000000", "time": "2025-07-12T15:10:44.234805Z", "fetched_at": "2025-07-12T15:10:50.801514+00:00", "symbol": "BTC-USD"}, {"trade_id": 847990484, "side": "sell", "size": "0.00000001", "price": "117425.11000000", "time": "2025-07-12T15:10:44.234805Z", "fetched_at": "2025-07-12T15:10:50.801514+00:00", "symbol": "BTC-USD"}, {"trade_id": 847990483, "side": "sell", "size": "0.00153740", "price": "117420.49000000", "time": "2025-07-12T15:10:44.234805Z", "fetched_at": "2025-07-12T15:10:50.801514+00:00", "symbol": "BTC-USD"}, {"trade_id": 847990482, "side": "sell", "size": "0.00000303", "price": "117419.11000000", "time": "2025-07-12T15:10:44.234805Z", "fetched_at": "2025-07-12T15:10:50.801514+00:00", "symbol": "BTC-USD"}, {"trade_id": 847990481, "side": "sell", "size": "0.00075347", "price": "117414.88000000", "time": "2025-07-12T15:10:43.640980Z", "fetched_at": "2025-07-12T15:10:50.801514+00:00", "symbol": "BTC-USD"}, {"trade_id": 847990480, "side": "sell", "size": "0.00004134", "price": "117414.24000000", "time": "2025-07-12T15:10:43.640980Z", "fetched_at": "2025-07-12T15:10:50.801514+00:00", "symbol": "BTC-USD"}, {"trade_id": 847990479, "side": "sell", "size": "0.00002656", "price": "117414.24000000", "time": "2025-07-12T15:10:43.640980Z", "fetched_at": "2025-07-12T15:10:50.801514+00:00", "symbol": "BTC-USD"}, {"trade_id": 847990478, "side": "sell", "size": "0.00000638", "price": "117414.24000000", "time": "2025-07-12T15:10:43.640980Z", "fetched_at": "2025-07-12T15:10:50.801514+00:00", "symbol": "BTC-USD"}, {"trade_id": 847990477, "side": "buy", "size": "0.00021508", "price": "117414.23000000", "time": "2025-07-12T15:10:43.204591Z", "fetched_at": "2025-07-12T15:10:50.801514+00:00", "symbol": "BTC-USD"}, {"trade_id": 847990476, "side": "sell", "size": "0.00016157", "price": "117414.24000000", "time": "2025-07-12T15:10:42.539607Z", "fetched_at": "2025-07-12T15:10:50.801514+00:00", "symbol": "BTC-USD"}, {"trade_id": 847990475, "side": "sell", "size": "0.00013000", "price": "117414.24000000", "time": "2025-07-12T15:10:42.300694Z", "fetched_at": "2025-07-12T15:10:50.801514+00:00", "symbol": "BTC-USD"}, {"trade_id": 847990474, "side": "sell", "size": "0.00346217", "price": "117420.49000000", "time": "2025-07-12T15:10:41.469305Z", "fetched_at": "2025-07-12T15:10:50.801514+00:00", "symbol": "BTC-USD"}, {"trade_id": 847990473, "side": "sell", "size": "0.00499996", "price": "117420.49000000", "time": "2025-07-12T15:10:41.469305Z", "fetched_at": "2025-07-12T15:10:50.801514+00:00", "symbol": "BTC-USD"}, {"trade_id": 847990472, "side": "sell", "size": "0.00001000", "price": "117418.40000000", "time": "2025-07-12T15:10:41.469305Z", "fetched_at": "2025-07-12T15:10:50.801514+00:00", "symbol": "BTC-USD"}, {"trade_id": 847990471, "side": "sell", "size": "0.00001278", "price": "117418.15000000", "time": "2025-07-12T15:10:41.469305Z", "fetched_at": "2025-07-12T15:10:50.801514+00:00", "symbol": "BTC-USD"}, {"trade_id": 847990470, "side": "sell", "size": "0.00001000", "price": "117409.60000000", "time": "2025-07-12T15:10:41.469305Z", "fetched_at": "2025-07-12T15:10:50.801514+00:00", "symbol": "BTC-USD"}, {"trade_id": 847990469, "side": "sell", "size": "0.00000001", "price": "117409.06000000", "time": "2025-07-12T15:10:41.194468Z", "fetched_at": "2025-07-12T15:10:50.801514+00:00", "symbol": "BTC-USD"}, {"trade_id": 847990468, "side": "sell", "size": "0.00000316", "price": "117407.69000000", "time": "2025-07-12T15:10:41.194468Z", "fetched_at": "2025-07-12T15:10:50.801514+00:00", "symbol": "BTC-USD"}, {"trade_id": 847990467, "side": "sell", "size": "0.00499967", "price": "117402.80000000", "time": "2025-07-12T15:10:41.194468Z", "fetched_at": "2025-07-12T15:10:50.801514+00:00", "symbol": "BTC-USD"}, {"trade_id": 847990466, "side": "sell", "size": "0.00481257", "price": "117402.79000000", "time": "2025-07-12T15:10:41.194468Z", "fetched_at": "2025-07-12T15:10:50.801514+00:00", "symbol": "BTC-USD"}, {"trade_id": 847990465, "side": "sell", "size": "0.00001000", "price": "117400.80000000", "time": "2025-07-12T15:10:41.194468Z", "fetched_at": "2025-07-12T15:10:50.801514+00:00", "symbol": "BTC-USD"}, {"trade_id": 847990464, "side": "sell", "size": "0.01807495", "price": "117400.02000000", "time": "2025-07-12T15:10:41.194365Z", "fetched_at": "2025-07-12T15:10:50.801514+00:00", "symbol": "BTC-USD"}, {"trade_id": 847990463, "side": "sell", "size": "0.00001360", "price": "117400.00000000", "time": "2025-07-12T15:10:41.194365Z", "fetched_at": "2025-07-12T15:10:50.801514+00:00", "symbol": "BTC-USD"}, {"trade_id": 847990462, "side": "sell", "size": "0.00000425", "price": "117400.00000000", "time": "2025-07-12T15:10:41.194365Z", "fetched_at": "2025-07-12T15:10:50.801514+00:00", "symbol": "BTC-USD"}, {"trade_id": 847990461, "side": "sell", "size": "0.00001328", "price": "117400.00000000", "time": "2025-07-12T15:10:41.194365Z", "fetched_at": "2025-07-12T15:10:50.801514+00:00", "symbol": "BTC-USD"}, {"trade_id": 847990460, "side": "sell", "size": "0.01268869", "price": "117400.00000000", "time": "2025-07-12T15:10:41.194365Z", "fetched_at": "2025-07-12T15:10:50.801514+00:00", "symbol": "BTC-USD"}, {"trade_id": 847990459, "side": "sell", "size": "0.00827755", "price": "117400.00000000", "time": "2025-07-12T15:10:41.004431Z", "fetched_at": "2025-07-12T15:10:50.801514+00:00", "symbol": "BTC-USD"}, {"trade_id": 847990458, "side": "buy", "size": "0.00204729", "price": "117399.99000000", "time": "2025-07-12T15:10:40.735432Z", "fetched_at": "2025-07-12T15:10:50.801514+00:00", "symbol": "BTC-USD"}, {"trade_id": 847990457, "side": "buy", "size": "0.00033492", "price": "117399.99000000", "time": "2025-07-12T15:10:40.735432Z", "fetched_at": "2025-07-12T15:10:50.801514+00:00", "symbol": "BTC-USD"}, {"trade_id": 847990456, "side": "buy", "size": "0.00066993", "price": "117399.99000000", "time": "2025-07-12T15:10:40.735432Z", "fetched_at": "2025-07-12T15:10:50.801514+00:00", "symbol": "BTC-USD"}, {"trade_id": 847990455, "side": "buy", "size": "0.00133969", "price": "117399.99000000", "time": "2025-07-12T15:10:40.735432Z", "fetched_at": "2025-07-12T15:10:50.801514+00:00", "symbol": "BTC-USD"}, {"trade_id": 847990454, "side": "buy", "size": "0.00267938", "price": "117399.99000000", "time": "2025-07-12T15:10:40.735432Z", "fetched_at": "2025-07-12T15:10:50.801514+00:00", "symbol": "BTC-USD"}, {"trade_id": 847990453, "side": "buy", "size": "0.00002204", "price": "117399.99000000", "time": "2025-07-12T15:10:40.735432Z", "fetched_at": "2025-07-12T15:10:50.801514+00:00", "symbol": "BTC-USD"}, {"trade_id": 847990452, "side": "buy", "size": "0.00376746", "price": "117399.99000000", "time": "2025-07-12T15:10:40.735432Z", "fetched_at": "2025-07-12T15:10:50.801514+00:00", "symbol": "BTC-USD"}, {"trade_id": 847990451, "side": "sell", "size": "0.00000843", "price": "117400.00000000", "time": "2025-07-12T15:10:40.390957Z", "fetched_at": "2025-07-12T15:10:50.801514+00:00", "symbol": "BTC-USD"}, {"trade_id": 847990450, "side": "sell", "size": "0.00031660", "price": "117400.00000000", "time": "2025-07-12T15:10:40.354782Z", "fetched_at": "2025-07-12T15:10:50.801514+00:00", "symbol": "BTC-USD"}, {"trade_id": 847990449, "side": "buy", "size": "0.00000852", "price": "117399.99000000", "time": "2025-07-12T15:10:38.713759Z", "fetched_at": "2025-07-12T15:10:50.801514+00:00", "symbol": "BTC-USD"}, {"trade_id": 847990448, "side": "sell", "size": "0.00008433", "price": "117400.00000000", "time": "2025-07-12T15:10:38.619849Z", "fetched_at": "2025-07-12T15:10:50.801514+00:00", "symbol": "BTC-USD"}, {"trade_id": 847990447, "side": "sell", "size": "0.00448263", "price": "117400.00000000", "time": "2025-07-12T15:10:38.366229Z", "fetched_at": "2025-07-12T15:10:50.801514+00:00", "symbol": "BTC-USD"}, {"trade_id": 847990446, "side": "sell", "size": "0.00001067", "price": "117400.00000000", "time": "2025-07-12T15:10:38.175312Z", "fetched_at": "2025-07-12T15:10:50.801514+00:00", "symbol": "BTC-USD"}, {"trade_id": 847990445, "side": "buy", "size": "0.00003483", "price": "117399.99000000", "time": "2025-07-12T15:10:36.962152Z", "fetched_at": "2025-07-12T15:10:50.801514+00:00", "symbol": "BTC-USD"}, {"trade_id": 847990444, "side": "sell", "size": "0.00168675", "price": "117400.00000000", "time": "2025-07-12T15:10:36.624118Z", "fetched_at": "2025-07-12T15:10:50.801514+00:00", "symbol": "BTC-USD"}, {"trade_id": 847990443, "side": "buy", "size": "0.00154796", "price": "117399.99000000", "time": "2025-07-12T15:10:34.182364Z", "fetched_at": "2025-07-12T15:10:50.801514+00:00", "symbol": "BTC-USD"}, {"trade_id": 847990442, "side": "buy", "size": "0.00025868", "price": "117399.99000000", "time": "2025-07-12T15:10:34.182364Z", "fetched_at": "2025-07-12T15:10:50.801514+00:00", "symbol": "BTC-USD"}, {"trade_id": 847990441, "side": "sell", "size": "0.00121192", "price": "117400.00000000", "time": "2025-07-12T15:10:33.312630Z", "fetched_at": "2025-07-12T15:10:50.801514+00:00", "symbol": "BTC-USD"}, {"trade_id": 847990440, "side": "sell", "size": "0.00210844", "price": "117400.00000000", "time": "2025-07-12T15:10:31.011327Z", "fetched_at": "2025-07-12T15:10:50.801514+00:00", "symbol": "BTC-USD"}, {"trade_id": 847990439, "side": "sell", "size": "0.00000020", "price": "117400.00000000", "time": "2025-07-12T15:10:29.976260Z", "fetched_at": "2025-07-12T15:10:50.801514+00:00", "symbol": "BTC-USD"}, {"trade_id": 847990438, "side": "buy", "size": "0.00057845", "price": "117399.99000000", "time": "2025-07-12T15:10:29.357973Z", "fetched_at": "2025-07-12T15:10:50.801514+00:00", "symbol": "BTC-USD"}, {"trade_id": 847990437, "side": "buy", "size": "0.00167419", "price": "117399.99000000", "time": "2025-07-12T15:10:29.357973Z", "fetched_at": "2025-07-12T15:10:50.801514+00:00", "symbol": "BTC-USD"}, {"trade_id": 847990436, "side": "buy", "size": "0.00334838", "price": "117399.99000000", "time": "2025-07-12T15:10:29.357973Z", "fetched_at": "2025-07-12T15:10:50.801514+00:00", "symbol": "BTC-USD"}, {"trade_id": 847990435, "side": "buy", "size": "0.00292839", "price": "117399.99000000", "time": "2025-07-12T15:10:29.357973Z", "fetched_at": "2025-07-12T15:10:50.801514+00:00", "symbol": "BTC-USD"}, {"trade_id": 847990434, "side": "buy", "size": "0.00009463", "price": "117399.99000000", "time": "2025-07-12T15:10:28.373365Z", "fetched_at": "2025-07-12T15:10:50.801514+00:00", "symbol": "BTC-USD"}, {"trade_id": 847990433, "side": "buy", "size": "0.00007678", "price": "117399.99000000", "time": "2025-07-12T15:10:28.371930Z", "fetched_at": "2025-07-12T15:10:50.801514+00:00", "symbol": "BTC-USD"}, {"trade_id": 847990432, "side": "buy", "size": "0.00012581", "price": "117399.99000000", "time": "2025-07-12T15:10:28.362785Z", "fetched_at": "2025-07-12T15:10:50.801514+00:00", "symbol": "BTC-USD"}, {"trade_id": 847990431, "side": "buy", "size": "0.00004242", "price": "117399.99000000", "time": "2025-07-12T15:10:26.995421Z", "fetched_at": "2025-07-12T15:10:50.801514+00:00", "symbol": "BTC-USD"}, {"trade_id": 847990430, "side": "sell", "size": "0.00028109", "price": "117400.00000000", "time": "2025-07-12T15:10:24.210845Z", "fetched_at": "2025-07-12T15:10:50.801514+00:00", "symbol": "BTC-USD"}, {"trade_id": 847990429, "side": "sell", "size": "0.00048482", "price": "117400.00000000", "time": "2025-07-12T15:10:24.101737Z", "fetched_at": "2025-07-12T15:10:50.801514+00:00", "symbol": "BTC-USD"}, {"trade_id": 847990428, "side": "buy", "size": "0.00007651", "price": "117399.99000000", "time": "2025-07-12T15:10:23.574423Z", "fetched_at": "2025-07-12T15:10:50.801514+00:00", "symbol": "BTC-USD"}, {"trade_id": 847990427, "side": "sell", "size": "0.00835788", "price": "117400.00000000", "time": "2025-07-12T15:10:21.681678Z", "fetched_at": "2025-07-12T15:10:50.801514+00:00", "symbol": "BTC-USD"}, {"trade_id": 847990426, "side": "sell", "size": "0.00825228", "price": "117396.65000000", "time": "2025-07-12T15:10:21.539991Z", "fetched_at": "2025-07-12T15:10:50.801514+00:00", "symbol": "BTC-USD"}, {"trade_id": 847990425, "side": "sell", "size": "0.00016501", "price": "117394.32000000", "time": "2025-07-12T15:10:21.539991Z", "fetched_at": "2025-07-12T15:10:50.801514+00:00", "symbol": "BTC-USD"}, {"trade_id": 847990424, "side": "sell", "size": "0.00000212", "price": "117394.32000000", "time": "2025-07-12T15:10:21.539991Z", "fetched_at": "2025-07-12T15:10:50.801514+00:00", "symbol": "BTC-USD"}, {"trade_id": 847990423, "side": "sell", "size": "0.00000707", "price": "117394.32000000", "time": "2025-07-12T15:10:21.539991Z", "fetched_at": "2025-07-12T15:10:50.801514+00:00", "symbol": "BTC-USD"}, {"trade_id": 847990422, "side": "sell", "size": "0.00000664", "price": "117394.32000000", "time": "2025-07-12T15:10:21.539991Z", "fetched_at": "2025-07-12T15:10:50.801514+00:00", "symbol": "BTC-USD"}, {"trade_id": 847990421, "side": "buy", "size": "0.00020036", "price": "117394.31000000", "time": "2025-07-12T15:10:21.290581Z", "fetched_at": "2025-07-12T15:10:50.801514+00:00", "symbol": "BTC-USD"}, {"trade_id": 847990420, "side": "buy", "size": "0.00344139", "price": "117394.31000000", "time": "2025-07-12T15:10:20.642797Z", "fetched_at": "2025-07-12T15:10:50.801514+00:00", "symbol": "BTC-USD"}, {"trade_id": 847990419, "side": "buy", "size": "0.00022803", "price": "117394.31000000", "time": "2025-07-12T15:10:20.391586Z", "fetched_at": "2025-07-12T15:10:50.801514+00:00", "symbol": "BTC-USD"}, {"trade_id": 847990418, "side": "buy", "size": "0.00014977", "price": "117394.31000000", "time": "2025-07-12T15:10:20.104304Z", "fetched_at": "2025-07-12T15:10:50.801514+00:00", "symbol": "BTC-USD"}, {"trade_id": 847990417, "side": "buy", "size": "0.00009341", "price": "117394.31000000", "time": "2025-07-12T15:10:20.104304Z", "fetched_at": "2025-07-12T15:10:50.801514+00:00", "symbol": "BTC-USD"}, {"trade_id": 847990416, "side": "sell", "size": "0.00008222", "price": "117385.35000000", "time": "2025-07-12T15:10:19.784327Z", "fetched_at": "2025-07-12T15:10:50.801514+00:00", "symbol": "BTC-USD"}, {"trade_id": 847990415, "side": "sell", "size": "0.00413898", "price": "117385.35000000", "time": "2025-07-12T15:10:19.671888Z", "fetched_at": "2025-07-12T15:10:50.801514+00:00", "symbol": "BTC-USD"}, {"trade_id": 847990414, "side": "sell", "size": "0.00045244", "price": "117385.35000000", "time": "2025-07-12T15:10:18.241559Z", "fetched_at": "2025-07-12T15:10:50.801514+00:00", "symbol": "BTC-USD"}, {"trade_id": 847990413, "side": "sell", "size": "0.00226000", "price": "117385.35000000", "time": "2025-07-12T15:10:17.454745Z", "fetched_at": "2025-07-12T15:10:50.801514+00:00", "symbol": "BTC-USD"}, {"trade_id": 847990412, "side": "sell", "size": "0.00000739", "price": "117385.33000000", "time": "2025-07-12T15:10:16.933559Z", "fetched_at": "2025-07-12T15:10:50.801514+00:00", "symbol": "BTC-USD"}, {"trade_id": 847990411, "side": "sell", "size": "0.00822558", "price": "117385.33000000", "time": "2025-07-12T15:10:15.675103Z", "fetched_at": "2025-07-12T15:10:50.801514+00:00", "symbol": "BTC-USD"}, {"trade_id": 847990410, "side": "buy", "size": "0.00000014", "price": "117385.32000000", "time": "2025-07-12T15:10:15.661645Z", "fetched_at": "2025-07-12T15:10:50.801514+00:00", "symbol": "BTC-USD"}, {"trade_id": 847990409, "side": "buy", "size": "0.00009342", "price": "117385.32000000", "time": "2025-07-12T15:10:15.661645Z", "fetched_at": "2025-07-12T15:10:50.801514+00:00", "symbol": "BTC-USD"}, {"trade_id": 847990408, "side": "sell", "size": "0.00008222", "price": "117385.33000000", "time": "2025-07-12T15:10:15.503477Z", "fetched_at": "2025-07-12T15:10:50.801514+00:00", "symbol": "BTC-USD"}, {"trade_id": 847990407, "side": "sell", "size": "0.00016158", "price": "117385.33000000", "time": "2025-07-12T15:10:15.383564Z", "fetched_at": "2025-07-12T15:10:50.801514+00:00", "symbol": "BTC-USD"}, {"trade_id": 847990406, "side": "sell", "size": "0.00122327", "price": "117385.33000000", "time": "2025-07-12T15:10:14.973560Z", "fetched_at": "2025-07-12T15:10:50.801514+00:00", "symbol": "BTC-USD"}, {"trade_id": 847990405, "side": "buy", "size": "0.00009342", "price": "117385.91000000", "time": "2025-07-12T15:10:14.667114Z", "fetched_at": "2025-07-12T15:10:50.801514+00:00", "symbol": "BTC-USD"}, {"trade_id": 847990404, "side": "buy", "size": "0.00033676", "price": "117380.53000000", "time": "2025-07-12T15:10:14.550068Z", "fetched_at": "2025-07-12T15:10:50.801514+00:00", "symbol": "BTC-USD"}, {"trade_id": 847990403, "side": "buy", "size": "0.00009341", "price": "117388.28000000", "time": "2025-07-12T15:10:14.550068Z", "fetched_at": "2025-07-12T15:10:50.801514+00:00", "symbol": "BTC-USD"}, {"trade_id": 847990402, "side": "sell", "size": "0.01807795", "price": "117380.54000000", "time": "2025-07-12T15:10:14.095378Z", "fetched_at": "2025-07-12T15:10:50.801514+00:00", "symbol": "BTC-USD"}, {"trade_id": 847990401, "side": "sell", "size": "0.01162000", "price": "117380.52000000", "time": "2025-07-12T15:10:14.095378Z", "fetched_at": "2025-07-12T15:10:50.801514+00:00", "symbol": "BTC-USD"}, {"trade_id": 847990400, "side": "buy", "size": "0.01662207", "price": "117389.19000000", "time": "2025-07-12T15:10:14.062996Z", "fetched_at": "2025-07-12T15:10:50.801514+00:00", "symbol": "BTC-USD"}, {"trade_id": 847990399, "side": "buy", "size": "0.01045187", "price": "117389.19000000", "time": "2025-07-12T15:10:14.059459Z", "fetched_at": "2025-07-12T15:10:50.801514+00:00", "symbol": "BTC-USD"}, {"trade_id": 847990398, "side": "buy", "size": "0.02092606", "price": "117389.19000000", "time": "2025-07-12T15:10:14.037496Z", "fetched_at": "2025-07-12T15:10:50.801514+00:00", "symbol": "BTC-USD"}, {"trade_id": 847990397, "side": "buy", "size": "0.08341094", "price": "117390.00000000", "time": "2025-07-12T15:10:14.030323Z", "fetched_at": "2025-07-12T15:10:50.801514+00:00", "symbol": "BTC-USD"}, {"trade_id": 847990396, "side": "buy", "size": "0.02560000", "price": "117390.15000000", "time": "2025-07-12T15:10:14.030323Z", "fetched_at": "2025-07-12T15:10:50.801514+00:00", "symbol": "BTC-USD"}, {"trade_id": 847990395, "side": "buy", "size": "0.00914000", "price": "117390.00000000", "time": "2025-07-12T15:10:14.020978Z", "fetched_at": "2025-07-12T15:10:50.801514+00:00", "symbol": "BTC-USD"}, {"trade_id": 847990394, "side": "buy", "size": "0.00222000", "price": "117390.00000000", "time": "2025-07-12T15:10:14.020338Z", "fetched_at": "2025-07-12T15:10:50.801514+00:00", "symbol": "BTC-USD"}, {"trade_id": 847990393, "side": "buy", "size": "0.05448000", "price": "117390.00000000", "time": "2025-07-12T15:10:14.019987Z", "fetched_at": "2025-07-12T15:10:50.801514+00:00", "symbol": "BTC-USD"}, {"trade_id": 847990392, "side": "buy", "size": "0.07243713", "price": "117390.00000000", "time": "2025-07-12T15:10:14.018261Z", "fetched_at": "2025-07-12T15:10:50.801514+00:00", "symbol": "BTC-USD"}, {"trade_id": 847990391, "side": "buy", "size": "0.00012479", "price": "117390.14000000", "time": "2025-07-12T15:10:14.018261Z", "fetched_at": "2025-07-12T15:10:50.801514+00:00", "symbol": "BTC-USD"}, {"trade_id": 847990390, "side": "buy", "size": "0.00037030", "price": "117390.14000000", "time": "2025-07-12T15:10:14.018261Z", "fetched_at": "2025-07-12T15:10:50.801514+00:00", "symbol": "BTC-USD"}, {"trade_id": 847990389, "side": "buy", "size": "0.00110494", "price": "117390.14000000", "time": "2025-07-12T15:10:14.018261Z", "fetched_at": "2025-07-12T15:10:50.801514+00:00", "symbol": "BTC-USD"}, {"trade_id": 847990388, "side": "buy", "size": "0.00331424", "price": "117390.14000000", "time": "2025-07-12T15:10:14.018261Z", "fetched_at": "2025-07-12T15:10:50.801514+00:00", "symbol": "BTC-USD"}, {"trade_id": 847990387, "side": "buy", "size": "0.00009341", "price": "117390.15000000", "time": "2025-07-12T15:10:14.018261Z", "fetched_at": "2025-07-12T15:10:50.801514+00:00", "symbol": "BTC-USD"}, {"trade_id": 847990386, "side": "buy", "size": "0.00000009", "price": "117390.15000000", "time": "2025-07-12T15:10:14.018261Z", "fetched_at": "2025-07-12T15:10:50.801514+00:00", "symbol": "BTC-USD"}, {"trade_id": 847990385, "side": "buy", "size": "0.00110542", "price": "117393.31000000", "time": "2025-07-12T15:10:14.012829Z", "fetched_at": "2025-07-12T15:10:50.801514+00:00", "symbol": "BTC-USD"}, {"trade_id": 847990384, "side": "buy", "size": "0.00160911", "price": "117393.98000000", "time": "2025-07-12T15:10:14.012829Z", "fetched_at": "2025-07-12T15:10:50.801514+00:00", "symbol": "BTC-USD"}, {"trade_id": 847990383, "side": "buy", "size": "0.00482009", "price": "117393.98000000", "time": "2025-07-12T15:10:14.012829Z", "fetched_at": "2025-07-12T15:10:50.801514+00:00", "symbol": "BTC-USD"}, {"trade_id": 847990382, "side": "buy", "size": "0.00012734", "price": "117394.01000000", "time": "2025-07-12T15:10:14.012829Z", "fetched_at": "2025-07-12T15:10:50.801514+00:00", "symbol": "BTC-USD"}, {"trade_id": 847990381, "side": "buy", "size": "0.00037420", "price": "117394.01000000", "time": "2025-07-12T15:10:14.012829Z", "fetched_at": "2025-07-12T15:10:50.801514+00:00", "symbol": "BTC-USD"}, {"trade_id": 847990380, "side": "buy", "size": "0.00111496", "price": "117394.01000000", "time": "2025-07-12T15:10:14.012829Z", "fetched_at": "2025-07-12T15:10:50.801514+00:00", "symbol": "BTC-USD"}, {"trade_id": 847990379, "side": "buy", "size": "0.00143308", "price": "117394.01000000", "time": "2025-07-12T15:10:14.012829Z", "fetched_at": "2025-07-12T15:10:50.801514+00:00", "symbol": "BTC-USD"}, {"trade_id": 847990378, "side": "buy", "size": "0.00190473", "price": "117394.01000000", "time": "2025-07-12T15:10:14.012773Z", "fetched_at": "2025-07-12T15:10:50.801514+00:00", "symbol": "BTC-USD"}, {"trade_id": 847990377, "side": "buy", "size": "0.01033560", "price": "117394.01000000", "time": "2025-07-12T15:10:14.012773Z", "fetched_at": "2025-07-12T15:10:50.801514+00:00", "symbol": "BTC-USD"}, {"trade_id": 847990376, "side": "buy", "size": "0.02581344", "price": "117394.01000000", "time": "2025-07-12T15:10:14.012773Z", "fetched_at": "2025-07-12T15:10:50.801514+00:00", "symbol": "BTC-USD"}, {"trade_id": 847990375, "side": "buy", "size": "0.01136609", "price": "117394.01000000", "time": "2025-07-12T15:10:14.012773Z", "fetched_at": "2025-07-12T15:10:50.801514+00:00", "symbol": "BTC-USD"}, {"trade_id": 847990374, "side": "buy", "size": "0.00104723", "price": "117394.31000000", "time": "2025-07-12T15:10:14.012773Z", "fetched_at": "2025-07-12T15:10:50.801514+00:00", "symbol": "BTC-USD"}, {"trade_id": 847990373, "side": "buy", "size": "0.00209439", "price": "117394.31000000", "time": "2025-07-12T15:10:14.012773Z", "fetched_at": "2025-07-12T15:10:50.801514+00:00", "symbol": "BTC-USD"}, {"trade_id": 847990372, "side": "buy", "size": "0.00418878", "price": "117394.31000000", "time": "2025-07-12T15:10:14.012773Z", "fetched_at": "2025-07-12T15:10:50.801514+00:00", "symbol": "BTC-USD"}, {"trade_id": 847990371, "side": "buy", "size": "0.00006559", "price": "117394.31000000", "time": "2025-07-12T15:10:14.012773Z", "fetched_at": "2025-07-12T15:10:50.801514+00:00", "symbol": "BTC-USD"}, {"trade_id": 847990370, "side": "buy", "size": "0.00012521", "price": "117394.31000000", "time": "2025-07-12T15:10:14.012773Z", "fetched_at": "2025-07-12T15:10:50.801514+00:00", "symbol": "BTC-USD"}, {"trade_id": 847990369, "side": "buy", "size": "0.00037097", "price": "117394.31000000", "time": "2025-07-12T15:10:14.012773Z", "fetched_at": "2025-07-12T15:10:50.801514+00:00", "symbol": "BTC-USD"}, {"trade_id": 847990368, "side": "buy", "size": "0.00002204", "price": "117394.31000000", "time": "2025-07-12T15:10:14.012773Z", "fetched_at": "2025-07-12T15:10:50.801514+00:00", "symbol": "BTC-USD"}, {"trade_id": 847990367, "side": "buy", "size": "0.00110593", "price": "117394.31000000", "time": "2025-07-12T15:10:14.012773Z", "fetched_at": "2025-07-12T15:10:50.801514+00:00", "symbol": "BTC-USD"}, {"trade_id": 847990366, "side": "buy", "size": "0.00248724", "price": "117394.31000000", "time": "2025-07-12T15:10:14.012773Z", "fetched_at": "2025-07-12T15:10:50.801514+00:00", "symbol": "BTC-USD"}, {"trade_id": 847990365, "side": "buy", "size": "0.00082842", "price": "117394.31000000", "time": "2025-07-12T15:10:14.012398Z", "fetched_at": "2025-07-12T15:10:50.801514+00:00", "symbol": "BTC-USD"}, {"trade_id": 847990364, "side": "buy", "size": "0.00006772", "price": "117394.31000000", "time": "2025-07-12T15:10:14.012398Z", "fetched_at": "2025-07-12T15:10:50.801514+00:00", "symbol": "BTC-USD"}, {"trade_id": 847990363, "side": "buy", "size": "0.01562311", "price": "117394.31000000", "time": "2025-07-12T15:10:14.012398Z", "fetched_at": "2025-07-12T15:10:50.801514+00:00", "symbol": "BTC-USD"}, {"trade_id": 847990362, "side": "sell", "size": "0.00009929", "price": "117394.32000000", "time": "2025-07-12T15:10:13.728464Z", "fetched_at": "2025-07-12T15:10:50.801514+00:00", "symbol": "BTC-USD"}, {"trade_id": 847990361, "side": "sell", "size": "0.00001597", "price": "117394.32000000", "time": "2025-07-12T15:10:13.521816Z", "fetched_at": "2025-07-12T15:10:50.801514+00:00", "symbol": "BTC-USD"}, {"trade_id": 847990360, "side": "sell", "size": "0.00044122", "price": "117394.32000000", "time": "2025-07-12T15:10:13.445534Z", "fetched_at": "2025-07-12T15:10:50.801514+00:00", "symbol": "BTC-USD"}, {"trade_id": 847990359, "side": "buy", "size": "0.01137689", "price": "117394.31000000", "time": "2025-07-12T15:10:12.087364Z", "fetched_at": "2025-07-12T15:10:50.801514+00:00", "symbol": "BTC-USD"}, {"trade_id": 847990358, "side": "sell", "size": "0.00299667", "price": "117394.32000000", "time": "2025-07-12T15:10:11.942135Z", "fetched_at": "2025-07-12T15:10:50.801514+00:00", "symbol": "BTC-USD"}, {"trade_id": 847990357, "side": "sell", "size": "0.00001034", "price": "117394.32000000", "time": "2025-07-12T15:10:11.942135Z", "fetched_at": "2025-07-12T15:10:50.801514+00:00", "symbol": "BTC-USD"}, {"trade_id": 847990356, "side": "sell", "size": "0.01807583", "price": "117394.32000000", "time": "2025-07-12T15:10:11.942135Z", "fetched_at": "2025-07-12T15:10:50.801514+00:00", "symbol": "BTC-USD"}, {"trade_id": 847990355, "side": "sell", "size": "0.00775245", "price": "117394.41000000", "time": "2025-07-12T15:10:09.638863Z", "fetched_at": "2025-07-12T15:10:50.801514+00:00", "symbol": "BTC-USD"}, {"trade_id": 847990354, "side": "sell", "size": "0.00000212", "price": "117394.32000000", "time": "2025-07-12T15:10:09.638863Z", "fetched_at": "2025-07-12T15:10:50.801514+00:00", "symbol": "BTC-USD"}, {"trade_id": 847990353, "side": "sell", "size": "0.00001033", "price": "117394.32000000", "time": "2025-07-12T15:10:09.638863Z", "fetched_at": "2025-07-12T15:10:50.801514+00:00", "symbol": "BTC-USD"}, {"trade_id": 847990352, "side": "sell", "size": "0.00000664", "price": "117394.32000000", "time": "2025-07-12T15:10:09.638863Z", "fetched_at": "2025-07-12T15:10:50.801514+00:00", "symbol": "BTC-USD"}, {"trade_id": 847990351, "side": "sell", "size": "0.01172189", "price": "117394.32000000", "time": "2025-07-12T15:10:09.638863Z", "fetched_at": "2025-07-12T15:10:50.801514+00:00", "symbol": "BTC-USD"}, {"trade_id": 847990350, "side": "sell", "size": "0.00000200", "price": "117394.32000000", "time": "2025-07-12T15:10:09.472061Z", "fetched_at": "2025-07-12T15:10:50.801514+00:00", "symbol": "BTC-USD"}, {"trade_id": 847990349, "side": "buy", "size": "0.00278691", "price": "117394.31000000", "time": "2025-07-12T15:10:09.404423Z", "fetched_at": "2025-07-12T15:10:50.801514+00:00", "symbol": "BTC-USD"}, {"trade_id": 847990348, "side": "sell", "size": "0.00004141", "price": "117394.32000000", "time": "2025-07-12T15:10:09.233096Z", "fetched_at": "2025-07-12T15:10:50.801514+00:00", "symbol": "BTC-USD"}, {"trade_id": 847990347, "side": "sell", "size": "0.00084332", "price": "117394.32000000", "time": "2025-07-12T15:10:08.000154Z", "fetched_at": "2025-07-12T15:10:50.801514+00:00", "symbol": "BTC-USD"}, {"trade_id": 847990346, "side": "sell", "size": "0.00000843", "price": "117394.32000000", "time": "2025-07-12T15:10:07.855887Z", "fetched_at": "2025-07-12T15:10:50.801514+00:00", "symbol": "BTC-USD"}, {"trade_id": 847990345, "side": "sell", "size": "0.00282788", "price": "117394.32000000", "time": "2025-07-12T15:10:07.577756Z", "fetched_at": "2025-07-12T15:10:50.801514+00:00", "symbol": "BTC-USD"}, {"trade_id": 847990344, "side": "sell", "size": "0.00054816", "price": "117394.32000000", "time": "2025-07-12T15:10:06.461095Z", "fetched_at": "2025-07-12T15:10:50.801514+00:00", "symbol": "BTC-USD"}, {"trade_id": 847990343, "side": "buy", "size": "0.00025482", "price": "117394.31000000", "time": "2025-07-12T15:10:06.298454Z", "fetched_at": "2025-07-12T15:10:50.801514+00:00", "symbol": "BTC-USD"}, {"trade_id": 847990342, "side": "sell", "size": "0.00196000", "price": "117394.32000000", "time": "2025-07-12T15:10:05.545016Z", "fetched_at": "2025-07-12T15:10:50.801514+00:00", "symbol": "BTC-USD"}, {"trade_id": 847990341, "side": "sell", "size": "0.00005085", "price": "117394.32000000", "time": "2025-07-12T15:10:05.544576Z", "fetched_at": "2025-07-12T15:10:50.801514+00:00", "symbol": "BTC-USD"}, {"trade_id": 847990340, "side": "sell", "size": "0.00007189", "price": "117394.32000000", "time": "2025-07-12T15:10:05.425003Z", "fetched_at": "2025-07-12T15:10:50.801514+00:00", "symbol": "BTC-USD"}, {"trade_id": 847990339, "side": "sell", "size": "0.00001033", "price": "117394.30000000", "time": "2025-07-12T15:10:05.425003Z", "fetched_at": "2025-07-12T15:10:50.801514+00:00", "symbol": "BTC-USD"}, {"trade_id": 847990338, "side": "sell", "size": "0.00001654", "price": "117394.02000000", "time": "2025-07-12T15:10:04.473366Z", "fetched_at": "2025-07-12T15:10:50.801514+00:00", "symbol": "BTC-USD"}, {"trade_id": 847990337, "side": "sell", "size": "0.00000212", "price": "117394.02000000", "time": "2025-07-12T15:10:04.473366Z", "fetched_at": "2025-07-12T15:10:50.801514+00:00", "symbol": "BTC-USD"}, {"trade_id": 847990336, "side": "sell", "size": "0.00000664", "price": "117394.02000000", "time": "2025-07-12T15:10:04.473366Z", "fetched_at": "2025-07-12T15:10:50.801514+00:00", "symbol": "BTC-USD"}, {"trade_id": 847990335, "side": "sell", "size": "0.00084332", "price": "117394.02000000", "time": "2025-07-12T15:10:04.213413Z", "fetched_at": "2025-07-12T15:10:50.801514+00:00", "symbol": "BTC-USD"}, {"trade_id": 847990334, "side": "sell", "size": "0.00827795", "price": "117394.02000000", "time": "2025-07-12T15:10:02.920100Z", "fetched_at": "2025-07-12T15:10:50.801514+00:00", "symbol": "BTC-USD"}, {"trade_id": 847990333, "side": "sell", "size": "0.00020695", "price": "117394.02000000", "time": "2025-07-12T15:10:02.148864Z", "fetched_at": "2025-07-12T15:10:50.801514+00:00", "symbol": "BTC-USD"}, {"trade_id": 847990332, "side": "sell", "size": "0.00005903", "price": "117394.02000000", "time": "2025-07-12T15:10:01.714609Z", "fetched_at": "2025-07-12T15:10:50.801514+00:00", "symbol": "BTC-USD"}, {"trade_id": 847990331, "side": "sell", "size": "0.00084332", "price": "117394.02000000", "time": "2025-07-12T15:10:01.663452Z", "fetched_at": "2025-07-12T15:10:50.801514+00:00", "symbol": "BTC-USD"}, {"trade_id": 847990330, "side": "sell", "size": "0.00025300", "price": "117394.02000000", "time": "2025-07-12T15:10:01.638636Z", "fetched_at": "2025-07-12T15:10:50.801514+00:00", "symbol": "BTC-USD"}, {"trade_id": 847990329, "side": "sell", "size": "0.00008079", "price": "117394.02000000", "time": "2025-07-12T15:10:01.291669Z", "fetched_at": "2025-07-12T15:10:50.801514+00:00", "symbol": "BTC-USD"}, {"trade_id": 847990328, "side": "sell", "size": "0.00004990", "price": "117394.02000000", "time": "2025-07-12T15:10:01.159284Z", "fetched_at": "2025-07-12T15:10:50.801514+00:00", "symbol": "BTC-USD"}, {"trade_id": 847990327, "side": "sell", "size": "0.00000810", "price": "117394.02000000", "time": "2025-07-12T15:10:01.117623Z", "fetched_at": "2025-07-12T15:10:50.801514+00:00", "symbol": "BTC-USD"}, {"trade_id": 847990326, "side": "buy", "size": "0.00076667", "price": "117394.01000000", "time": "2025-07-12T15:10:01.014638Z", "fetched_at": "2025-07-12T15:10:50.801514+00:00", "symbol": "BTC-USD"}, {"trade_id": 847990325, "side": "sell", "size": "0.00044434", "price": "117394.02000000", "time": "2025-07-12T15:10:00.992930Z", "fetched_at": "2025-07-12T15:10:50.801514+00:00", "symbol": "BTC-USD"}, {"trade_id": 847990324, "side": "sell", "size": "0.00016158", "price": "117394.02000000", "time": "2025-07-12T15:10:00.983825Z", "fetched_at": "2025-07-12T15:10:50.801514+00:00", "symbol": "BTC-USD"}, {"trade_id": 847990323, "side": "buy", "size": "0.00002982", "price": "117394.01000000", "time": "2025-07-12T15:10:00.700061Z", "fetched_at": "2025-07-12T15:10:50.801514+00:00", "symbol": "BTC-USD"}, {"trade_id": 847990322, "side": "buy", "size": "0.00727702", "price": "117394.01000000", "time": "2025-07-12T15:09:59.994530Z", "fetched_at": "2025-07-12T15:10:50.801514+00:00", "symbol": "BTC-USD"}, {"trade_id": 847990321, "side": "buy", "size": "0.00281972", "price": "117393.99000000", "time": "2025-07-12T15:09:59.709243Z", "fetched_at": "2025-07-12T15:10:50.801514+00:00", "symbol": "BTC-USD"}, {"trade_id": 847990320, "side": "buy", "size": "0.00013041", "price": "117394.29000000", "time": "2025-07-12T15:09:59.709243Z", "fetched_at": "2025-07-12T15:10:50.801514+00:00", "symbol": "BTC-USD"}, {"trade_id": 847990319, "side": "buy", "size": "0.00009370", "price": "117394.29000000", "time": "2025-07-12T15:09:59.709243Z", "fetched_at": "2025-07-12T15:10:50.801514+00:00", "symbol": "BTC-USD"}, {"trade_id": 847990318, "side": "buy", "size": "0.00038724", "price": "117394.29000000", "time": "2025-07-12T15:09:59.709243Z", "fetched_at": "2025-07-12T15:10:50.801514+00:00", "symbol": "BTC-USD"}, {"trade_id": 847990317, "side": "buy", "size": "0.00116010", "price": "117394.29000000", "time": "2025-07-12T15:09:59.709243Z", "fetched_at": "2025-07-12T15:10:50.801514+00:00", "symbol": "BTC-USD"}, {"trade_id": 847990316, "side": "buy", "size": "0.00347367", "price": "117394.29000000", "time": "2025-07-12T15:09:59.709243Z", "fetched_at": "2025-07-12T15:10:50.801514+00:00", "symbol": "BTC-USD"}, {"trade_id": 847990315, "side": "buy", "size": "0.00053895", "price": "117394.29000000", "time": "2025-07-12T15:09:59.709243Z", "fetched_at": "2025-07-12T15:10:50.801514+00:00", "symbol": "BTC-USD"}, {"trade_id": 847990314, "side": "sell", "size": "0.01100000", "price": "117394.30000000", "time": "2025-07-12T15:09:59.442399Z", "fetched_at": "2025-07-12T15:10:50.801514+00:00", "symbol": "BTC-USD"}, {"trade_id": 847990313, "side": "sell", "size": "0.00041390", "price": "117394.30000000", "time": "2025-07-12T15:09:59.419753Z", "fetched_at": "2025-07-12T15:10:50.801514+00:00", "symbol": "BTC-USD"}, {"trade_id": 847990312, "side": "sell", "size": "0.00026143", "price": "117394.30000000", "time": "2025-07-12T15:09:59.244288Z", "fetched_at": "2025-07-12T15:10:50.801514+00:00", "symbol": "BTC-USD"}, {"trade_id": 847990311, "side": "sell", "size": "0.00038877", "price": "117394.30000000", "time": "2025-07-12T15:09:59.073012Z", "fetched_at": "2025-07-12T15:10:50.801514+00:00", "symbol": "BTC-USD"}, {"trade_id": 847990310, "side": "sell", "size": "0.03163187", "price": "117400.51000000", "time": "2025-07-12T15:09:58.337727Z", "fetched_at": "2025-07-12T15:10:50.801514+00:00", "symbol": "BTC-USD"}, {"trade_id": 847990309, "side": "sell", "size": "0.00500000", "price": "117400.50000000", "time": "2025-07-12T15:09:58.337727Z", "fetched_at": "2025-07-12T15:10:50.801514+00:00", "symbol": "BTC-USD"}, {"trade_id": 847990308, "side": "sell", "size": "0.00851813", "price": "117396.55000000", "time": "2025-07-12T15:09:58.337727Z", "fetched_at": "2025-07-12T15:10:50.801514+00:00", "symbol": "BTC-USD"}, {"trade_id": 847990307, "side": "sell", "size": "0.01807583", "price": "117394.30000000", "time": "2025-07-12T15:09:58.337727Z", "fetched_at": "2025-07-12T15:10:50.801514+00:00", "symbol": "BTC-USD"}, {"trade_id": 847990306, "side": "sell", "size": "0.00000212", "price": "117394.30000000", "time": "2025-07-12T15:09:58.337727Z", "fetched_at": "2025-07-12T15:10:50.801514+00:00", "symbol": "BTC-USD"}, {"trade_id": 847990305, "side": "sell", "size": "0.00000664", "price": "117394.30000000", "time": "2025-07-12T15:09:58.337727Z", "fetched_at": "2025-07-12T15:10:50.801514+00:00", "symbol": "BTC-USD"}, {"trade_id": 847990304, "side": "sell", "size": "0.00827802", "price": "117394.30000000", "time": "2025-07-12T15:09:57.962766Z", "fetched_at": "2025-07-12T15:10:50.801514+00:00", "symbol": "BTC-USD"}, {"trade_id": 847990303, "side": "buy", "size": "0.00450190", "price": "117394.29000000", "time": "2025-07-12T15:09:57.329158Z", "fetched_at": "2025-07-12T15:10:50.801514+00:00", "symbol": "BTC-USD"}, {"trade_id": 847990302, "side": "sell", "size": "0.00080284", "price": "117394.30000000", "time": "2025-07-12T15:09:56.448695Z", "fetched_at": "2025-07-12T15:10:50.801514+00:00", "symbol": "BTC-USD"}, {"trade_id": 847990301, "side": "sell", "size": "0.00413946", "price": "117394.30000000", "time": "2025-07-12T15:09:55.819169Z", "fetched_at": "2025-07-12T15:10:50.801514+00:00", "symbol": "BTC-USD"}, {"trade_id": 847990300, "side": "sell", "size": "0.00000568", "price": "117394.30000000", "time": "2025-07-12T15:09:55.259468Z", "fetched_at": "2025-07-12T15:10:50.801514+00:00", "symbol": "BTC-USD"}, {"trade_id": 847990299, "side": "sell", "size": "0.00019000", "price": "117394.30000000", "time": "2025-07-12T15:09:54.624099Z", "fetched_at": "2025-07-12T15:10:50.801514+00:00", "symbol": "BTC-USD"}, {"trade_id": 847990298, "side": "sell", "size": "0.00330096", "price": "117400.48000000", "time": "2025-07-12T15:09:54.574372Z", "fetched_at": "2025-07-12T15:10:50.801514+00:00", "symbol": "BTC-USD"}, {"trade_id": 847990297, "side": "sell", "size": "0.00001034", "price": "117393.99000000", "time": "2025-07-12T15:09:54.574372Z", "fetched_at": "2025-07-12T15:10:50.801514+00:00", "symbol": "BTC-USD"}, {"trade_id": 847990296, "side": "sell", "size": "0.00126512", "price": "117395.46000000", "time": "2025-07-12T15:09:53.187682Z", "fetched_at": "2025-07-12T15:10:50.801514+00:00", "symbol": "BTC-USD"}, {"trade_id": 847990295, "side": "sell", "size": "0.00018453", "price": "117402.79000000", "time": "2025-07-12T15:09:52.934949Z", "fetched_at": "2025-07-12T15:10:50.801514+00:00", "symbol": "BTC-USD"}, {"trade_id": 847990294, "side": "sell", "size": "0.00499468", "price": "117402.79000000", "time": "2025-07-12T15:09:52.934949Z", "fetched_at": "2025-07-12T15:10:50.801514+00:00", "symbol": "BTC-USD"}, {"trade_id": 847990293, "side": "sell", "size": "0.02996940", "price": "117402.61000000", "time": "2025-07-12T15:09:52.934949Z", "fetched_at": "2025-07-12T15:10:50.801514+00:00", "symbol": "BTC-USD"}, {"trade_id": 847990292, "side": "sell", "size": "0.00241985", "price": "117402.61000000", "time": "2025-07-12T15:09:52.934949Z", "fetched_at": "2025-07-12T15:10:50.801514+00:00", "symbol": "BTC-USD"}, {"trade_id": 847990291, "side": "sell", "size": "0.00499960", "price": "117402.48000000", "time": "2025-07-12T15:09:52.934949Z", "fetched_at": "2025-07-12T15:10:50.801514+00:00", "symbol": "BTC-USD"}, {"trade_id": 847990290, "side": "sell", "size": "0.00499871", "price": "117402.47000000", "time": "2025-07-12T15:09:52.934949Z", "fetched_at": "2025-07-12T15:10:50.801514+00:00", "symbol": "BTC-USD"}, {"trade_id": 847990289, "side": "sell", "size": "0.00001000", "price": "117400.80000000", "time": "2025-07-12T15:09:52.934949Z", "fetched_at": "2025-07-12T15:10:50.801514+00:00", "symbol": "BTC-USD"}, {"trade_id": 847990288, "side": "sell", "size": "0.00851785", "price": "117400.46000000", "time": "2025-07-12T15:09:52.934949Z", "fetched_at": "2025-07-12T15:10:50.801514+00:00", "symbol": "BTC-USD"}, {"trade_id": 847990287, "side": "sell", "size": "0.00499985", "price": "117399.75000000", "time": "2025-07-12T15:09:52.934949Z", "fetched_at": "2025-07-12T15:10:50.801514+00:00", "symbol": "BTC-USD"}, {"trade_id": 847990286, "side": "sell", "size": "0.00499885", "price": "117399.21000000", "time": "2025-07-12T15:09:52.934949Z", "fetched_at": "2025-07-12T15:10:50.801514+00:00", "symbol": "BTC-USD"}, {"trade_id": 847990285, "side": "sell", "size": "0.00500028", "price": "117398.16000000", "time": "2025-07-12T15:09:52.934949Z", "fetched_at": "2025-07-12T15:10:50.801514+00:00", "symbol": "BTC-USD"}, {"trade_id": 847990284, "side": "sell", "size": "0.00499983", "price": "117395.61000000", "time": "2025-07-12T15:09:52.934949Z", "fetched_at": "2025-07-12T15:10:50.801514+00:00", "symbol": "BTC-USD"}, {"trade_id": 847990283, "side": "sell", "size": "0.00499885", "price": "117395.58000000", "time": "2025-07-12T15:09:52.934949Z", "fetched_at": "2025-07-12T15:10:50.801514+00:00", "symbol": "BTC-USD"}, {"trade_id": 847990282, "side": "sell", "size": "0.01807594", "price": "117393.57000000", "time": "2025-07-12T15:09:52.934949Z", "fetched_at": "2025-07-12T15:10:50.801514+00:00", "symbol": "BTC-USD"}, {"trade_id": 847990281, "side": "sell", "size": "0.00000221", "price": "117393.32000000", "time": "2025-07-12T15:09:52.934949Z", "fetched_at": "2025-07-12T15:10:50.801514+00:00", "symbol": "BTC-USD"}, {"trade_id": 847990280, "side": "sell", "size": "0.00000728", "price": "117393.32000000", "time": "2025-07-12T15:09:52.934949Z", "fetched_at": "2025-07-12T15:10:50.801514+00:00", "symbol": "BTC-USD"}, {"trade_id": 847990279, "side": "sell", "size": "0.00429980", "price": "117393.32000000", "time": "2025-07-12T15:09:52.934949Z", "fetched_at": "2025-07-12T15:10:50.801514+00:00", "symbol": "BTC-USD"}, {"trade_id": 847990278, "side": "buy", "size": "0.00050261", "price": "117393.31000000", "time": "2025-07-12T15:09:52.819114Z", "fetched_at": "2025-07-12T15:10:50.801514+00:00", "symbol": "BTC-USD"}, {"trade_id": 847990277, "side": "buy", "size": "0.00331501", "price": "117393.31000000", "time": "2025-07-12T15:09:52.819114Z", "fetched_at": "2025-07-12T15:10:50.801514+00:00", "symbol": "BTC-USD"}, {"trade_id": 847990276, "side": "buy", "size": "0.00006516", "price": "117393.31000000", "time": "2025-07-12T15:09:52.819114Z", "fetched_at": "2025-07-12T15:10:50.801514+00:00", "symbol": "BTC-USD"}, {"trade_id": 847990275, "side": "sell", "size": "0.00028287", "price": "117393.32000000", "time": "2025-07-12T15:09:52.301557Z", "fetched_at": "2025-07-12T15:10:50.801514+00:00", "symbol": "BTC-USD"}, {"trade_id": 847990274, "side": "buy", "size": "0.00860449", "price": "117393.31000000", "time": "2025-07-12T15:09:51.825502Z", "fetched_at": "2025-07-12T15:10:50.801514+00:00", "symbol": "BTC-USD"}, {"trade_id": 847990273, "side": "sell", "size": "0.00041395", "price": "117393.32000000", "time": "2025-07-12T15:09:50.903847Z", "fetched_at": "2025-07-12T15:10:50.801514+00:00", "symbol": "BTC-USD"}, {"trade_id": 847990272, "side": "buy", "size": "0.00832988", "price": "117393.31000000", "time": "2025-07-12T15:09:50.589157Z", "fetched_at": "2025-07-12T15:10:50.801514+00:00", "symbol": "BTC-USD"}, {"trade_id": 847990271, "side": "buy", "size": "0.00003694", "price": "117393.31000000", "time": "2025-07-12T15:09:50.589157Z", "fetched_at": "2025-07-12T15:10:50.801514+00:00", "symbol": "BTC-USD"}, {"trade_id": 847990270, "side": "buy", "size": "0.00851900", "price": "117393.31000000", "time": "2025-07-12T15:09:50.589157Z", "fetched_at": "2025-07-12T15:10:50.801514+00:00", "symbol": "BTC-USD"}, {"trade_id": 847990269, "side": "sell", "size": "0.00026758", "price": "117392.92000000", "time": "2025-07-12T15:09:50.071162Z", "fetched_at": "2025-07-12T15:10:50.801514+00:00", "symbol": "BTC-USD"}, {"trade_id": 847990268, "side": "sell", "size": "0.00001000", "price": "117392.00000000", "time": "2025-07-12T15:09:50.071162Z", "fetched_at": "2025-07-12T15:10:50.801514+00:00", "symbol": "BTC-USD"}, {"trade_id": 847990267, "side": "sell", "size": "0.00001033", "price": "117390.15000000", "time": "2025-07-12T15:09:50.071162Z", "fetched_at": "2025-07-12T15:10:50.801514+00:00", "symbol": "BTC-USD"}, {"trade_id": 847990266, "side": "sell", "size": "0.00000212", "price": "117390.15000000", "time": "2025-07-12T15:09:50.071162Z", "fetched_at": "2025-07-12T15:10:50.801514+00:00", "symbol": "BTC-USD"}, {"trade_id": 847990265, "side": "sell", "size": "0.00000997", "price": "117390.15000000", "time": "2025-07-12T15:09:50.071162Z", "fetched_at": "2025-07-12T15:10:50.801514+00:00", "symbol": "BTC-USD"}, {"trade_id": 847990264, "side": "buy", "size": "0.00207431", "price": "117390.14000000", "time": "2025-07-12T15:09:49.061788Z", "fetched_at": "2025-07-12T15:10:50.801514+00:00", "symbol": "BTC-USD"}, {"trade_id": 847990263, "side": "sell", "size": "0.00214000", "price": "117390.15000000", "time": "2025-07-12T15:09:48.399997Z", "fetched_at": "2025-07-12T15:10:50.801514+00:00", "symbol": "BTC-USD"}, {"trade_id": 847990262, "side": "sell", "size": "0.00084873", "price": "117390.15000000", "time": "2025-07-12T15:09:48.192227Z", "fetched_at": "2025-07-12T15:10:50.801514+00:00", "symbol": "BTC-USD"}, {"trade_id": 847990261, "side": "buy", "size": "0.00046520", "price": "117390.14000000", "time": "2025-07-12T15:09:47.982895Z", "fetched_at": "2025-07-12T15:10:50.801514+00:00", "symbol": "BTC-USD"}, {"trade_id": 847990260, "side": "buy", "size": "0.00017209", "price": "117390.14000000", "time": "2025-07-12T15:09:47.455103Z", "fetched_at": "2025-07-12T15:10:50.801514+00:00", "symbol": "BTC-USD"}, {"trade_id": 847990259, "side": "sell", "size": "0.01251350", "price": "117390.15000000", "time": "2025-07-12T15:09:47.187709Z", "fetched_at": "2025-07-12T15:10:50.801514+00:00", "symbol": "BTC-USD"}, {"trade_id": 847990258, "side": "buy", "size": "0.00464553", "price": "117390.14000000", "time": "2025-07-12T15:09:46.960540Z", "fetched_at": "2025-07-12T15:10:50.801514+00:00", "symbol": "BTC-USD"}, {"trade_id": 847990257, "side": "sell", "size": "0.00214000", "price": "117390.15000000", "time": "2025-07-12T15:09:46.884492Z", "fetched_at": "2025-07-12T15:10:50.801514+00:00", "symbol": "BTC-USD"}, {"trade_id": 847990256, "side": "sell", "size": "0.00009102", "price": "117390.15000000", "time": "2025-07-12T15:09:46.854751Z", "fetched_at": "2025-07-12T15:10:50.801514+00:00", "symbol": "BTC-USD"}, {"trade_id": 847990255, "side": "buy", "size": "0.00042615", "price": "117390.14000000", "time": "2025-07-12T15:09:46.849968Z", "fetched_at": "2025-07-12T15:10:50.801514+00:00", "symbol": "BTC-USD"}, {"trade_id": 847990254, "side": "sell", "size": "0.00421833", "price": "117390.15000000", "time": "2025-07-12T15:09:46.637298Z", "fetched_at": "2025-07-12T15:10:50.801514+00:00", "symbol": "BTC-USD"}, {"trade_id": 847990253, "side": "sell", "size": "0.00500000", "price": "117390.15000000", "time": "2025-07-12T15:09:46.631737Z", "fetched_at": "2025-07-12T15:10:50.801514+00:00", "symbol": "BTC-USD"}, {"trade_id": 847990252, "side": "sell", "size": "0.00086958", "price": "117390.15000000", "time": "2025-07-12T15:09:46.252221Z", "fetched_at": "2025-07-12T15:10:50.801514+00:00", "symbol": "BTC-USD"}, {"trade_id": 847990251, "side": "buy", "size": "0.03442950", "price": "117390.14000000", "time": "2025-07-12T15:09:46.056920Z", "fetched_at": "2025-07-12T15:10:50.801514+00:00", "symbol": "BTC-USD"}, {"trade_id": 847990250, "side": "sell", "size": "0.00004138", "price": "117390.15000000", "time": "2025-07-12T15:09:45.956806Z", "fetched_at": "2025-07-12T15:10:50.801514+00:00", "symbol": "BTC-USD"}, {"trade_id": 847990249, "side": "sell", "size": "0.00499994", "price": "117385.07000000", "time": "2025-07-12T15:09:45.643924Z", "fetched_at": "2025-07-12T15:10:50.801514+00:00", "symbol": "BTC-USD"}, {"trade_id": 847990248, "side": "sell", "size": "0.00190368", "price": "117385.07000000", "time": "2025-07-12T15:09:45.643924Z", "fetched_at": "2025-07-12T15:10:50.801514+00:00", "symbol": "BTC-USD"}, {"trade_id": 847990247, "side": "sell", "size": "0.00308247", "price": "117385.07000000", "time": "2025-07-12T15:09:45.634812Z", "fetched_at": "2025-07-12T15:10:50.801514+00:00", "symbol": "BTC-USD"}, {"trade_id": 847990246, "side": "sell", "size": "0.00499862", "price": "117385.06000000", "time": "2025-07-12T15:09:45.634812Z", "fetched_at": "2025-07-12T15:10:50.801514+00:00", "symbol": "BTC-USD"}, {"trade_id": 847990245, "side": "sell", "size": "0.02497216", "price": "117385.06000000", "time": "2025-07-12T15:09:45.634812Z", "fetched_at": "2025-07-12T15:10:50.801514+00:00", "symbol": "BTC-USD"}, {"trade_id": 847990244, "side": "sell", "size": "0.00285906", "price": "117385.06000000", "time": "2025-07-12T15:09:45.634812Z", "fetched_at": "2025-07-12T15:10:50.801514+00:00", "symbol": "BTC-USD"}, {"trade_id": 847990243, "side": "sell", "size": "0.00001413", "price": "117380.52000000", "time": "2025-07-12T15:09:45.634812Z", "fetched_at": "2025-07-12T15:10:50.801514+00:00", "symbol": "BTC-USD"}, {"trade_id": 847990242, "side": "sell", "size": "0.00000247", "price": "117380.52000000", "time": "2025-07-12T15:09:45.634812Z", "fetched_at": "2025-07-12T15:10:50.801514+00:00", "symbol": "BTC-USD"}, {"trade_id": 847990241, "side": "sell", "size": "0.01160068", "price": "117380.52000000", "time": "2025-07-12T15:09:45.601210Z", "fetched_at": "2025-07-12T15:10:50.801514+00:00", "symbol": "BTC-USD"}, {"trade_id": 847990240, "side": "sell", "size": "0.00214000", "price": "117380.52000000", "time": "2025-07-12T15:09:45.373853Z", "fetched_at": "2025-07-12T15:10:50.801514+00:00", "symbol": "BTC-USD"}, {"trade_id": 847990239, "side": "buy", "size": "0.00009017", "price": "117380.51000000", "time": "2025-07-12T15:09:45.206807Z", "fetched_at": "2025-07-12T15:10:50.801514+00:00", "symbol": "BTC-USD"}, {"trade_id": 847990238, "side": "buy", "size": "0.00007277", "price": "117380.51000000", "time": "2025-07-12T15:09:44.402291Z", "fetched_at": "2025-07-12T15:10:50.801514+00:00", "symbol": "BTC-USD"}, {"trade_id": 847990237, "side": "buy", "size": "0.01463206", "price": "117380.51000000", "time": "2025-07-12T15:09:44.102425Z", "fetched_at": "2025-07-12T15:10:50.801514+00:00", "symbol": "BTC-USD"}, {"trade_id": 847990236, "side": "buy", "size": "0.00852962", "price": "117380.51000000", "time": "2025-07-12T15:09:44.093774Z", "fetched_at": "2025-07-12T15:10:50.801514+00:00", "symbol": "BTC-USD"}, {"trade_id": 847990235, "side": "sell", "size": "0.00002877", "price": "117380.52000000", "time": "2025-07-12T15:09:42.910957Z", "fetched_at": "2025-07-12T15:10:50.801514+00:00", "symbol": "BTC-USD"}, {"trade_id": 847990234, "side": "sell", "size": "0.00048651", "price": "117380.52000000", "time": "2025-07-12T15:09:41.081508Z", "fetched_at": "2025-07-12T15:10:50.801514+00:00", "symbol": "BTC-USD"}, {"trade_id": 847990233, "side": "buy", "size": "0.00000001", "price": "117380.51000000", "time": "2025-07-12T15:09:40.680551Z", "fetched_at": "2025-07-12T15:10:50.801514+00:00", "symbol": "BTC-USD"}, {"trade_id": 847990232, "side": "sell", "size": "0.00002480", "price": "117380.52000000", "time": "2025-07-12T15:09:40.160711Z", "fetched_at": "2025-07-12T15:10:50.801514+00:00", "symbol": "BTC-USD"}, {"trade_id": 847990231, "side": "sell", "size": "0.00001687", "price": "117380.52000000", "time": "2025-07-12T15:09:40.127023Z", "fetched_at": "2025-07-12T15:10:50.801514+00:00", "symbol": "BTC-USD"}, {"trade_id": 847990230, "side": "sell", "size": "0.00020206", "price": "117380.52000000", "time": "2025-07-12T15:09:39.860629Z", "fetched_at": "2025-07-12T15:10:50.801514+00:00", "symbol": "BTC-USD"}, {"trade_id": 847990229, "side": "buy", "size": "0.00004989", "price": "117382.93000000", "time": "2025-07-12T15:09:39.665844Z", "fetched_at": "2025-07-12T15:10:50.801514+00:00", "symbol": "BTC-USD"}, {"trade_id": 847990228, "side": "sell", "size": "0.00008226", "price": "117382.94000000", "time": "2025-07-12T15:09:39.376901Z", "fetched_at": "2025-07-12T15:10:50.801514+00:00", "symbol": "BTC-USD"}, {"trade_id": 847990227, "side": "buy", "size": "0.00005454", "price": "117380.43000000", "time": "2025-07-12T15:09:39.120950Z", "fetched_at": "2025-07-12T15:10:50.801514+00:00", "symbol": "BTC-USD"}, {"trade_id": 847990226, "side": "buy", "size": "0.00005454", "price": "117380.44000000", "time": "2025-07-12T15:09:39.104372Z", "fetched_at": "2025-07-12T15:10:50.801514+00:00", "symbol": "BTC-USD"}, {"trade_id": 847990225, "side": "buy", "size": "0.00000001", "price": "117380.49000000", "time": "2025-07-12T15:09:39.052755Z", "fetched_at": "2025-07-12T15:10:50.801514+00:00", "symbol": "BTC-USD"}, {"trade_id": 847990224, "side": "buy", "size": "0.00242830", "price": "117380.49000000", "time": "2025-07-12T15:09:39.049570Z", "fetched_at": "2025-07-12T15:10:50.801514+00:00", "symbol": "BTC-USD"}, {"trade_id": 847990223, "side": "buy", "size": "0.04257169", "price": "117380.49000000", "time": "2025-07-12T15:09:39.045545Z", "fetched_at": "2025-07-12T15:10:50.801514+00:00", "symbol": "BTC-USD"}, {"trade_id": 847990222, "side": "buy", "size": "0.04329988", "price": "117380.50000000", "time": "2025-07-12T15:09:39.045545Z", "fetched_at": "2025-07-12T15:10:50.801514+00:00", "symbol": "BTC-USD"}, {"trade_id": 847990221, "side": "buy", "size": "0.00005454", "price": "117380.53000000", "time": "2025-07-12T15:09:39.045545Z", "fetched_at": "2025-07-12T15:10:50.801514+00:00", "symbol": "BTC-USD"}, {"trade_id": 847990220, "side": "buy", "size": "0.02560000", "price": "117385.05000000", "time": "2025-07-12T15:09:38.858148Z", "fetched_at": "2025-07-12T15:10:50.801514+00:00", "symbol": "BTC-USD"}, {"trade_id": 847990219, "side": "buy", "size": "0.00005876", "price": "117385.05000000", "time": "2025-07-12T15:09:38.858148Z", "fetched_at": "2025-07-12T15:10:50.801514+00:00", "symbol": "BTC-USD"}, {"trade_id": 847990218, "side": "buy", "size": "0.00005876", "price": "117385.05000000", "time": "2025-07-12T15:09:38.659844Z", "fetched_at": "2025-07-12T15:10:50.801514+00:00", "symbol": "BTC-USD"}, {"trade_id": 847990217, "side": "buy", "size": "0.00005876", "price": "117385.01000000", "time": "2025-07-12T15:09:38.643018Z", "fetched_at": "2025-07-12T15:10:50.801514+00:00", "symbol": "BTC-USD"}, {"trade_id": 847990216, "side": "sell", "size": "0.00700000", "price": "117385.02000000", "time": "2025-07-12T15:09:38.642557Z", "fetched_at": "2025-07-12T15:10:50.801514+00:00", "symbol": "BTC-USD"}, {"trade_id": 847990215, "side": "buy", "size": "0.03500000", "price": "117385.05000000", "time": "2025-07-12T15:09:38.618075Z", "fetched_at": "2025-07-12T15:10:50.801514+00:00", "symbol": "BTC-USD"}, {"trade_id": 847990214, "side": "buy", "size": "0.00005876", "price": "117385.05000000", "time": "2025-07-12T15:09:38.618075Z", "fetched_at": "2025-07-12T15:10:50.801514+00:00", "symbol": "BTC-USD"}, {"trade_id": 847990213, "side": "sell", "size": "0.00213687", "price": "117385.06000000", "time": "2025-07-12T15:09:38.590165Z", "fetched_at": "2025-07-12T15:10:50.801514+00:00", "symbol": "BTC-USD"}, {"trade_id": 847990212, "side": "sell", "size": "0.00000313", "price": "117385.06000000", "time": "2025-07-12T15:09:38.590165Z", "fetched_at": "2025-07-12T15:10:50.801514+00:00", "symbol": "BTC-USD"}, {"trade_id": 847990211, "side": "sell", "size": "0.00499130", "price": "117385.06000000", "time": "2025-07-12T15:09:38.585968Z", "fetched_at": "2025-07-12T15:10:50.801514+00:00", "symbol": "BTC-USD"}, {"trade_id": 847990210, "side": "sell", "size": "0.00400870", "price": "117385.06000000", "time": "2025-07-12T15:09:38.585968Z", "fetched_at": "2025-07-12T15:10:50.801514+00:00", "symbol": "BTC-USD"}, {"trade_id": 847990209, "side": "sell", "size": "0.00099128", "price": "117385.06000000", "time": "2025-07-12T15:09:38.510233Z", "fetched_at": "2025-07-12T15:10:50.801514+00:00", "symbol": "BTC-USD"}, {"trade_id": 847990208, "side": "sell", "size": "0.00499872", "price": "117385.06000000", "time": "2025-07-12T15:09:38.510233Z", "fetched_at": "2025-07-12T15:10:50.801514+00:00", "symbol": "BTC-USD"}, {"trade_id": 847990207, "side": "sell", "size": "0.00001000", "price": "117383.20000000", "time": "2025-07-12T15:09:38.510233Z", "fetched_at": "2025-07-12T15:10:50.801514+00:00", "symbol": "BTC-USD"}, {"trade_id": 847990206, "side": "sell", "size": "0.00700000", "price": "117380.52000000", "time": "2025-07-12T15:09:38.482037Z", "fetched_at": "2025-07-12T15:10:50.801514+00:00", "symbol": "BTC-USD"}, {"trade_id": 847990205, "side": "sell", "size": "0.00008437", "price": "117380.52000000", "time": "2025-07-12T15:09:38.470561Z", "fetched_at": "2025-07-12T15:10:50.801514+00:00", "symbol": "BTC-USD"}, {"trade_id": 847990204, "side": "sell", "size": "0.00999732", "price": "117380.52000000", "time": "2025-07-12T15:09:38.454214Z", "fetched_at": "2025-07-12T15:10:50.801514+00:00", "symbol": "BTC-USD"}, {"trade_id": 847990203, "side": "sell", "size": "0.00000268", "price": "117380.52000000", "time": "2025-07-12T15:09:38.454214Z", "fetched_at": "2025-07-12T15:10:50.801514+00:00", "symbol": "BTC-USD"}, {"trade_id": 847990202, "side": "sell", "size": "0.00700000", "price": "117380.52000000", "time": "2025-07-12T15:09:38.426632Z", "fetched_at": "2025-07-12T15:10:50.801514+00:00", "symbol": "BTC-USD"}, {"trade_id": 847990201, "side": "sell", "size": "0.00300000", "price": "117380.52000000", "time": "2025-07-12T15:09:38.399664Z", "fetched_at": "2025-07-12T15:10:50.801514+00:00", "symbol": "BTC-USD"}, {"trade_id": 847990200, "side": "sell", "size": "0.00399336", "price": "117380.52000000", "time": "2025-07-12T15:09:38.370865Z", "fetched_at": "2025-07-12T15:10:50.801514+00:00", "symbol": "BTC-USD"}, {"trade_id": 847990199, "side": "sell", "size": "0.00000664", "price": "117380.50000000", "time": "2025-07-12T15:09:38.370865Z", "fetched_at": "2025-07-12T15:10:50.801514+00:00", "symbol": "BTC-USD"}, {"trade_id": 847990198, "side": "sell", "size": "0.00080832", "price": "117380.50000000", "time": "2025-07-12T15:09:37.791875Z", "fetched_at": "2025-07-12T15:10:50.801514+00:00", "symbol": "BTC-USD"}, {"trade_id": 847990197, "side": "buy", "size": "0.00001988", "price": "117380.49000000", "time": "2025-07-12T15:09:37.240874Z", "fetched_at": "2025-07-12T15:10:50.801514+00:00", "symbol": "BTC-USD"}, {"trade_id": 847990196, "side": "buy", "size": "0.00006417", "price": "117380.49000000", "time": "2025-07-12T15:09:37.240874Z", "fetched_at": "2025-07-12T15:10:50.801514+00:00", "symbol": "BTC-USD"}, {"trade_id": 847990195, "side": "buy", "size": "0.00006350", "price": "117380.49000000", "time": "2025-07-12T15:09:37.136944Z", "fetched_at": "2025-07-12T15:10:50.801514+00:00", "symbol": "BTC-USD"}, {"trade_id": 847990194, "side": "sell", "size": "0.00000654", "price": "117374.40000000", "time": "2025-07-12T15:09:36.984918Z", "fetched_at": "2025-07-12T15:10:50.801514+00:00", "symbol": "BTC-USD"}, {"trade_id": 847990193, "side": "sell", "size": "0.00001000", "price": "117374.40000000", "time": "2025-07-12T15:09:36.984918Z", "fetched_at": "2025-07-12T15:10:50.801514+00:00", "symbol": "BTC-USD"}, {"trade_id": 847990192, "side": "buy", "size": "0.00221983", "price": "117374.39000000", "time": "2025-07-12T15:09:36.797437Z", "fetched_at": "2025-07-12T15:10:50.801514+00:00", "symbol": "BTC-USD"}, {"trade_id": 847990191, "side": "sell", "size": "0.01260043", "price": "117367.95000000", "time": "2025-07-12T15:09:36.689234Z", "fetched_at": "2025-07-12T15:10:50.801514+00:00", "symbol": "BTC-USD"}, {"trade_id": 847990190, "side": "sell", "size": "0.00018086", "price": "117365.60000000", "time": "2025-07-12T15:09:36.689234Z", "fetched_at": "2025-07-12T15:10:50.801514+00:00", "symbol": "BTC-USD"}, {"trade_id": 847990189, "side": "sell", "size": "0.00001000", "price": "117365.60000000", "time": "2025-07-12T15:09:36.689234Z", "fetched_at": "2025-07-12T15:10:50.801514+00:00", "symbol": "BTC-USD"}, {"trade_id": 847990188, "side": "sell", "size": "0.00000178", "price": "117362.80000000", "time": "2025-07-12T15:09:36.648340Z", "fetched_at": "2025-07-12T15:10:50.801514+00:00", "symbol": "BTC-USD"}, {"trade_id": 847990187, "side": "sell", "size": "0.00000001", "price": "117362.80000000", "time": "2025-07-12T15:09:36.648340Z", "fetched_at": "2025-07-12T15:10:50.801514+00:00", "symbol": "BTC-USD"}, {"trade_id": 847990186, "side": "sell", "size": "0.11002439", "price": "117362.80000000", "time": "2025-07-12T15:09:36.648340Z", "fetched_at": "2025-07-12T15:10:50.801514+00:00", "symbol": "BTC-USD"}, {"trade_id": 847990185, "side": "sell", "size": "0.03987285", "price": "117362.80000000", "time": "2025-07-12T15:09:36.648324Z", "fetched_at": "2025-07-12T15:10:50.801514+00:00", "symbol": "BTC-USD"}, {"trade_id": 847990184, "side": "sell", "size": "0.23309813", "price": "117362.80000000", "time": "2025-07-12T15:09:36.647662Z", "fetched_at": "2025-07-12T15:10:50.801514+00:00", "symbol": "BTC-USD"}, {"trade_id": 847990183, "side": "sell", "size": "0.23128029", "price": "117362.80000000", "time": "2025-07-12T15:09:36.647547Z", "fetched_at": "2025-07-12T15:10:50.801514+00:00", "symbol": "BTC-USD"}, {"trade_id": 847990182, "side": "sell", "size": "0.04316456", "price": "117362.80000000", "time": "2025-07-12T15:09:36.647468Z", "fetched_at": "2025-07-12T15:10:50.801514+00:00", "symbol": "BTC-USD"}, {"trade_id": 847990181, "side": "sell", "size": "0.00919907", "price": "117362.80000000", "time": "2025-07-12T15:09:36.647401Z", "fetched_at": "2025-07-12T15:10:50.801514+00:00", "symbol": "BTC-USD"}, {"trade_id": 847990180, "side": "sell", "size": "0.01193908", "price": "117362.80000000", "time": "2025-07-12T15:09:36.647360Z", "fetched_at": "2025-07-12T15:10:50.801514+00:00", "symbol": "BTC-USD"}, {"trade_id": 847990179, "side": "sell", "size": "0.05943297", "price": "117362.80000000", "time": "2025-07-12T15:09:36.647338Z", "fetched_at": "2025-07-12T15:10:50.801514+00:00", "symbol": "BTC-USD"}, {"trade_id": 847990178, "side": "sell", "size": "0.16680000", "price": "117362.80000000", "time": "2025-07-12T15:09:36.646751Z", "fetched_at": "2025-07-12T15:10:50.801514+00:00", "symbol": "BTC-USD"}, {"trade_id": 847990177, "side": "sell", "size": "0.20404405", "price": "117362.80000000", "time": "2025-07-12T15:09:36.640232Z", "fetched_at": "2025-07-12T15:10:50.801514+00:00", "symbol": "BTC-USD"}, {"trade_id": 847990176, "side": "sell", "size": "2.42863108", "price": "117362.80000000", "time": "2025-07-12T15:09:36.639733Z", "fetched_at": "2025-07-12T15:10:50.801514+00:00", "symbol": "BTC-USD"}, {"trade_id": 847990175, "side": "sell", "size": "0.02505016", "price": "117362.80000000", "time": "2025-07-12T15:09:36.639296Z", "fetched_at": "2025-07-12T15:10:50.801514+00:00", "symbol": "BTC-USD"}, {"trade_id": 847990174, "side": "buy", "size": "0.00005337", "price": "117362.79000000", "time": "2025-07-12T15:09:36.587955Z", "fetched_at": "2025-07-12T15:10:50.801514+00:00", "symbol": "BTC-USD"}, {"trade_id": 847990173, "side": "sell", "size": "0.01808115", "price": "117359.79000000", "time": "2025-07-12T15:09:36.544757Z", "fetched_at": "2025-07-12T15:10:50.801514+00:00", "symbol": "BTC-USD"}, {"trade_id": 847990172, "side": "sell", "size": "0.00000860", "price": "117359.77000000", "time": "2025-07-12T15:09:36.544757Z", "fetched_at": "2025-07-12T15:10:50.801514+00:00", "symbol": "BTC-USD"}, {"trade_id": 847990171, "side": "sell", "size": "0.00000924", "price": "117359.77000000", "time": "2025-07-12T15:09:36.544757Z", "fetched_at": "2025-07-12T15:10:50.801514+00:00", "symbol": "BTC-USD"}, {"trade_id": 847990170, "side": "buy", "size": "0.00004817", "price": "117359.76000000", "time": "2025-07-12T15:09:36.130721Z", "fetched_at": "2025-07-12T15:10:50.801514+00:00", "symbol": "BTC-USD"}, {"trade_id": 847990169, "side": "buy", "size": "0.00004817", "price": "117359.76000000", "time": "2025-07-12T15:09:36.118720Z", "fetched_at": "2025-07-12T15:10:50.801514+00:00", "symbol": "BTC-USD"}, {"trade_id": 847990168, "side": "buy", "size": "0.00006093", "price": "117357.73000000", "time": "2025-07-12T15:09:36.074027Z", "fetched_at": "2025-07-12T15:10:50.801514+00:00", "symbol": "BTC-USD"}, {"trade_id": 847990167, "side": "buy", "size": "0.00562973", "price": "117346.48000000", "time": "2025-07-12T15:09:35.962855Z", "fetched_at": "2025-07-12T15:10:50.801514+00:00", "symbol": "BTC-USD"}, {"trade_id": 847990166, "side": "buy", "size": "0.00231184", "price": "117354.82000000", "time": "2025-07-12T15:09:35.962855Z", "fetched_at": "2025-07-12T15:10:50.801514+00:00", "symbol": "BTC-USD"}, {"trade_id": 847990165, "side": "buy", "size": "0.00005843", "price": "117356.79000000", "time": "2025-07-12T15:09:35.962855Z", "fetched_at": "2025-07-12T15:10:50.801514+00:00", "symbol": "BTC-USD"}, {"trade_id": 847990164, "side": "sell", "size": "0.01626000", "price": "117356.80000000", "time": "2025-07-12T15:09:35.909307Z", "fetched_at": "2025-07-12T15:10:50.801514+00:00", "symbol": "BTC-USD"}, {"trade_id": 847990163, "side": "sell", "size": "0.03247000", "price": "117356.80000000", "time": "2025-07-12T15:09:35.909217Z", "fetched_at": "2025-07-12T15:10:50.801514+00:00", "symbol": "BTC-USD"}, {"trade_id": 847990162, "side": "sell", "size": "0.00672000", "price": "117356.80000000", "time": "2025-07-12T15:09:35.909189Z", "fetched_at": "2025-07-12T15:10:50.801514+00:00", "symbol": "BTC-USD"}, {"trade_id": 847990161, "side": "sell", "size": "0.00404000", "price": "117356.80000000", "time": "2025-07-12T15:09:35.908799Z", "fetched_at": "2025-07-12T15:10:50.801514+00:00", "symbol": "BTC-USD"}, {"trade_id": 847990160, "side": "sell", "size": "0.04160744", "price": "117356.80000000", "time": "2025-07-12T15:09:35.908691Z", "fetched_at": "2025-07-12T15:10:50.801514+00:00", "symbol": "BTC-USD"}, {"trade_id": 847990159, "side": "sell", "size": "0.00173256", "price": "117356.80000000", "time": "2025-07-12T15:09:35.908691Z", "fetched_at": "2025-07-12T15:10:50.801514+00:00", "symbol": "BTC-USD"}, {"trade_id": 847990158, "side": "sell", "size": "0.00001000", "price": "117356.80000000", "time": "2025-07-12T15:09:35.908691Z", "fetched_at": "2025-07-12T15:10:50.801514+00:00", "symbol": "BTC-USD"}, {"trade_id": 847990157, "side": "sell", "size": "0.00011070", "price": "117355.00000000", "time": "2025-07-12T15:09:35.693302Z", "fetched_at": "2025-07-12T15:10:50.801514+00:00", "symbol": "BTC-USD"}, {"trade_id": 847990156, "side": "sell", "size": "0.02000000", "price": "117354.88000000", "time": "2025-07-12T15:09:35.693302Z", "fetched_at": "2025-07-12T15:10:50.801514+00:00", "symbol": "BTC-USD"}, {"trade_id": 847990155, "side": "sell", "size": "0.00648207", "price": "117354.88000000", "time": "2025-07-12T15:09:35.693302Z", "fetched_at": "2025-07-12T15:10:50.801514+00:00", "symbol": "BTC-USD"}, {"trade_id": 847990154, "side": "sell", "size": "0.00014866", "price": "117354.87000000", "time": "2025-07-12T15:09:35.693302Z", "fetched_at": "2025-07-12T15:10:50.801514+00:00", "symbol": "BTC-USD"}, {"trade_id": 847990153, "side": "sell", "size": "0.07320881", "price": "117354.84000000", "time": "2025-07-12T15:09:35.687692Z", "fetched_at": "2025-07-12T15:10:50.801514+00:00", "symbol": "BTC-USD"}, {"trade_id": 847990152, "side": "sell", "size": "0.03351793", "price": "117354.88000000", "time": "2025-07-12T15:09:35.670738Z", "fetched_at": "2025-07-12T15:10:50.801514+00:00", "symbol": "BTC-USD"}, {"trade_id": 847990151, "side": "sell", "size": "0.06724021", "price": "117354.88000000", "time": "2025-07-12T15:09:35.670738Z", "fetched_at": "2025-07-12T15:10:50.801514+00:00", "symbol": "BTC-USD"}, {"trade_id": 847990150, "side": "sell", "size": "0.01275979", "price": "117354.88000000", "time": "2025-07-12T15:09:35.665879Z", "fetched_at": "2025-07-12T15:10:50.801514+00:00", "symbol": "BTC-USD"}, {"trade_id": 847990149, "side": "sell", "size": "0.00347697", "price": "117354.87000000", "time": "2025-07-12T15:09:35.665879Z", "fetched_at": "2025-07-12T15:10:50.801514+00:00", "symbol": "BTC-USD"}, {"trade_id": 847990148, "side": "sell", "size": "0.04652303", "price": "117354.87000000", "time": "2025-07-12T15:09:35.665709Z", "fetched_at": "2025-07-12T15:10:50.801514+00:00", "symbol": "BTC-USD"}, {"trade_id": 847990147, "side": "sell", "size": "0.00009301", "price": "117345.09000000", "time": "2025-07-12T15:09:35.665709Z", "fetched_at": "2025-07-12T15:10:50.801514+00:00", "symbol": "BTC-USD"}, {"trade_id": 847990146, "side": "sell", "size": "0.00223097", "price": "117343.31000000", "time": "2025-07-12T15:09:35.249267Z", "fetched_at": "2025-07-12T15:10:50.801514+00:00", "symbol": "BTC-USD"}, {"trade_id": 847990145, "side": "sell", "size": "0.00004892", "price": "117333.89000000", "time": "2025-07-12T15:09:35.249267Z", "fetched_at": "2025-07-12T15:10:50.801514+00:00", "symbol": "BTC-USD"}, {"trade_id": 847990144, "side": "sell", "size": "0.00000517", "price": "117333.89000000", "time": "2025-07-12T15:09:35.249267Z", "fetched_at": "2025-07-12T15:10:50.801514+00:00", "symbol": "BTC-USD"}, {"trade_id": 847990143, "side": "sell", "size": "0.04563481", "price": "117330.41000000", "time": "2025-07-12T15:09:35.167857Z", "fetched_at": "2025-07-12T15:10:50.801514+00:00", "symbol": "BTC-USD"}, {"trade_id": 847990142, "side": "sell", "size": "0.00021092", "price": "117330.41000000", "time": "2025-07-12T15:09:35.128830Z", "fetched_at": "2025-07-12T15:10:50.801514+00:00", "symbol": "BTC-USD"}, {"trade_id": 847990141, "side": "buy", "size": "0.02966921", "price": "117330.40000000", "time": "2025-07-12T15:09:35.068072Z", "fetched_at": "2025-07-12T15:10:50.801514+00:00", "symbol": "BTC-USD"}, {"trade_id": 847990140, "side": "buy", "size": "0.01335612", "price": "117330.40000000", "time": "2025-07-12T15:09:35.068072Z", "fetched_at": "2025-07-12T15:10:50.801514+00:00", "symbol": "BTC-USD"}, {"trade_id": 847990139, "side": "buy", "size": "0.00000289", "price": "117330.40000000", "time": "2025-07-12T15:09:35.068072Z", "fetched_at": "2025-07-12T15:10:50.801514+00:00", "symbol": "BTC-USD"}, {"trade_id": 847990138, "side": "buy", "size": "0.00000724", "price": "117330.40000000", "time": "2025-07-12T15:09:35.068072Z", "fetched_at": "2025-07-12T15:10:50.801514+00:00", "symbol": "BTC-USD"}, {"trade_id": 847990137, "side": "sell", "size": "0.01582600", "price": "117330.41000000", "time": "2025-07-12T15:09:34.712267Z", "fetched_at": "2025-07-12T15:10:50.801514+00:00", "symbol": "BTC-USD"}, {"trade_id": 847990136, "side": "sell", "size": "0.00008437", "price": "117330.41000000", "time": "2025-07-12T15:09:34.509863Z", "fetched_at": "2025-07-12T15:10:50.801514+00:00", "symbol": "BTC-USD"}, {"trade_id": 847990135, "side": "sell", "size": "0.00080832", "price": "117330.41000000", "time": "2025-07-12T15:09:34.347008Z", "fetched_at": "2025-07-12T15:10:50.801514+00:00", "symbol": "BTC-USD"}, {"trade_id": 847990134, "side": "sell", "size": "0.00023558", "price": "117330.41000000", "time": "2025-07-12T15:09:34.232936Z", "fetched_at": "2025-07-12T15:10:50.801514+00:00", "symbol": "BTC-USD"}, {"trade_id": 847990133, "side": "sell", "size": "0.00004728", "price": "117324.88000000", "time": "2025-07-12T15:09:34.232936Z", "fetched_at": "2025-07-12T15:10:50.801514+00:00", "symbol": "BTC-USD"}, {"trade_id": 847990132, "side": "buy", "size": "0.00852288", "price": "117324.71000000", "time": "2025-07-12T15:09:34.131491Z", "fetched_at": "2025-07-12T15:10:50.801514+00:00", "symbol": "BTC-USD"}, {"trade_id": 847990131, "side": "buy", "size": "0.02314800", "price": "117324.71000000", "time": "2025-07-12T15:09:34.131481Z", "fetched_at": "2025-07-12T15:10:50.801514+00:00", "symbol": "BTC-USD"}, {"trade_id": 847990130, "side": "buy", "size": "0.00852200", "price": "117327.66000000", "time": "2025-07-12T15:09:34.131481Z", "fetched_at": "2025-07-12T15:10:50.801514+00:00", "symbol": "BTC-USD"}, {"trade_id": 847990129, "side": "buy", "size": "0.00898221", "price": "117326.56000000", "time": "2025-07-12T15:09:34.126863Z", "fetched_at": "2025-07-12T15:10:50.801514+00:00", "symbol": "BTC-USD"}, {"trade_id": 847990128, "side": "buy", "size": "0.04600000", "price": "117327.66000000", "time": "2025-07-12T15:09:34.126863Z", "fetched_at": "2025-07-12T15:10:50.801514+00:00", "symbol": "BTC-USD"}, {"trade_id": 847990127, "side": "buy", "size": "0.00003474", "price": "117328.86000000", "time": "2025-07-12T15:09:34.126863Z", "fetched_at": "2025-07-12T15:10:50.801514+00:00", "symbol": "BTC-USD"}, {"trade_id": 847990126, "side": "buy", "size": "0.00001000", "price": "117330.40000000", "time": "2025-07-12T15:09:34.126863Z", "fetched_at": "2025-07-12T15:10:50.801514+00:00", "symbol": "BTC-USD"}, {"trade_id": 847990125, "side": "buy", "size": "0.00492428", "price": "117331.95000000", "time": "2025-07-12T15:09:34.126577Z", "fetched_at": "2025-07-12T15:10:50.801514+00:00", "symbol": "BTC-USD"}, {"trade_id": 847990124, "side": "buy", "size": "0.00007572", "price": "117331.95000000", "time": "2025-07-12T15:09:34.122631Z", "fetched_at": "2025-07-12T15:10:50.801514+00:00", "symbol": "BTC-USD"}, {"trade_id": 847990123, "side": "buy", "size": "0.00500000", "price": "117332.47000000", "time": "2025-07-12T15:09:34.122631Z", "fetched_at": "2025-07-12T15:10:50.801514+00:00", "symbol": "BTC-USD"}, {"trade_id": 847990122, "side": "buy", "size": "0.00908423", "price": "117333.74000000", "time": "2025-07-12T15:09:34.122631Z", "fetched_at": "2025-07-12T15:10:50.801514+00:00", "symbol": "BTC-USD"}, {"trade_id": 847990121, "side": "buy", "size": "0.00100000", "price": "117333.88000000", "time": "2025-07-12T15:09:34.122631Z", "fetched_at": "2025-07-12T15:10:50.801514+00:00", "symbol": "BTC-USD"}, {"trade_id": 847990120, "side": "buy", "size": "0.04700000", "price": "117336.36000000", "time": "2025-07-12T15:09:33.970487Z", "fetched_at": "2025-07-12T15:10:50.801514+00:00", "symbol": "BTC-USD"}, {"trade_id": 847990119, "side": "sell", "size": "0.00020704", "price": "117336.37000000", "time": "2025-07-12T15:09:33.731250Z", "fetched_at": "2025-07-12T15:10:50.801514+00:00", "symbol": "BTC-USD"}, {"trade_id": 847990118, "side": "sell", "size": "0.00500000", "price": "117336.37000000", "time": "2025-07-12T15:09:33.314014Z", "fetched_at": "2025-07-12T15:10:50.801514+00:00", "symbol": "BTC-USD"}, {"trade_id": 847990117, "side": "sell", "size": "0.15271000", "price": "117336.37000000", "time": "2025-07-12T15:09:33.314014Z", "fetched_at": "2025-07-12T15:10:50.801514+00:00", "symbol": "BTC-USD"}, {"trade_id": 847990116, "side": "sell", "size": "0.01162000", "price": "117336.37000000", "time": "2025-07-12T15:09:33.314014Z", "fetched_at": "2025-07-12T15:10:50.801514+00:00", "symbol": "BTC-USD"}, {"trade_id": 847990115, "side": "buy", "size": "0.00426108", "price": "117339.00000000", "time": "2025-07-12T15:09:33.297008Z", "fetched_at": "2025-07-12T15:10:50.801514+00:00", "symbol": "BTC-USD"}, {"trade_id": 847990114, "side": "buy", "size": "0.00004631", "price": "117339.20000000", "time": "2025-07-12T15:09:33.297008Z", "fetched_at": "2025-07-12T15:10:50.801514+00:00", "symbol": "BTC-USD"}, {"trade_id": 847990113, "side": "buy", "size": "0.00001000", "price": "117339.20000000", "time": "2025-07-12T15:09:33.297008Z", "fetched_at": "2025-07-12T15:10:50.801514+00:00", "symbol": "BTC-USD"}, {"trade_id": 847990112, "side": "buy", "size": "0.03637933", "price": "117341.23000000", "time": "2025-07-12T15:09:33.255586Z", "fetched_at": "2025-07-12T15:10:50.801514+00:00", "symbol": "BTC-USD"}, {"trade_id": 847990111, "side": "buy", "size": "0.04747888", "price": "117341.23000000", "time": "2025-07-12T15:09:33.255035Z", "fetched_at": "2025-07-12T15:10:50.801514+00:00", "symbol": "BTC-USD"}, {"trade_id": 847990110, "side": "buy", "size": "0.00004702", "price": "117345.06000000", "time": "2025-07-12T15:09:33.253920Z", "fetched_at": "2025-07-12T15:10:50.801514+00:00", "symbol": "BTC-USD"}, {"trade_id": 847990109, "side": "buy", "size": "0.00000068", "price": "117345.06000000", "time": "2025-07-12T15:09:33.253920Z", "fetched_at": "2025-07-12T15:10:50.801514+00:00", "symbol": "BTC-USD"}, {"trade_id": 847990108, "side": "buy", "size": "0.00000332", "price": "117345.06000000", "time": "2025-07-12T15:09:33.253920Z", "fetched_at": "2025-07-12T15:10:50.801514+00:00", "symbol": "BTC-USD"}, {"trade_id": 847990107, "side": "buy", "size": "0.00512727", "price": "117345.06000000", "time": "2025-07-12T15:09:33.253920Z", "fetched_at": "2025-07-12T15:10:50.801514+00:00", "symbol": "BTC-USD"}, {"trade_id": 847990106, "side": "buy", "size": "0.00902211", "price": "117345.06000000", "time": "2025-07-12T15:09:33.253920Z", "fetched_at": "2025-07-12T15:10:50.801514+00:00", "symbol": "BTC-USD"}, {"trade_id": 847990105, "side": "buy", "size": "0.00060997", "price": "117345.06000000", "time": "2025-07-12T15:09:33.053131Z", "fetched_at": "2025-07-12T15:10:50.801514+00:00", "symbol": "BTC-USD"}, {"trade_id": 847990104, "side": "sell", "size": "0.00017318", "price": "117345.07000000", "time": "2025-07-12T15:09:32.693228Z", "fetched_at": "2025-07-12T15:10:50.801514+00:00", "symbol": "BTC-USD"}, {"trade_id": 847990103, "side": "sell", "size": "0.00010968", "price": "117345.07000000", "time": "2025-07-12T15:09:32.693228Z", "fetched_at": "2025-07-12T15:10:50.801514+00:00", "symbol": "BTC-USD"}, {"trade_id": 847990102, "side": "buy", "size": "0.00758700", "price": "117345.06000000", "time": "2025-07-12T15:09:31.363310Z", "fetched_at": "2025-07-12T15:10:50.801514+00:00", "symbol": "BTC-USD"}, {"trade_id": 847990101, "side": "buy", "size": "0.01844829", "price": "117345.07000000", "time": "2025-07-12T15:09:30.828202Z", "fetched_at": "2025-07-12T15:10:50.801514+00:00", "symbol": "BTC-USD"}, {"trade_id": 847990100, "side": "buy", "size": "0.00002384", "price": "117345.08000000", "time": "2025-07-12T15:09:30.828202Z", "fetched_at": "2025-07-12T15:10:50.801514+00:00", "symbol": "BTC-USD"}, {"trade_id": 847990099, "side": "buy", "size": "0.00820864", "price": "117345.08000000", "time": "2025-07-12T15:09:30.828202Z", "fetched_at": "2025-07-12T15:10:50.801514+00:00", "symbol": "BTC-USD"}, {"trade_id": 847990098, "side": "buy", "size": "0.01504597", "price": "117345.08000000", "time": "2025-07-12T15:09:29.613651Z", "fetched_at": "2025-07-12T15:10:50.801514+00:00", "symbol": "BTC-USD"}, {"trade_id": 847990097, "side": "sell", "size": "0.00061000", "price": "117345.09000000", "time": "2025-07-12T15:09:29.023545Z", "fetched_at": "2025-07-12T15:10:50.801514+00:00", "symbol": "BTC-USD"}, {"trade_id": 847990096, "side": "buy", "size": "0.00044539", "price": "117345.08000000", "time": "2025-07-12T15:09:28.459236Z", "fetched_at": "2025-07-12T15:10:50.801514+00:00", "symbol": "BTC-USD"}, {"trade_id": 847990095, "side": "buy", "size": "0.00530000", "price": "117345.08000000", "time": "2025-07-12T15:09:28.193235Z", "fetched_at": "2025-07-12T15:10:50.801514+00:00", "symbol": "BTC-USD"}, {"trade_id": 847990094, "side": "sell", "size": "0.00040408", "price": "117345.07000000", "time": "2025-07-12T15:09:27.804136Z", "fetched_at": "2025-07-12T15:10:50.801514+00:00", "symbol": "BTC-USD"}, {"trade_id": 847990093, "side": "sell", "size": "0.00008285", "price": "117345.07000000", "time": "2025-07-12T15:09:27.468171Z", "fetched_at": "2025-07-12T15:10:50.801514+00:00", "symbol": "BTC-USD"}, {"trade_id": 847990092, "side": "buy", "size": "0.00173831", "price": "117345.06000000", "time": "2025-07-12T15:09:27.291886Z", "fetched_at": "2025-07-12T15:10:50.801514+00:00", "symbol": "BTC-USD"}, {"trade_id": 847990091, "side": "sell", "size": "0.00045548", "price": "117345.07000000", "time": "2025-07-12T15:09:26.771105Z", "fetched_at": "2025-07-12T15:10:50.801514+00:00", "symbol": "BTC-USD"}, {"trade_id": 847990090, "side": "sell", "size": "0.00008436", "price": "117345.07000000", "time": "2025-07-12T15:09:26.404978Z", "fetched_at": "2025-07-12T15:10:50.801514+00:00", "symbol": "BTC-USD"}, {"trade_id": 847990089, "side": "sell", "size": "0.01691694", "price": "117345.07000000", "time": "2025-07-12T15:09:26.338987Z", "fetched_at": "2025-07-12T15:10:50.801514+00:00", "symbol": "BTC-USD"}, {"trade_id": 847990088, "side": "sell", "size": "0.00128748", "price": "117345.07000000", "time": "2025-07-12T15:09:26.236555Z", "fetched_at": "2025-07-12T15:10:50.801514+00:00", "symbol": "BTC-USD"}, {"trade_id": 847990087, "side": "sell", "size": "0.00016560", "price": "117345.07000000", "time": "2025-07-12T15:09:25.018522Z", "fetched_at": "2025-07-12T15:10:50.801514+00:00", "symbol": "BTC-USD"}, {"trade_id": 847990086, "side": "sell", "size": "0.00042179", "price": "117345.07000000", "time": "2025-07-12T15:09:24.243281Z", "fetched_at": "2025-07-12T15:10:50.801514+00:00", "symbol": "BTC-USD"}, {"trade_id": 847990085, "side": "buy", "size": "0.02895740", "price": "117345.06000000", "time": "2025-07-12T15:09:23.613797Z", "fetched_at": "2025-07-12T15:10:50.801514+00:00", "symbol": "BTC-USD"}, {"trade_id": 847990084, "side": "sell", "size": "0.00009111", "price": "117345.07000000", "time": "2025-07-12T15:09:23.164740Z", "fetched_at": "2025-07-12T15:10:50.801514+00:00", "symbol": "BTC-USD"}, {"trade_id": 847990083, "side": "sell", "size": "0.00232853", "price": "117345.07000000", "time": "2025-07-12T15:09:22.538634Z", "fetched_at": "2025-07-12T15:10:50.801514+00:00", "symbol": "BTC-USD"}, {"trade_id": 847990082, "side": "buy", "size": "0.00008521", "price": "117345.06000000", "time": "2025-07-12T15:09:21.524563Z", "fetched_at": "2025-07-12T15:10:50.801514+00:00", "symbol": "BTC-USD"}, {"trade_id": 847990081, "side": "buy", "size": "0.00001065", "price": "117347.28000000", "time": "2025-07-12T15:09:21.135735Z", "fetched_at": "2025-07-12T15:10:50.801514+00:00", "symbol": "BTC-USD"}, {"trade_id": 847990080, "side": "buy", "size": "0.00001000", "price": "117348.00000000", "time": "2025-07-12T15:09:21.127338Z", "fetched_at": "2025-07-12T15:10:50.801514+00:00", "symbol": "BTC-USD"}, {"trade_id": 847990079, "side": "buy", "size": "0.00000264", "price": "117350.00000000", "time": "2025-07-12T15:09:21.101857Z", "fetched_at": "2025-07-12T15:10:50.801514+00:00", "symbol": "BTC-USD"}, {"trade_id": 847990078, "side": "buy", "size": "0.00000349", "price": "117350.00000000", "time": "2025-07-12T15:09:21.101857Z", "fetched_at": "2025-07-12T15:10:50.801514+00:00", "symbol": "BTC-USD"}, {"trade_id": 847990077, "side": "buy", "size": "0.00549288", "price": "117350.00000000", "time": "2025-07-12T15:09:21.101857Z", "fetched_at": "2025-07-12T15:10:50.801514+00:00", "symbol": "BTC-USD"}, {"trade_id": 847990076, "side": "buy", "size": "0.00004235", "price": "117350.00000000", "time": "2025-07-12T15:09:21.101857Z", "fetched_at": "2025-07-12T15:10:50.801514+00:00", "symbol": "BTC-USD"}, {"trade_id": 847990075, "side": "buy", "size": "0.00020919", "price": "117350.00000000", "time": "2025-07-12T15:09:21.101857Z", "fetched_at": "2025-07-12T15:10:50.801514+00:00", "symbol": "BTC-USD"}, {"trade_id": 847990074, "side": "buy", "size": "0.00305517", "price": "117350.00000000", "time": "2025-07-12T15:09:21.095586Z", "fetched_at": "2025-07-12T15:10:50.801514+00:00", "symbol": "BTC-USD"}, {"trade_id": 847990073, "side": "buy", "size": "0.00293166", "price": "117350.00000000", "time": "2025-07-12T15:09:21.090342Z", "fetched_at": "2025-07-12T15:10:50.801514+00:00", "symbol": "BTC-USD"}, {"trade_id": 847990072, "side": "buy", "size": "0.00321837", "price": "117350.00000000", "time": "2025-07-12T15:09:21.086868Z", "fetched_at": "2025-07-12T15:10:50.801514+00:00", "symbol": "BTC-USD"}, {"trade_id": 847990071, "side": "buy", "size": "0.00266624", "price": "117350.00000000", "time": "2025-07-12T15:09:21.082953Z", "fetched_at": "2025-07-12T15:10:50.801514+00:00", "symbol": "BTC-USD"}, {"trade_id": 847990070, "side": "buy", "size": "0.01053191", "price": "117350.00000000", "time": "2025-07-12T15:09:21.036625Z", "fetched_at": "2025-07-12T15:10:50.801514+00:00", "symbol": "BTC-USD"}, {"trade_id": 847990069, "side": "sell", "size": "0.00248285", "price": "117350.01000000", "time": "2025-07-12T15:09:21.035910Z", "fetched_at": "2025-07-12T15:10:50.801514+00:00", "symbol": "BTC-USD"}, {"trade_id": 847990068, "side": "buy", "size": "0.02190999", "price": "117350.00000000", "time": "2025-07-12T15:09:21.032582Z", "fetched_at": "2025-07-12T15:10:50.801514+00:00", "symbol": "BTC-USD"}, {"trade_id": 847990067, "side": "buy", "size": "0.00348436", "price": "117350.00000000", "time": "2025-07-12T15:09:21.029128Z", "fetched_at": "2025-07-12T15:10:50.801514+00:00", "symbol": "BTC-USD"}, {"trade_id": 847990066, "side": "buy", "size": "0.00263352", "price": "117350.00000000", "time": "2025-07-12T15:09:21.025230Z", "fetched_at": "2025-07-12T15:10:50.801514+00:00", "symbol": "BTC-USD"}, {"trade_id": 847990065, "side": "buy", "size": "0.03163826", "price": "117350.00000000", "time": "2025-07-12T15:09:21.023466Z", "fetched_at": "2025-07-12T15:10:50.801514+00:00", "symbol": "BTC-USD"}, {"trade_id": 847990064, "side": "buy", "size": "0.00315435", "price": "117350.00000000", "time": "2025-07-12T15:09:20.941003Z", "fetched_at": "2025-07-12T15:10:50.801514+00:00", "symbol": "BTC-USD"}, {"trade_id": 847990063, "side": "buy", "size": "0.01312908", "price": "117350.00000000", "time": "2025-07-12T15:09:20.937505Z", "fetched_at": "2025-07-12T15:10:50.801514+00:00", "symbol": "BTC-USD"}, {"trade_id": 847990062, "side": "buy", "size": "0.03285189", "price": "117350.00000000", "time": "2025-07-12T15:09:20.927267Z", "fetched_at": "2025-07-12T15:10:50.801514+00:00", "symbol": "BTC-USD"}, {"trade_id": 847990061, "side": "buy", "size": "0.07046755", "price": "117350.00000000", "time": "2025-07-12T15:09:20.843182Z", "fetched_at": "2025-07-12T15:10:50.801514+00:00", "symbol": "BTC-USD"}, {"trade_id": 847990060, "side": "buy", "size": "0.05189477", "price": "117350.00000000", "time": "2025-07-12T15:09:20.839991Z", "fetched_at": "2025-07-12T15:10:50.801514+00:00", "symbol": "BTC-USD"}, {"trade_id": 847990059, "side": "buy", "size": "0.08817842", "price": "117350.00000000", "time": "2025-07-12T15:09:20.836617Z", "fetched_at": "2025-07-12T15:10:50.801514+00:00", "symbol": "BTC-USD"}, {"trade_id": 847990058, "side": "sell", "size": "0.00000009", "price": "117350.01000000", "time": "2025-07-12T15:09:20.764421Z", "fetched_at": "2025-07-12T15:10:50.801514+00:00", "symbol": "BTC-USD"}, {"trade_id": 847990057, "side": "buy", "size": "0.08668534", "price": "117350.00000000", "time": "2025-07-12T15:09:20.503084Z", "fetched_at": "2025-07-12T15:10:50.801514+00:00", "symbol": "BTC-USD"}, {"trade_id": 847990056, "side": "buy", "size": "0.00009373", "price": "117351.39000000", "time": "2025-07-12T15:09:20.503084Z", "fetched_at": "2025-07-12T15:10:50.801514+00:00", "symbol": "BTC-USD"}, {"trade_id": 847990055, "side": "buy", "size": "0.00033676", "price": "117351.39000000", "time": "2025-07-12T15:09:20.503084Z", "fetched_at": "2025-07-12T15:10:50.801514+00:00", "symbol": "BTC-USD"}, {"trade_id": 847990054, "side": "buy", "size": "0.00000009", "price": "117351.39000000", "time": "2025-07-12T15:09:20.503084Z", "fetched_at": "2025-07-12T15:10:50.801514+00:00", "symbol": "BTC-USD"}, {"trade_id": 847990053, "side": "sell", "size": "0.00275532", "price": "117351.40000000", "time": "2025-07-12T15:09:20.234751Z", "fetched_at": "2025-07-12T15:10:50.801514+00:00", "symbol": "BTC-USD"}, {"trade_id": 847990052, "side": "buy", "size": "0.00510134", "price": "117353.32000000", "time": "2025-07-12T15:09:19.738658Z", "fetched_at": "2025-07-12T15:10:50.801514+00:00", "symbol": "BTC-USD"}, {"trade_id": 847990051, "side": "buy", "size": "0.02813029", "price": "117353.76000000", "time": "2025-07-12T15:09:19.738658Z", "fetched_at": "2025-07-12T15:10:50.801514+00:00", "symbol": "BTC-USD"}, {"trade_id": 847990050, "side": "buy", "size": "0.00000093", "price": "117355.58000000", "time": "2025-07-12T15:09:19.738658Z", "fetched_at": "2025-07-12T15:10:50.801514+00:00", "symbol": "BTC-USD"}, {"trade_id": 847990049, "side": "buy", "size": "0.00003456", "price": "117355.60000000", "time": "2025-07-12T15:09:19.738658Z", "fetched_at": "2025-07-12T15:10:50.801514+00:00", "symbol": "BTC-USD"}, {"trade_id": 847990048, "side": "buy", "size": "0.00007000", "price": "117355.60000000", "time": "2025-07-12T15:09:19.738658Z", "fetched_at": "2025-07-12T15:10:50.801514+00:00", "symbol": "BTC-USD"}, {"trade_id": 847990047, "side": "buy", "size": "0.00000460", "price": "117355.60000000", "time": "2025-07-12T15:09:19.738658Z", "fetched_at": "2025-07-12T15:10:50.801514+00:00", "symbol": "BTC-USD"}, {"trade_id": 847990046, "side": "sell", "size": "0.00027324", "price": "117355.61000000", "time": "2025-07-12T15:09:19.500912Z", "fetched_at": "2025-07-12T15:10:50.801514+00:00", "symbol": "BTC-USD"}, {"trade_id": 847990045, "side": "sell", "size": "0.00033101", "price": "117355.61000000", "time": "2025-07-12T15:09:19.274944Z", "fetched_at": "2025-07-12T15:10:50.801514+00:00", "symbol": "BTC-USD"}, {"trade_id": 847990044, "side": "buy", "size": "0.00022190", "price": "117355.85000000", "time": "2025-07-12T15:09:18.386214Z", "fetched_at": "2025-07-12T15:10:50.801514+00:00", "symbol": "BTC-USD"}, {"trade_id": 847990043, "side": "sell", "size": "0.08948156", "price": "117358.16000000", "time": "2025-07-12T15:09:16.423886Z", "fetched_at": "2025-07-12T15:10:50.801514+00:00", "symbol": "BTC-USD"}, {"trade_id": 847990042, "side": "sell", "size": "0.01808179", "price": "117355.61000000", "time": "2025-07-12T15:09:16.423886Z", "fetched_at": "2025-07-12T15:10:50.801514+00:00", "symbol": "BTC-USD"}, {"trade_id": 847990041, "side": "sell", "size": "0.00156468", "price": "117355.61000000", "time": "2025-07-12T15:09:16.269591Z", "fetched_at": "2025-07-12T15:10:50.801514+00:00", "symbol": "BTC-USD"}, {"trade_id": 847990040, "side": "buy", "size": "0.00010968", "price": "117355.60000000", "time": "2025-07-12T15:09:16.210209Z", "fetched_at": "2025-07-12T15:10:50.801514+00:00", "symbol": "BTC-USD"}, {"trade_id": 847990039, "side": "sell", "size": "0.00080824", "price": "117355.61000000", "time": "2025-07-12T15:09:16.035094Z", "fetched_at": "2025-07-12T15:10:50.801514+00:00", "symbol": "BTC-USD"}, {"trade_id": 847990038, "side": "sell", "size": "0.00088906", "price": "117355.61000000", "time": "2025-07-12T15:09:15.313582Z", "fetched_at": "2025-07-12T15:10:50.801514+00:00", "symbol": "BTC-USD"}, {"trade_id": 847990037, "side": "sell", "size": "0.00137000", "price": "117355.61000000", "time": "2025-07-12T15:09:15.272778Z", "fetched_at": "2025-07-12T15:10:50.801514+00:00", "symbol": "BTC-USD"}, {"trade_id": 847990036, "side": "buy", "size": "0.00012379", "price": "117355.60000000", "time": "2025-07-12T15:09:14.533135Z", "fetched_at": "2025-07-12T15:10:50.801514+00:00", "symbol": "BTC-USD"}, {"trade_id": 847990035, "side": "sell", "size": "0.00106087", "price": "117355.61000000", "time": "2025-07-12T15:09:14.397817Z", "fetched_at": "2025-07-12T15:10:50.801514+00:00", "symbol": "BTC-USD"}, {"trade_id": 847990034, "side": "buy", "size": "0.00031144", "price": "117355.60000000", "time": "2025-07-12T15:09:14.338696Z", "fetched_at": "2025-07-12T15:10:50.801514+00:00", "symbol": "BTC-USD"}, {"trade_id": 847990033, "side": "sell", "size": "0.00000251", "price": "117355.61000000", "time": "2025-07-12T15:09:12.373940Z", "fetched_at": "2025-07-12T15:10:50.801514+00:00", "symbol": "BTC-USD"}, {"trade_id": 847990032, "side": "sell", "size": "0.00080816", "price": "117355.61000000", "time": "2025-07-12T15:09:12.276835Z", "fetched_at": "2025-07-12T15:10:50.801514+00:00", "symbol": "BTC-USD"}, {"trade_id": 847990031, "side": "buy", "size": "0.00024633", "price": "117355.60000000", "time": "2025-07-12T15:09:12.162004Z", "fetched_at": "2025-07-12T15:10:50.801514+00:00", "symbol": "BTC-USD"}, {"trade_id": 847990030, "side": "sell", "size": "0.00067082", "price": "117355.61000000", "time": "2025-07-12T15:09:12.018717Z", "fetched_at": "2025-07-12T15:10:50.801514+00:00", "symbol": "BTC-USD"}, {"trade_id": 847990029, "side": "sell", "size": "0.00207004", "price": "117355.61000000", "time": "2025-07-12T15:09:11.550913Z", "fetched_at": "2025-07-12T15:10:50.801514+00:00", "symbol": "BTC-USD"}, {"trade_id": 847990028, "side": "sell", "size": "0.00000083", "price": "117355.61000000", "time": "2025-07-12T15:09:10.330496Z", "fetched_at": "2025-07-12T15:10:50.801514+00:00", "symbol": "BTC-USD"}, {"trade_id": 847990027, "side": "sell", "size": "0.00000869", "price": "117355.61000000", "time": "2025-07-12T15:09:10.123759Z", "fetched_at": "2025-07-12T15:10:50.801514+00:00", "symbol": "BTC-USD"}, {"trade_id": 847990026, "side": "sell", "size": "0.00000008", "price": "117355.61000000", "time": "2025-07-12T15:09:08.737471Z", "fetched_at": "2025-07-12T15:10:50.801514+00:00", "symbol": "BTC-USD"}, {"trade_id": 847990025, "side": "sell", "size": "0.00000170", "price": "117355.61000000", "time": "2025-07-12T15:09:08.709189Z", "fetched_at": "2025-07-12T15:10:50.801514+00:00", "symbol": "BTC-USD"}, {"trade_id": 847990024, "side": "sell", "size": "0.00421617", "price": "117355.61000000", "time": "2025-07-12T15:09:08.686773Z", "fetched_at": "2025-07-12T15:10:50.801514+00:00", "symbol": "BTC-USD"}, {"trade_id": 847990023, "side": "sell", "size": "0.00758700", "price": "117355.59000000", "time": "2025-07-12T15:09:07.643837Z", "fetched_at": "2025-07-12T15:10:50.801514+00:00", "symbol": "BTC-USD"}, {"trade_id": 847990022, "side": "buy", "size": "0.00632450", "price": "117355.58000000", "time": "2025-07-12T15:09:07.030432Z", "fetched_at": "2025-07-12T15:10:50.801514+00:00", "symbol": "BTC-USD"}, {"trade_id": 847990021, "side": "buy", "size": "0.06299708", "price": "117355.58000000", "time": "2025-07-12T15:09:07.030432Z", "fetched_at": "2025-07-12T15:10:50.801514+00:00", "symbol": "BTC-USD"}, {"trade_id": 847990020, "side": "buy", "size": "0.00009373", "price": "117355.58000000", "time": "2025-07-12T15:09:07.030432Z", "fetched_at": "2025-07-12T15:10:50.801514+00:00", "symbol": "BTC-USD"}, {"trade_id": 847990019, "side": "buy", "size": "0.00000247", "price": "117355.58000000", "time": "2025-07-12T15:09:07.030432Z", "fetched_at": "2025-07-12T15:10:50.801514+00:00", "symbol": "BTC-USD"}, {"trade_id": 847990018, "side": "buy", "size": "0.00000110", "price": "117355.58000000", "time": "2025-07-12T15:09:07.030432Z", "fetched_at": "2025-07-12T15:10:50.801514+00:00", "symbol": "BTC-USD"}, {"trade_id": 847990017, "side": "sell", "size": "0.00020700", "price": "117355.59000000", "time": "2025-07-12T15:09:05.704696Z", "fetched_at": "2025-07-12T15:10:50.801514+00:00", "symbol": "BTC-USD"}, {"trade_id": 847990016, "side": "sell", "size": "0.00058079", "price": "117355.59000000", "time": "2025-07-12T15:09:04.790298Z", "fetched_at": "2025-07-12T15:10:50.801514+00:00", "symbol": "BTC-USD"}, {"trade_id": 847990015, "side": "sell", "size": "0.00005186", "price": "117355.59000000", "time": "2025-07-12T15:09:04.790298Z", "fetched_at": "2025-07-12T15:10:50.801514+00:00", "symbol": "BTC-USD"}, {"trade_id": 847990014, "side": "buy", "size": "0.01982652", "price": "117355.58000000", "time": "2025-07-12T15:09:04.786160Z", "fetched_at": "2025-07-12T15:10:50.801514+00:00", "symbol": "BTC-USD"}, {"trade_id": 847990013, "side": "buy", "size": "0.00001065", "price": "117355.58000000", "time": "2025-07-12T15:09:04.786160Z", "fetched_at": "2025-07-12T15:10:50.801514+00:00", "symbol": "BTC-USD"}, {"trade_id": 847990012, "side": "buy", "size": "0.00002462", "price": "117355.58000000", "time": "2025-07-12T15:09:04.786160Z", "fetched_at": "2025-07-12T15:10:50.801514+00:00", "symbol": "BTC-USD"}, {"trade_id": 847990011, "side": "buy", "size": "0.02813821", "price": "117355.58000000", "time": "2025-07-12T15:09:04.786160Z", "fetched_at": "2025-07-12T15:10:50.801514+00:00", "symbol": "BTC-USD"}, {"trade_id": 847990010, "side": "buy", "size": "0.00280252", "price": "117355.58000000", "time": "2025-07-12T15:09:03.952503Z", "fetched_at": "2025-07-12T15:10:50.801514+00:00", "symbol": "BTC-USD"}, {"trade_id": 847990009, "side": "buy", "size": "0.00002020", "price": "117355.58000000", "time": "2025-07-12T15:09:03.433868Z", "fetched_at": "2025-07-12T15:10:50.801514+00:00", "symbol": "BTC-USD"}, {"trade_id": 847990008, "side": "sell", "size": "0.00008224", "price": "117355.59000000", "time": "2025-07-12T15:09:03.393760Z", "fetched_at": "2025-07-12T15:10:50.801514+00:00", "symbol": "BTC-USD"}, {"trade_id": 847990007, "side": "buy", "size": "0.00009373", "price": "117355.59000000", "time": "2025-07-12T15:09:03.235391Z", "fetched_at": "2025-07-12T15:10:50.801514+00:00", "symbol": "BTC-USD"}, {"trade_id": 847990006, "side": "sell", "size": "0.00020700", "price": "117355.59000000", "time": "2025-07-12T15:09:02.489958Z", "fetched_at": "2025-07-12T15:10:50.801514+00:00", "symbol": "BTC-USD"}, {"trade_id": 847990005, "side": "sell", "size": "0.00660866", "price": "117355.59000000", "time": "2025-07-12T15:09:02.357325Z", "fetched_at": "2025-07-12T15:10:50.801514+00:00", "symbol": "BTC-USD"}, {"trade_id": 847990004, "side": "buy", "size": "0.00002614", "price": "117355.58000000", "time": "2025-07-12T15:09:02.015696Z", "fetched_at": "2025-07-12T15:10:50.801514+00:00", "symbol": "BTC-USD"}, {"trade_id": 847990003, "side": "sell", "size": "0.00004007", "price": "117355.59000000", "time": "2025-07-12T15:09:01.894465Z", "fetched_at": "2025-07-12T15:10:50.801514+00:00", "symbol": "BTC-USD"}, {"trade_id": 847990002, "side": "sell", "size": "0.00000483", "price": "117355.59000000", "time": "2025-07-12T15:09:01.868372Z", "fetched_at": "2025-07-12T15:10:50.801514+00:00", "symbol": "BTC-USD"}, {"trade_id": 847990001, "side": "buy", "size": "0.00101293", "price": "117355.58000000", "time": "2025-07-12T15:09:01.815142Z", "fetched_at": "2025-07-12T15:10:50.801514+00:00", "symbol": "BTC-USD"}, {"trade_id": 847990000, "side": "buy", "size": "0.00000001", "price": "117355.59000000", "time": "2025-07-12T15:09:01.594989Z", "fetched_at": "2025-07-12T15:10:50.801514+00:00", "symbol": "BTC-USD"}, {"trade_id": 847989999, "side": "sell", "size": "0.00082802", "price": "117355.60000000", "time": "2025-07-12T15:09:01.489279Z", "fetched_at": "2025-07-12T15:10:50.801514+00:00", "symbol": "BTC-USD"}, {"trade_id": 847989998, "side": "sell", "size": "0.00000844", "price": "117355.60000000", "time": "2025-07-12T15:09:00.918693Z", "fetched_at": "2025-07-12T15:10:50.801514+00:00", "symbol": "BTC-USD"}, {"trade_id": 847989997, "side": "buy", "size": "0.02086971", "price": "117353.76000000", "time": "2025-07-12T15:09:00.876598Z", "fetched_at": "2025-07-12T15:10:50.801514+00:00", "symbol": "BTC-USD"}, {"trade_id": 847989996, "side": "buy", "size": "0.05944322", "price": "117353.77000000", "time": "2025-07-12T15:09:00.876598Z", "fetched_at": "2025-07-12T15:10:50.801514+00:00", "symbol": "BTC-USD"}, {"trade_id": 847989995, "side": "buy", "size": "0.00127527", "price": "117355.54000000", "time": "2025-07-12T15:09:00.876598Z", "fetched_at": "2025-07-12T15:10:50.801514+00:00", "symbol": "BTC-USD"}, {"trade_id": 847989994, "side": "buy", "size": "0.00000187", "price": "117355.54000000", "time": "2025-07-12T15:09:00.876598Z", "fetched_at": "2025-07-12T15:10:50.801514+00:00", "symbol": "BTC-USD"}