[{"trade_id": 143012109, "side": "buy", "size": "1.52577624", "price": "0.76180000", "time": "2025-07-11T15:39:32.912690Z", "fetched_at": "2025-07-11T15:39:35.490840+00:00", "symbol": "ADA-USD"}, {"trade_id": 143012108, "side": "buy", "size": "1.50091526", "price": "0.76190000", "time": "2025-07-11T15:39:32.840845Z", "fetched_at": "2025-07-11T15:39:35.490840+00:00", "symbol": "ADA-USD"}, {"trade_id": 143012107, "side": "sell", "size": "12.65136047", "price": "0.76180000", "time": "2025-07-11T15:39:32.197005Z", "fetched_at": "2025-07-11T15:39:35.490840+00:00", "symbol": "ADA-USD"}, {"trade_id": 143012106, "side": "sell", "size": "50.00000000", "price": "0.76160000", "time": "2025-07-11T15:39:31.797469Z", "fetched_at": "2025-07-11T15:39:35.490840+00:00", "symbol": "ADA-USD"}, {"trade_id": 143012105, "side": "sell", "size": "391.50000000", "price": "0.76160000", "time": "2025-07-11T15:39:31.797469Z", "fetched_at": "2025-07-11T15:39:35.490840+00:00", "symbol": "ADA-USD"}, {"trade_id": 143012104, "side": "buy", "size": "1.85975912", "price": "0.76170000", "time": "2025-07-11T15:39:31.667613Z", "fetched_at": "2025-07-11T15:39:35.490840+00:00", "symbol": "ADA-USD"}, {"trade_id": 143012103, "side": "buy", "size": "1.85975912", "price": "0.76170000", "time": "2025-07-11T15:39:31.657949Z", "fetched_at": "2025-07-11T15:39:35.490840+00:00", "symbol": "ADA-USD"}, {"trade_id": 143012102, "side": "buy", "size": "1.85975912", "price": "0.76170000", "time": "2025-07-11T15:39:31.574229Z", "fetched_at": "2025-07-11T15:39:35.490840+00:00", "symbol": "ADA-USD"}, {"trade_id": 143012101, "side": "buy", "size": "2.49810197", "price": "0.76170000", "time": "2025-07-11T15:39:31.169894Z", "fetched_at": "2025-07-11T15:39:35.490840+00:00", "symbol": "ADA-USD"}, {"trade_id": 143012100, "side": "buy", "size": "2.49777405", "price": "0.76180000", "time": "2025-07-11T15:39:31.147019Z", "fetched_at": "2025-07-11T15:39:35.490840+00:00", "symbol": "ADA-USD"}, {"trade_id": 143012099, "side": "buy", "size": "260.26416813", "price": "0.76180000", "time": "2025-07-11T15:39:31.097731Z", "fetched_at": "2025-07-11T15:39:35.490840+00:00", "symbol": "ADA-USD"}, {"trade_id": 143012098, "side": "buy", "size": "2.49744621", "price": "0.76190000", "time": "2025-07-11T15:39:31.097731Z", "fetched_at": "2025-07-11T15:39:35.490840+00:00", "symbol": "ADA-USD"}, {"trade_id": 143012097, "side": "sell", "size": "11.32782352", "price": "0.76190000", "time": "2025-07-11T15:39:30.650466Z", "fetched_at": "2025-07-11T15:39:35.490840+00:00", "symbol": "ADA-USD"}, {"trade_id": 143012096, "side": "buy", "size": "1.79449003", "price": "0.76160000", "time": "2025-07-11T15:39:30.355853Z", "fetched_at": "2025-07-11T15:39:35.490840+00:00", "symbol": "ADA-USD"}, {"trade_id": 143012095, "side": "buy", "size": "98.68999300", "price": "0.76150000", "time": "2025-07-11T15:39:30.252865Z", "fetched_at": "2025-07-11T15:39:35.490840+00:00", "symbol": "ADA-USD"}, {"trade_id": 143012094, "side": "buy", "size": "99.98938000", "price": "0.76150000", "time": "2025-07-11T15:39:30.252865Z", "fetched_at": "2025-07-11T15:39:35.490840+00:00", "symbol": "ADA-USD"}, {"trade_id": 143012093, "side": "buy", "size": "1.50000000", "price": "0.76150000", "time": "2025-07-11T15:39:30.252865Z", "fetched_at": "2025-07-11T15:39:35.490840+00:00", "symbol": "ADA-USD"}, {"trade_id": 143012092, "side": "buy", "size": "1.97290003", "price": "0.76160000", "time": "2025-07-11T15:39:29.781757Z", "fetched_at": "2025-07-11T15:39:35.490840+00:00", "symbol": "ADA-USD"}, {"trade_id": 143012091, "side": "buy", "size": "641.74253380", "price": "0.76160000", "time": "2025-07-11T15:39:29.755423Z", "fetched_at": "2025-07-11T15:39:35.490840+00:00", "symbol": "ADA-USD"}, {"trade_id": 143012090, "side": "buy", "size": "1309.55147866", "price": "0.76160000", "time": "2025-07-11T15:39:29.735271Z", "fetched_at": "2025-07-11T15:39:35.490840+00:00", "symbol": "ADA-USD"}, {"trade_id": 143012089, "side": "buy", "size": "1.50000000", "price": "0.76160000", "time": "2025-07-11T15:39:29.735271Z", "fetched_at": "2025-07-11T15:39:35.490840+00:00", "symbol": "ADA-USD"}, {"trade_id": 143012088, "side": "buy", "size": "2.35312411", "price": "0.76170000", "time": "2025-07-11T15:39:29.735271Z", "fetched_at": "2025-07-11T15:39:35.490840+00:00", "symbol": "ADA-USD"}, {"trade_id": 143012087, "side": "buy", "size": "510.50000000", "price": "0.76170000", "time": "2025-07-11T15:39:29.176918Z", "fetched_at": "2025-07-11T15:39:35.490840+00:00", "symbol": "ADA-USD"}, {"trade_id": 143012086, "side": "buy", "size": "1.50000000", "price": "0.76170000", "time": "2025-07-11T15:39:29.176918Z", "fetched_at": "2025-07-11T15:39:35.490840+00:00", "symbol": "ADA-USD"}, {"trade_id": 143012085, "side": "buy", "size": "2.39546061", "price": "0.76180000", "time": "2025-07-11T15:39:29.172635Z", "fetched_at": "2025-07-11T15:39:35.490840+00:00", "symbol": "ADA-USD"}, {"trade_id": 143012084, "side": "buy", "size": "1.50000000", "price": "0.76180000", "time": "2025-07-11T15:39:29.172635Z", "fetched_at": "2025-07-11T15:39:35.490840+00:00", "symbol": "ADA-USD"}, {"trade_id": 143012083, "side": "buy", "size": "2.39514621", "price": "0.76190000", "time": "2025-07-11T15:39:29.063908Z", "fetched_at": "2025-07-11T15:39:35.490840+00:00", "symbol": "ADA-USD"}, {"trade_id": 143012082, "side": "buy", "size": "1.50000000", "price": "0.76190000", "time": "2025-07-11T15:39:28.257217Z", "fetched_at": "2025-07-11T15:39:35.490840+00:00", "symbol": "ADA-USD"}, {"trade_id": 143012081, "side": "buy", "size": "559.96959478", "price": "0.76200000", "time": "2025-07-11T15:39:28.207827Z", "fetched_at": "2025-07-11T15:39:35.490840+00:00", "symbol": "ADA-USD"}, {"trade_id": 143012080, "side": "buy", "size": "62.61850000", "price": "0.76200000", "time": "2025-07-11T15:39:28.207543Z", "fetched_at": "2025-07-11T15:39:35.490840+00:00", "symbol": "ADA-USD"}, {"trade_id": 143012079, "side": "buy", "size": "99.98930000", "price": "0.76210000", "time": "2025-07-11T15:39:28.022624Z", "fetched_at": "2025-07-11T15:39:35.490840+00:00", "symbol": "ADA-USD"}, {"trade_id": 143012078, "side": "sell", "size": "480.34369675", "price": "0.76220000", "time": "2025-07-11T15:39:27.741131Z", "fetched_at": "2025-07-11T15:39:35.490840+00:00", "symbol": "ADA-USD"}, {"trade_id": 143012077, "side": "sell", "size": "12.65429124", "price": "0.76210000", "time": "2025-07-11T15:39:27.726478Z", "fetched_at": "2025-07-11T15:39:35.490840+00:00", "symbol": "ADA-USD"}, {"trade_id": 143012076, "side": "sell", "size": "51.00306000", "price": "0.76210000", "time": "2025-07-11T15:39:27.726478Z", "fetched_at": "2025-07-11T15:39:35.490840+00:00", "symbol": "ADA-USD"}, {"trade_id": 143012075, "side": "sell", "size": "50.00000000", "price": "0.76210000", "time": "2025-07-11T15:39:27.726478Z", "fetched_at": "2025-07-11T15:39:35.490840+00:00", "symbol": "ADA-USD"}, {"trade_id": 143012074, "side": "sell", "size": "96.81546000", "price": "0.76210000", "time": "2025-07-11T15:39:27.726478Z", "fetched_at": "2025-07-11T15:39:35.490840+00:00", "symbol": "ADA-USD"}, {"trade_id": 143012073, "side": "buy", "size": "529.71135775", "price": "0.76210000", "time": "2025-07-11T15:39:27.618279Z", "fetched_at": "2025-07-11T15:39:35.490840+00:00", "symbol": "ADA-USD"}, {"trade_id": 143012072, "side": "buy", "size": "1.81707274", "price": "0.76230000", "time": "2025-07-11T15:39:26.645226Z", "fetched_at": "2025-07-11T15:39:35.490840+00:00", "symbol": "ADA-USD"}, {"trade_id": 143012071, "side": "buy", "size": "660.95389155", "price": "0.76200000", "time": "2025-07-11T15:39:26.264541Z", "fetched_at": "2025-07-11T15:39:35.490840+00:00", "symbol": "ADA-USD"}, {"trade_id": 143012070, "side": "buy", "size": "1.68880645", "price": "0.76210000", "time": "2025-07-11T15:39:26.264541Z", "fetched_at": "2025-07-11T15:39:35.490840+00:00", "symbol": "ADA-USD"}, {"trade_id": 143012069, "side": "buy", "size": "532.09516099", "price": "0.76200000", "time": "2025-07-11T15:39:26.118901Z", "fetched_at": "2025-07-11T15:39:35.490840+00:00", "symbol": "ADA-USD"}, {"trade_id": 143012068, "side": "buy", "size": "260.26416813", "price": "0.76200000", "time": "2025-07-11T15:39:26.118901Z", "fetched_at": "2025-07-11T15:39:35.490840+00:00", "symbol": "ADA-USD"}, {"trade_id": 143012067, "side": "buy", "size": "1.68880645", "price": "0.76210000", "time": "2025-07-11T15:39:26.118901Z", "fetched_at": "2025-07-11T15:39:35.490840+00:00", "symbol": "ADA-USD"}, {"trade_id": 143012066, "side": "buy", "size": "2.35396255", "price": "0.76200000", "time": "2025-07-11T15:39:26.104975Z", "fetched_at": "2025-07-11T15:39:35.490840+00:00", "symbol": "ADA-USD"}, {"trade_id": 143012065, "side": "buy", "size": "51.00306000", "price": "0.76210000", "time": "2025-07-11T15:39:26.104975Z", "fetched_at": "2025-07-11T15:39:35.490840+00:00", "symbol": "ADA-USD"}, {"trade_id": 143012064, "side": "buy", "size": "99.98938000", "price": "0.76210000", "time": "2025-07-11T15:39:26.104975Z", "fetched_at": "2025-07-11T15:39:35.490840+00:00", "symbol": "ADA-USD"}, {"trade_id": 143012063, "side": "buy", "size": "103.35145000", "price": "0.76210000", "time": "2025-07-11T15:39:26.104975Z", "fetched_at": "2025-07-11T15:39:35.490840+00:00", "symbol": "ADA-USD"}, {"trade_id": 143012062, "side": "buy", "size": "1.68880645", "price": "0.76210000", "time": "2025-07-11T15:39:26.104975Z", "fetched_at": "2025-07-11T15:39:35.490840+00:00", "symbol": "ADA-USD"}, {"trade_id": 143012061, "side": "buy", "size": "2.03786037", "price": "0.76220000", "time": "2025-07-11T15:39:25.870476Z", "fetched_at": "2025-07-11T15:39:35.490840+00:00", "symbol": "ADA-USD"}, {"trade_id": 143012060, "side": "sell", "size": "6.16721300", "price": "0.76230000", "time": "2025-07-11T15:39:25.664835Z", "fetched_at": "2025-07-11T15:39:35.490840+00:00", "symbol": "ADA-USD"}, {"trade_id": 143012059, "side": "buy", "size": "2.55733466", "price": "0.76220000", "time": "2025-07-11T15:39:25.036873Z", "fetched_at": "2025-07-11T15:39:35.490840+00:00", "symbol": "ADA-USD"}, {"trade_id": 143012058, "side": "buy", "size": "2148.21260250", "price": "0.76220000", "time": "2025-07-11T15:39:24.611156Z", "fetched_at": "2025-07-11T15:39:35.490840+00:00", "symbol": "ADA-USD"}, {"trade_id": 143012057, "side": "buy", "size": "2.85478192", "price": "0.76220000", "time": "2025-07-11T15:39:24.611156Z", "fetched_at": "2025-07-11T15:39:35.490840+00:00", "symbol": "ADA-USD"}, {"trade_id": 143012056, "side": "buy", "size": "357.15814691", "price": "0.76220000", "time": "2025-07-11T15:39:24.611156Z", "fetched_at": "2025-07-11T15:39:35.490840+00:00", "symbol": "ADA-USD"}, {"trade_id": 143012055, "side": "buy", "size": "563.06129509", "price": "0.76220000", "time": "2025-07-11T15:39:24.611156Z", "fetched_at": "2025-07-11T15:39:35.490840+00:00", "symbol": "ADA-USD"}, {"trade_id": 143012054, "side": "buy", "size": "1.76144066", "price": "0.76230000", "time": "2025-07-11T15:39:23.567978Z", "fetched_at": "2025-07-11T15:39:35.490840+00:00", "symbol": "ADA-USD"}, {"trade_id": 143012053, "side": "sell", "size": "10.63227710", "price": "0.76220000", "time": "2025-07-11T15:39:23.448580Z", "fetched_at": "2025-07-11T15:39:35.490840+00:00", "symbol": "ADA-USD"}, {"trade_id": 143012052, "side": "sell", "size": "1637.72448506", "price": "0.76220000", "time": "2025-07-11T15:39:23.448580Z", "fetched_at": "2025-07-11T15:39:35.490840+00:00", "symbol": "ADA-USD"}, {"trade_id": 143012051, "side": "buy", "size": "2.20352339", "price": "0.76210000", "time": "2025-07-11T15:39:22.652185Z", "fetched_at": "2025-07-11T15:39:35.490840+00:00", "symbol": "ADA-USD"}, {"trade_id": 143012050, "side": "buy", "size": "0.00002130", "price": "0.76210000", "time": "2025-07-11T15:39:21.776665Z", "fetched_at": "2025-07-11T15:39:35.490840+00:00", "symbol": "ADA-USD"}, {"trade_id": 143012049, "side": "buy", "size": "68.10133000", "price": "0.76190000", "time": "2025-07-11T15:39:21.614222Z", "fetched_at": "2025-07-11T15:39:35.490840+00:00", "symbol": "ADA-USD"}, {"trade_id": 143012048, "side": "buy", "size": "3.02746007", "price": "0.76200000", "time": "2025-07-11T15:39:21.507486Z", "fetched_at": "2025-07-11T15:39:35.490840+00:00", "symbol": "ADA-USD"}, {"trade_id": 143012047, "side": "buy", "size": "4.31154062", "price": "0.76200000", "time": "2025-07-11T15:39:21.141569Z", "fetched_at": "2025-07-11T15:39:35.490840+00:00", "symbol": "ADA-USD"}, {"trade_id": 143012046, "side": "buy", "size": "260.26416813", "price": "0.76200000", "time": "2025-07-11T15:39:21.141569Z", "fetched_at": "2025-07-11T15:39:35.490840+00:00", "symbol": "ADA-USD"}, {"trade_id": 143012045, "side": "buy", "size": "893.93163308", "price": "0.76200000", "time": "2025-07-11T15:39:21.141569Z", "fetched_at": "2025-07-11T15:39:35.490840+00:00", "symbol": "ADA-USD"}, {"trade_id": 143012044, "side": "buy", "size": "563.06129509", "price": "0.76200000", "time": "2025-07-11T15:39:21.141569Z", "fetched_at": "2025-07-11T15:39:35.490840+00:00", "symbol": "ADA-USD"}, {"trade_id": 143012043, "side": "buy", "size": "1.50000000", "price": "0.76220000", "time": "2025-07-11T15:39:21.115281Z", "fetched_at": "2025-07-11T15:39:35.490840+00:00", "symbol": "ADA-USD"}, {"trade_id": 143012042, "side": "sell", "size": "13.03332021", "price": "0.76230000", "time": "2025-07-11T15:39:21.070672Z", "fetched_at": "2025-07-11T15:39:35.490840+00:00", "symbol": "ADA-USD"}, {"trade_id": 143012041, "side": "buy", "size": "4.34967352", "price": "0.76230000", "time": "2025-07-11T15:39:20.850821Z", "fetched_at": "2025-07-11T15:39:35.490840+00:00", "symbol": "ADA-USD"}, {"trade_id": 143012040, "side": "buy", "size": "15.86209324", "price": "0.76230000", "time": "2025-07-11T15:39:20.260030Z", "fetched_at": "2025-07-11T15:39:35.490840+00:00", "symbol": "ADA-USD"}, {"trade_id": 143012039, "side": "sell", "size": "31.86177000", "price": "0.76240000", "time": "2025-07-11T15:39:20.220339Z", "fetched_at": "2025-07-11T15:39:35.490840+00:00", "symbol": "ADA-USD"}, {"trade_id": 143012038, "side": "buy", "size": "16.36518004", "price": "0.76240000", "time": "2025-07-11T15:39:20.086316Z", "fetched_at": "2025-07-11T15:39:35.490840+00:00", "symbol": "ADA-USD"}, {"trade_id": 143012037, "side": "sell", "size": "124.33133700", "price": "0.76250000", "time": "2025-07-11T15:39:19.553066Z", "fetched_at": "2025-07-11T15:39:35.490840+00:00", "symbol": "ADA-USD"}, {"trade_id": 143012036, "side": "sell", "size": "2.48004812", "price": "0.76260000", "time": "2025-07-11T15:39:19.079176Z", "fetched_at": "2025-07-11T15:39:35.490840+00:00", "symbol": "ADA-USD"}, {"trade_id": 143012035, "side": "sell", "size": "68.17133856", "price": "0.76260000", "time": "2025-07-11T15:39:18.633774Z", "fetched_at": "2025-07-11T15:39:35.490840+00:00", "symbol": "ADA-USD"}, {"trade_id": 143012034, "side": "sell", "size": "1.50000000", "price": "0.76260000", "time": "2025-07-11T15:39:18.633774Z", "fetched_at": "2025-07-11T15:39:35.490840+00:00", "symbol": "ADA-USD"}, {"trade_id": 143012033, "side": "sell", "size": "563.06129509", "price": "0.76260000", "time": "2025-07-11T15:39:18.633774Z", "fetched_at": "2025-07-11T15:39:35.490840+00:00", "symbol": "ADA-USD"}, {"trade_id": 143012032, "side": "sell", "size": "3.42090935", "price": "0.76250000", "time": "2025-07-11T15:39:18.633774Z", "fetched_at": "2025-07-11T15:39:35.490840+00:00", "symbol": "ADA-USD"}, {"trade_id": 143012031, "side": "sell", "size": "1.50000000", "price": "0.76250000", "time": "2025-07-11T15:39:18.633774Z", "fetched_at": "2025-07-11T15:39:35.490840+00:00", "symbol": "ADA-USD"}, {"trade_id": 143012030, "side": "sell", "size": "4.44955178", "price": "0.76240000", "time": "2025-07-11T15:39:18.502439Z", "fetched_at": "2025-07-11T15:39:35.490840+00:00", "symbol": "ADA-USD"}, {"trade_id": 143012029, "side": "sell", "size": "1.50000000", "price": "0.76240000", "time": "2025-07-11T15:39:18.502439Z", "fetched_at": "2025-07-11T15:39:35.490840+00:00", "symbol": "ADA-USD"}, {"trade_id": 143012028, "side": "sell", "size": "4.44955178", "price": "0.76230000", "time": "2025-07-11T15:39:18.454231Z", "fetched_at": "2025-07-11T15:39:35.490840+00:00", "symbol": "ADA-USD"}, {"trade_id": 143012027, "side": "buy", "size": "65.56517200", "price": "0.76230000", "time": "2025-07-11T15:39:17.843328Z", "fetched_at": "2025-07-11T15:39:35.490840+00:00", "symbol": "ADA-USD"}, {"trade_id": 143012026, "side": "sell", "size": "1.50000000", "price": "0.76220000", "time": "2025-07-11T15:39:17.643963Z", "fetched_at": "2025-07-11T15:39:35.490840+00:00", "symbol": "ADA-USD"}, {"trade_id": 143012025, "side": "sell", "size": "16.41351484", "price": "0.76200000", "time": "2025-07-11T15:39:17.557323Z", "fetched_at": "2025-07-11T15:39:35.490840+00:00", "symbol": "ADA-USD"}, {"trade_id": 143012024, "side": "buy", "size": "50.41186166", "price": "0.76170000", "time": "2025-07-11T15:39:17.241982Z", "fetched_at": "2025-07-11T15:39:35.490840+00:00", "symbol": "ADA-USD"}, {"trade_id": 143012023, "side": "buy", "size": "3.92345434", "price": "0.76190000", "time": "2025-07-11T15:39:17.241982Z", "fetched_at": "2025-07-11T15:39:35.490840+00:00", "symbol": "ADA-USD"}, {"trade_id": 143012022, "side": "buy", "size": "3.92345434", "price": "0.76190000", "time": "2025-07-11T15:39:17.089488Z", "fetched_at": "2025-07-11T15:39:35.490840+00:00", "symbol": "ADA-USD"}, {"trade_id": 143012021, "side": "buy", "size": "0.00002103", "price": "0.76200000", "time": "2025-07-11T15:39:16.699873Z", "fetched_at": "2025-07-11T15:39:35.490840+00:00", "symbol": "ADA-USD"}, {"trade_id": 143012020, "side": "buy", "size": "155.02718000", "price": "0.76190000", "time": "2025-07-11T15:39:16.391352Z", "fetched_at": "2025-07-11T15:39:35.490840+00:00", "symbol": "ADA-USD"}, {"trade_id": 143012019, "side": "sell", "size": "656.19199772", "price": "0.76200000", "time": "2025-07-11T15:39:16.389491Z", "fetched_at": "2025-07-11T15:39:35.490840+00:00", "symbol": "ADA-USD"}, {"trade_id": 143012018, "side": "sell", "size": "446.39634532", "price": "0.76200000", "time": "2025-07-11T15:39:16.389491Z", "fetched_at": "2025-07-11T15:39:35.490840+00:00", "symbol": "ADA-USD"}, {"trade_id": 143012017, "side": "sell", "size": "613.35242684", "price": "0.76200000", "time": "2025-07-11T15:39:16.389491Z", "fetched_at": "2025-07-11T15:39:35.490840+00:00", "symbol": "ADA-USD"}, {"trade_id": 143012016, "side": "sell", "size": "286.67681060", "price": "0.76200000", "time": "2025-07-11T15:39:16.389491Z", "fetched_at": "2025-07-11T15:39:35.490840+00:00", "symbol": "ADA-USD"}, {"trade_id": 143012015, "side": "sell", "size": "276.38448449", "price": "0.76200000", "time": "2025-07-11T15:39:16.389491Z", "fetched_at": "2025-07-11T15:39:35.490840+00:00", "symbol": "ADA-USD"}, {"trade_id": 143012014, "side": "sell", "size": "5890.70000000", "price": "0.76190000", "time": "2025-07-11T15:39:16.385Z", "fetched_at": "2025-07-11T15:39:35.490840+00:00", "symbol": "ADA-USD"}, {"trade_id": 143012013, "side": "sell", "size": "592.17887291", "price": "0.76190000", "time": "2025-07-11T15:39:16.385Z", "fetched_at": "2025-07-11T15:39:35.490840+00:00", "symbol": "ADA-USD"}, {"trade_id": 143012012, "side": "sell", "size": "563.06129509", "price": "0.76190000", "time": "2025-07-11T15:39:16.385Z", "fetched_at": "2025-07-11T15:39:35.490840+00:00", "symbol": "ADA-USD"}, {"trade_id": 143012011, "side": "sell", "size": "19.14080748", "price": "0.76180000", "time": "2025-07-11T15:39:16.385Z", "fetched_at": "2025-07-11T15:39:35.490840+00:00", "symbol": "ADA-USD"}, {"trade_id": 143012010, "side": "buy", "size": "1.50000000", "price": "0.76170000", "time": "2025-07-11T15:39:16.175539Z", "fetched_at": "2025-07-11T15:39:35.490840+00:00", "symbol": "ADA-USD"}, {"trade_id": 143012009, "side": "buy", "size": "2.42501001", "price": "0.76180000", "time": "2025-07-11T15:39:16.161968Z", "fetched_at": "2025-07-11T15:39:35.490840+00:00", "symbol": "ADA-USD"}, {"trade_id": 143012008, "side": "buy", "size": "1.50000000", "price": "0.76180000", "time": "2025-07-11T15:39:16.161968Z", "fetched_at": "2025-07-11T15:39:35.490840+00:00", "symbol": "ADA-USD"}, {"trade_id": 143012007, "side": "buy", "size": "2.42437352", "price": "0.76200000", "time": "2025-07-11T15:39:15.998391Z", "fetched_at": "2025-07-11T15:39:35.490840+00:00", "symbol": "ADA-USD"}, {"trade_id": 143012006, "side": "buy", "size": "99.98938000", "price": "0.76200000", "time": "2025-07-11T15:39:15.984677Z", "fetched_at": "2025-07-11T15:39:35.490840+00:00", "symbol": "ADA-USD"}, {"trade_id": 143012005, "side": "buy", "size": "103.35145000", "price": "0.76200000", "time": "2025-07-11T15:39:15.984677Z", "fetched_at": "2025-07-11T15:39:35.490840+00:00", "symbol": "ADA-USD"}, {"trade_id": 143012004, "side": "buy", "size": "3.02160170", "price": "0.76190000", "time": "2025-07-11T15:39:15.570771Z", "fetched_at": "2025-07-11T15:39:35.490840+00:00", "symbol": "ADA-USD"}, {"trade_id": 143012003, "side": "buy", "size": "2.75278288", "price": "0.76200000", "time": "2025-07-11T15:39:15.530893Z", "fetched_at": "2025-07-11T15:39:35.490840+00:00", "symbol": "ADA-USD"}, {"trade_id": 143012002, "side": "sell", "size": "24.87721500", "price": "0.76200000", "time": "2025-07-11T15:39:14.968213Z", "fetched_at": "2025-07-11T15:39:35.490840+00:00", "symbol": "ADA-USD"}, {"trade_id": 143012001, "side": "sell", "size": "157.50037000", "price": "0.76210000", "time": "2025-07-11T15:39:14.854119Z", "fetched_at": "2025-07-11T15:39:35.490840+00:00", "symbol": "ADA-USD"}, {"trade_id": 143012000, "side": "sell", "size": "51.00306000", "price": "0.76210000", "time": "2025-07-11T15:39:14.854119Z", "fetched_at": "2025-07-11T15:39:35.490840+00:00", "symbol": "ADA-USD"}, {"trade_id": 143011999, "side": "sell", "size": "145.22319000", "price": "0.76210000", "time": "2025-07-11T15:39:14.854119Z", "fetched_at": "2025-07-11T15:39:35.490840+00:00", "symbol": "ADA-USD"}, {"trade_id": 143011998, "side": "buy", "size": "1.31461752", "price": "0.76210000", "time": "2025-07-11T15:39:14.749222Z", "fetched_at": "2025-07-11T15:39:35.490840+00:00", "symbol": "ADA-USD"}, {"trade_id": 143011997, "side": "sell", "size": "31.85341500", "price": "0.76220000", "time": "2025-07-11T15:39:14.659593Z", "fetched_at": "2025-07-11T15:39:35.490840+00:00", "symbol": "ADA-USD"}, {"trade_id": 143011996, "side": "buy", "size": "1.31461752", "price": "0.76210000", "time": "2025-07-11T15:39:14.374011Z", "fetched_at": "2025-07-11T15:39:35.490840+00:00", "symbol": "ADA-USD"}, {"trade_id": 143011995, "side": "buy", "size": "68.10133000", "price": "0.76220000", "time": "2025-07-11T15:39:13.734215Z", "fetched_at": "2025-07-11T15:39:35.490840+00:00", "symbol": "ADA-USD"}, {"trade_id": 143011994, "side": "buy", "size": "260.26416813", "price": "0.76180000", "time": "2025-07-11T15:39:12.776983Z", "fetched_at": "2025-07-11T15:39:35.490840+00:00", "symbol": "ADA-USD"}, {"trade_id": 143011993, "side": "buy", "size": "1.50000000", "price": "0.76180000", "time": "2025-07-11T15:39:12.776983Z", "fetched_at": "2025-07-11T15:39:35.490840+00:00", "symbol": "ADA-USD"}, {"trade_id": 143011992, "side": "buy", "size": "592.42048691", "price": "0.76180000", "time": "2025-07-11T15:39:12.776983Z", "fetched_at": "2025-07-11T15:39:35.490840+00:00", "symbol": "ADA-USD"}, {"trade_id": 143011991, "side": "buy", "size": "563.06129509", "price": "0.76180000", "time": "2025-07-11T15:39:12.776983Z", "fetched_at": "2025-07-11T15:39:35.490840+00:00", "symbol": "ADA-USD"}, {"trade_id": 143011990, "side": "buy", "size": "1.50000000", "price": "0.76190000", "time": "2025-07-11T15:39:12.771951Z", "fetched_at": "2025-07-11T15:39:35.490840+00:00", "symbol": "ADA-USD"}, {"trade_id": 143011989, "side": "buy", "size": "295.63535556", "price": "0.76200000", "time": "2025-07-11T15:39:12.764652Z", "fetched_at": "2025-07-11T15:39:35.490840+00:00", "symbol": "ADA-USD"}, {"trade_id": 143011988, "side": "buy", "size": "1001.39731072", "price": "0.76200000", "time": "2025-07-11T15:39:12.764652Z", "fetched_at": "2025-07-11T15:39:35.490840+00:00", "symbol": "ADA-USD"}, {"trade_id": 143011987, "side": "buy", "size": "1938.16311867", "price": "0.76200000", "time": "2025-07-11T15:39:12.764652Z", "fetched_at": "2025-07-11T15:39:35.490840+00:00", "symbol": "ADA-USD"}, {"trade_id": 143011986, "side": "buy", "size": "563.06129509", "price": "0.76200000", "time": "2025-07-11T15:39:12.764652Z", "fetched_at": "2025-07-11T15:39:35.490840+00:00", "symbol": "ADA-USD"}, {"trade_id": 143011985, "side": "buy", "size": "1.70799907", "price": "0.76220000", "time": "2025-07-11T15:39:12.764652Z", "fetched_at": "2025-07-11T15:39:35.490840+00:00", "symbol": "ADA-USD"}, {"trade_id": 143011984, "side": "buy", "size": "1.70799907", "price": "0.76220000", "time": "2025-07-11T15:39:12.713917Z", "fetched_at": "2025-07-11T15:39:35.490840+00:00", "symbol": "ADA-USD"}, {"trade_id": 143011983, "side": "buy", "size": "2.03652488", "price": "0.76200000", "time": "2025-07-11T15:39:12.094669Z", "fetched_at": "2025-07-11T15:39:35.490840+00:00", "symbol": "ADA-USD"}, {"trade_id": 143011982, "side": "buy", "size": "2.03874915", "price": "0.76200000", "time": "2025-07-11T15:39:11.934953Z", "fetched_at": "2025-07-11T15:39:35.490840+00:00", "symbol": "ADA-USD"}, {"trade_id": 143011981, "side": "buy", "size": "1.50000000", "price": "0.76200000", "time": "2025-07-11T15:39:11.934953Z", "fetched_at": "2025-07-11T15:39:35.490840+00:00", "symbol": "ADA-USD"}, {"trade_id": 143011980, "side": "buy", "size": "2.73469554", "price": "0.76210000", "time": "2025-07-11T15:39:11.826398Z", "fetched_at": "2025-07-11T15:39:35.490840+00:00", "symbol": "ADA-USD"}, {"trade_id": 143011979, "side": "buy", "size": "2.60380388", "price": "0.76210000", "time": "2025-07-11T15:39:11.814787Z", "fetched_at": "2025-07-11T15:39:35.490840+00:00", "symbol": "ADA-USD"}, {"trade_id": 143011978, "side": "sell", "size": "68.10133000", "price": "0.76210000", "time": "2025-07-11T15:39:11.331746Z", "fetched_at": "2025-07-11T15:39:35.490840+00:00", "symbol": "ADA-USD"}, {"trade_id": 143011977, "side": "buy", "size": "2.60380388", "price": "0.76210000", "time": "2025-07-11T15:39:11.322595Z", "fetched_at": "2025-07-11T15:39:35.490840+00:00", "symbol": "ADA-USD"}, {"trade_id": 143011976, "side": "buy", "size": "1.50000000", "price": "0.76210000", "time": "2025-07-11T15:39:11.194403Z", "fetched_at": "2025-07-11T15:39:35.490840+00:00", "symbol": "ADA-USD"}, {"trade_id": 143011975, "side": "buy", "size": "460.81111101", "price": "0.76210000", "time": "2025-07-11T15:39:11.194403Z", "fetched_at": "2025-07-11T15:39:35.490840+00:00", "symbol": "ADA-USD"}, {"trade_id": 143011974, "side": "buy", "size": "524.70462967", "price": "0.76210000", "time": "2025-07-11T15:39:11.194403Z", "fetched_at": "2025-07-11T15:39:35.490840+00:00", "symbol": "ADA-USD"}, {"trade_id": 143011973, "side": "buy", "size": "391.95850088", "price": "0.76210000", "time": "2025-07-11T15:39:11.194403Z", "fetched_at": "2025-07-11T15:39:35.490840+00:00", "symbol": "ADA-USD"}, {"trade_id": 143011972, "side": "buy", "size": "7.78787546", "price": "0.76230000", "time": "2025-07-11T15:39:11.175766Z", "fetched_at": "2025-07-11T15:39:35.490840+00:00", "symbol": "ADA-USD"}, {"trade_id": 143011971, "side": "buy", "size": "7.79812352", "price": "0.76230000", "time": "2025-07-11T15:39:11.117468Z", "fetched_at": "2025-07-11T15:39:35.490840+00:00", "symbol": "ADA-USD"}, {"trade_id": 143011970, "side": "sell", "size": "83.46446900", "price": "0.76250000", "time": "2025-07-11T15:39:10.978087Z", "fetched_at": "2025-07-11T15:39:35.490840+00:00", "symbol": "ADA-USD"}, {"trade_id": 143011969, "side": "buy", "size": "7.94340997", "price": "0.76250000", "time": "2025-07-11T15:39:10.900188Z", "fetched_at": "2025-07-11T15:39:35.490840+00:00", "symbol": "ADA-USD"}, {"trade_id": 143011968, "side": "buy", "size": "99.98938000", "price": "0.76250000", "time": "2025-07-11T15:39:10.900188Z", "fetched_at": "2025-07-11T15:39:35.490840+00:00", "symbol": "ADA-USD"}, {"trade_id": 143011967, "side": "buy", "size": "103.35145000", "price": "0.76250000", "time": "2025-07-11T15:39:10.900188Z", "fetched_at": "2025-07-11T15:39:35.490840+00:00", "symbol": "ADA-USD"}, {"trade_id": 143011966, "side": "sell", "size": "16.68303196", "price": "0.76210000", "time": "2025-07-11T15:39:09.989069Z", "fetched_at": "2025-07-11T15:39:35.490840+00:00", "symbol": "ADA-USD"}, {"trade_id": 143011965, "side": "buy", "size": "1.50000000", "price": "0.76210000", "time": "2025-07-11T15:39:09.799117Z", "fetched_at": "2025-07-11T15:39:35.490840+00:00", "symbol": "ADA-USD"}, {"trade_id": 143011964, "side": "buy", "size": "1.50000000", "price": "0.76220000", "time": "2025-07-11T15:39:09.680930Z", "fetched_at": "2025-07-11T15:39:35.490840+00:00", "symbol": "ADA-USD"}, {"trade_id": 143011963, "side": "buy", "size": "4.40289419", "price": "0.76240000", "time": "2025-07-11T15:39:09.514878Z", "fetched_at": "2025-07-11T15:39:35.490840+00:00", "symbol": "ADA-USD"}, {"trade_id": 143011962, "side": "sell", "size": "53.55743509", "price": "0.76260000", "time": "2025-07-11T15:39:09.363935Z", "fetched_at": "2025-07-11T15:39:35.490840+00:00", "symbol": "ADA-USD"}, {"trade_id": 143011961, "side": "sell", "size": "23.70354544", "price": "0.76240000", "time": "2025-07-11T15:39:09.196922Z", "fetched_at": "2025-07-11T15:39:35.490840+00:00", "symbol": "ADA-USD"}, {"trade_id": 143011960, "side": "buy", "size": "2.65038980", "price": "0.76230000", "time": "2025-07-11T15:39:08.789339Z", "fetched_at": "2025-07-11T15:39:35.490840+00:00", "symbol": "ADA-USD"}, {"trade_id": 143011959, "side": "buy", "size": "2.65038980", "price": "0.76230000", "time": "2025-07-11T15:39:08.770111Z", "fetched_at": "2025-07-11T15:39:35.490840+00:00", "symbol": "ADA-USD"}, {"trade_id": 143011958, "side": "buy", "size": "99.98938000", "price": "0.76250000", "time": "2025-07-11T15:39:08.558779Z", "fetched_at": "2025-07-11T15:39:35.490840+00:00", "symbol": "ADA-USD"}, {"trade_id": 143011957, "side": "buy", "size": "103.35145000", "price": "0.76250000", "time": "2025-07-11T15:39:08.558779Z", "fetched_at": "2025-07-11T15:39:35.490840+00:00", "symbol": "ADA-USD"}, {"trade_id": 143011956, "side": "buy", "size": "2.64969461", "price": "0.76250000", "time": "2025-07-11T15:39:08.558779Z", "fetched_at": "2025-07-11T15:39:35.490840+00:00", "symbol": "ADA-USD"}, {"trade_id": 143011955, "side": "buy", "size": "3.03224894", "price": "0.76260000", "time": "2025-07-11T15:39:08.181154Z", "fetched_at": "2025-07-11T15:39:35.490840+00:00", "symbol": "ADA-USD"}, {"trade_id": 143011954, "side": "buy", "size": "3.50371013", "price": "0.76270000", "time": "2025-07-11T15:39:07.588899Z", "fetched_at": "2025-07-11T15:39:35.490840+00:00", "symbol": "ADA-USD"}, {"trade_id": 143011953, "side": "buy", "size": "4.86816511", "price": "0.76270000", "time": "2025-07-11T15:39:06.685270Z", "fetched_at": "2025-07-11T15:39:35.490840+00:00", "symbol": "ADA-USD"}, {"trade_id": 143011952, "side": "buy", "size": "4.73655611", "price": "0.76290000", "time": "2025-07-11T15:39:06.529033Z", "fetched_at": "2025-07-11T15:39:35.490840+00:00", "symbol": "ADA-USD"}, {"trade_id": 143011951, "side": "buy", "size": "4.73655611", "price": "0.76290000", "time": "2025-07-11T15:39:06.468440Z", "fetched_at": "2025-07-11T15:39:35.490840+00:00", "symbol": "ADA-USD"}, {"trade_id": 143011950, "side": "sell", "size": "193.56824058", "price": "0.76270000", "time": "2025-07-11T15:39:06.343650Z", "fetched_at": "2025-07-11T15:39:35.490840+00:00", "symbol": "ADA-USD"}, {"trade_id": 143011949, "side": "sell", "size": "51.00306000", "price": "0.76270000", "time": "2025-07-11T15:39:06.343650Z", "fetched_at": "2025-07-11T15:39:35.490840+00:00", "symbol": "ADA-USD"}, {"trade_id": 143011948, "side": "buy", "size": "6.65121049", "price": "0.76280000", "time": "2025-07-11T15:39:06.320421Z", "fetched_at": "2025-07-11T15:39:35.490840+00:00", "symbol": "ADA-USD"}, {"trade_id": 143011947, "side": "sell", "size": "4.81621348", "price": "0.76260000", "time": "2025-07-11T15:39:05.372708Z", "fetched_at": "2025-07-11T15:39:35.490840+00:00", "symbol": "ADA-USD"}, {"trade_id": 143011946, "side": "sell", "size": "1.50000000", "price": "0.76280000", "time": "2025-07-11T15:39:05.312688Z", "fetched_at": "2025-07-11T15:39:35.490840+00:00", "symbol": "ADA-USD"}, {"trade_id": 143011945, "side": "sell", "size": "896.75630165", "price": "0.76270000", "time": "2025-07-11T15:39:05.303602Z", "fetched_at": "2025-07-11T15:39:35.490840+00:00", "symbol": "ADA-USD"}, {"trade_id": 143011944, "side": "sell", "size": "804.90339063", "price": "0.76270000", "time": "2025-07-11T15:39:05.303602Z", "fetched_at": "2025-07-11T15:39:35.490840+00:00", "symbol": "ADA-USD"}, {"trade_id": 143011943, "side": "sell", "size": "285.81057102", "price": "0.76270000", "time": "2025-07-11T15:39:05.303602Z", "fetched_at": "2025-07-11T15:39:35.490840+00:00", "symbol": "ADA-USD"}, {"trade_id": 143011942, "side": "sell", "size": "563.06129509", "price": "0.76270000", "time": "2025-07-11T15:39:05.303602Z", "fetched_at": "2025-07-11T15:39:35.490840+00:00", "symbol": "ADA-USD"}, {"trade_id": 143011941, "side": "sell", "size": "4.81621348", "price": "0.76260000", "time": "2025-07-11T15:39:05.303602Z", "fetched_at": "2025-07-11T15:39:35.490840+00:00", "symbol": "ADA-USD"}, {"trade_id": 143011940, "side": "sell", "size": "1.50000000", "price": "0.76260000", "time": "2025-07-11T15:39:05.303602Z", "fetched_at": "2025-07-11T15:39:35.490840+00:00", "symbol": "ADA-USD"}, {"trade_id": 143011939, "side": "sell", "size": "4.81519977", "price": "0.76240000", "time": "2025-07-11T15:39:05.235232Z", "fetched_at": "2025-07-11T15:39:35.490840+00:00", "symbol": "ADA-USD"}, {"trade_id": 143011938, "side": "buy", "size": "0.00002063", "price": "0.76230000", "time": "2025-07-11T15:39:05.083838Z", "fetched_at": "2025-07-11T15:39:35.490840+00:00", "symbol": "ADA-USD"}, {"trade_id": 143011937, "side": "sell", "size": "2256.76546030", "price": "0.76240000", "time": "2025-07-11T15:39:04.994466Z", "fetched_at": "2025-07-11T15:39:35.490840+00:00", "symbol": "ADA-USD"}, {"trade_id": 143011936, "side": "sell", "size": "563.06129509", "price": "0.76240000", "time": "2025-07-11T15:39:04.994466Z", "fetched_at": "2025-07-11T15:39:35.490840+00:00", "symbol": "ADA-USD"}, {"trade_id": 143011935, "side": "buy", "size": "7.09598253", "price": "0.76230000", "time": "2025-07-11T15:39:04.619293Z", "fetched_at": "2025-07-11T15:39:35.490840+00:00", "symbol": "ADA-USD"}, {"trade_id": 143011934, "side": "buy", "size": "7.09223242", "price": "0.76240000", "time": "2025-07-11T15:39:04.508319Z", "fetched_at": "2025-07-11T15:39:35.490840+00:00", "symbol": "ADA-USD"}, {"trade_id": 143011933, "side": "buy", "size": "832.84621429", "price": "0.76220000", "time": "2025-07-11T15:39:04.252310Z", "fetched_at": "2025-07-11T15:39:35.490840+00:00", "symbol": "ADA-USD"}, {"trade_id": 143011932, "side": "buy", "size": "563.06129509", "price": "0.76220000", "time": "2025-07-11T15:39:04.252310Z", "fetched_at": "2025-07-11T15:39:35.490840+00:00", "symbol": "ADA-USD"}, {"trade_id": 143011931, "side": "buy", "size": "391.50000000", "price": "0.76220000", "time": "2025-07-11T15:39:04.252310Z", "fetched_at": "2025-07-11T15:39:35.490840+00:00", "symbol": "ADA-USD"}, {"trade_id": 143011930, "side": "buy", "size": "563.06129509", "price": "0.76230000", "time": "2025-07-11T15:39:04.252310Z", "fetched_at": "2025-07-11T15:39:35.490840+00:00", "symbol": "ADA-USD"}, {"trade_id": 143011929, "side": "buy", "size": "715.39055811", "price": "0.76230000", "time": "2025-07-11T15:39:04.252310Z", "fetched_at": "2025-07-11T15:39:35.490840+00:00", "symbol": "ADA-USD"}, {"trade_id": 143011928, "side": "buy", "size": "2.90980742", "price": "0.76230000", "time": "2025-07-11T15:39:04.252310Z", "fetched_at": "2025-07-11T15:39:35.490840+00:00", "symbol": "ADA-USD"}, {"trade_id": 143011927, "side": "buy", "size": "99.98938000", "price": "0.76240000", "time": "2025-07-11T15:39:04.252310Z", "fetched_at": "2025-07-11T15:39:35.490840+00:00", "symbol": "ADA-USD"}, {"trade_id": 143011926, "side": "buy", "size": "103.35145000", "price": "0.76240000", "time": "2025-07-11T15:39:04.252310Z", "fetched_at": "2025-07-11T15:39:35.490840+00:00", "symbol": "ADA-USD"}, {"trade_id": 143011925, "side": "sell", "size": "6.08294880", "price": "0.76240000", "time": "2025-07-11T15:39:04.168689Z", "fetched_at": "2025-07-11T15:39:35.490840+00:00", "symbol": "ADA-USD"}, {"trade_id": 143011924, "side": "sell", "size": "6.08294880", "price": "0.76220000", "time": "2025-07-11T15:39:03.899604Z", "fetched_at": "2025-07-11T15:39:35.490840+00:00", "symbol": "ADA-USD"}, {"trade_id": 143011923, "side": "buy", "size": "1268.91692420", "price": "0.76190000", "time": "2025-07-11T15:39:03.839739Z", "fetched_at": "2025-07-11T15:39:35.490840+00:00", "symbol": "ADA-USD"}, {"trade_id": 143011922, "side": "buy", "size": "563.06129509", "price": "0.76190000", "time": "2025-07-11T15:39:03.839739Z", "fetched_at": "2025-07-11T15:39:35.490840+00:00", "symbol": "ADA-USD"}, {"trade_id": 143011921, "side": "buy", "size": "391.50000000", "price": "0.76190000", "time": "2025-07-11T15:39:03.839739Z", "fetched_at": "2025-07-11T15:39:35.490840+00:00", "symbol": "ADA-USD"}, {"trade_id": 143011920, "side": "buy", "size": "2.91095302", "price": "0.76200000", "time": "2025-07-11T15:39:03.839739Z", "fetched_at": "2025-07-11T15:39:35.490840+00:00", "symbol": "ADA-USD"}, {"trade_id": 143011919, "side": "buy", "size": "51.00306000", "price": "0.76200000", "time": "2025-07-11T15:39:03.839739Z", "fetched_at": "2025-07-11T15:39:35.490840+00:00", "symbol": "ADA-USD"}, {"trade_id": 143011918, "side": "buy", "size": "646.68904739", "price": "0.76200000", "time": "2025-07-11T15:39:03.839739Z", "fetched_at": "2025-07-11T15:39:35.490840+00:00", "symbol": "ADA-USD"}, {"trade_id": 143011917, "side": "buy", "size": "745.31540117", "price": "0.76200000", "time": "2025-07-11T15:39:03.839739Z", "fetched_at": "2025-07-11T15:39:35.490840+00:00", "symbol": "ADA-USD"}, {"trade_id": 143011916, "side": "buy", "size": "99.98938000", "price": "0.76200000", "time": "2025-07-11T15:39:03.839739Z", "fetched_at": "2025-07-11T15:39:35.490840+00:00", "symbol": "ADA-USD"}, {"trade_id": 143011915, "side": "buy", "size": "103.35145000", "price": "0.76200000", "time": "2025-07-11T15:39:03.839739Z", "fetched_at": "2025-07-11T15:39:35.490840+00:00", "symbol": "ADA-USD"}, {"trade_id": 143011914, "side": "buy", "size": "103.35145000", "price": "0.76220000", "time": "2025-07-11T15:39:03.839739Z", "fetched_at": "2025-07-11T15:39:35.490840+00:00", "symbol": "ADA-USD"}, {"trade_id": 143011913, "side": "buy", "size": "99.98938000", "price": "0.76220000", "time": "2025-07-11T15:39:03.839739Z", "fetched_at": "2025-07-11T15:39:35.490840+00:00", "symbol": "ADA-USD"}, {"trade_id": 143011912, "side": "sell", "size": "6.08294880", "price": "0.76210000", "time": "2025-07-11T15:39:03.832468Z", "fetched_at": "2025-07-11T15:39:35.490840+00:00", "symbol": "ADA-USD"}, {"trade_id": 143011911, "side": "sell", "size": "6.08591363", "price": "0.76190000", "time": "2025-07-11T15:39:03.534817Z", "fetched_at": "2025-07-11T15:39:35.490840+00:00", "symbol": "ADA-USD"}, {"trade_id": 143011910, "side": "buy", "size": "391.50000000", "price": "0.76180000", "time": "2025-07-11T15:39:03.210710Z", "fetched_at": "2025-07-11T15:39:35.490840+00:00", "symbol": "ADA-USD"}, {"trade_id": 143011909, "side": "buy", "size": "99.98938000", "price": "0.76180000", "time": "2025-07-11T15:39:03.210710Z", "fetched_at": "2025-07-11T15:39:35.490840+00:00", "symbol": "ADA-USD"}, {"trade_id": 143011908, "side": "buy", "size": "2.31514488", "price": "0.76180000", "time": "2025-07-11T15:39:03.210710Z", "fetched_at": "2025-07-11T15:39:35.490840+00:00", "symbol": "ADA-USD"}, {"trade_id": 143011907, "side": "buy", "size": "1.50000000", "price": "0.76180000", "time": "2025-07-11T15:39:03.210710Z", "fetched_at": "2025-07-11T15:39:35.490840+00:00", "symbol": "ADA-USD"}, {"trade_id": 143011906, "side": "sell", "size": "7.82157127", "price": "0.76200000", "time": "2025-07-11T15:39:02.984380Z", "fetched_at": "2025-07-11T15:39:35.490840+00:00", "symbol": "ADA-USD"}, {"trade_id": 143011905, "side": "buy", "size": "1557.95351981", "price": "0.76200000", "time": "2025-07-11T15:39:02.612529Z", "fetched_at": "2025-07-11T15:39:35.490840+00:00", "symbol": "ADA-USD"}, {"trade_id": 143011904, "side": "buy", "size": "656.09534454", "price": "0.76200000", "time": "2025-07-11T15:39:02.612529Z", "fetched_at": "2025-07-11T15:39:35.490840+00:00", "symbol": "ADA-USD"}, {"trade_id": 143011903, "side": "buy", "size": "1.50000000", "price": "0.76200000", "time": "2025-07-11T15:39:02.612529Z", "fetched_at": "2025-07-11T15:39:35.490840+00:00", "symbol": "ADA-USD"}, {"trade_id": 143011902, "side": "buy", "size": "391.50000000", "price": "0.76200000", "time": "2025-07-11T15:39:02.612529Z", "fetched_at": "2025-07-11T15:39:35.490840+00:00", "symbol": "ADA-USD"}, {"trade_id": 143011901, "side": "buy", "size": "50.00000000", "price": "0.76210000", "time": "2025-07-11T15:39:02.608711Z", "fetched_at": "2025-07-11T15:39:35.490840+00:00", "symbol": "ADA-USD"}, {"trade_id": 143011900, "side": "buy", "size": "5.97258713", "price": "0.76220000", "time": "2025-07-11T15:39:02.608711Z", "fetched_at": "2025-07-11T15:39:35.490840+00:00", "symbol": "ADA-USD"}, {"trade_id": 143011899, "side": "buy", "size": "205.09682117", "price": "0.76220000", "time": "2025-07-11T15:39:02.349224Z", "fetched_at": "2025-07-11T15:39:35.490840+00:00", "symbol": "ADA-USD"}, {"trade_id": 143011898, "side": "buy", "size": "563.06129509", "price": "0.76220000", "time": "2025-07-11T15:39:02.349224Z", "fetched_at": "2025-07-11T15:39:35.490840+00:00", "symbol": "ADA-USD"}, {"trade_id": 143011897, "side": "buy", "size": "391.50000000", "price": "0.76220000", "time": "2025-07-11T15:39:02.349224Z", "fetched_at": "2025-07-11T15:39:35.490840+00:00", "symbol": "ADA-USD"}, {"trade_id": 143011896, "side": "buy", "size": "1438.73882942", "price": "0.76230000", "time": "2025-07-11T15:39:02.349224Z", "fetched_at": "2025-07-11T15:39:35.490840+00:00", "symbol": "ADA-USD"}, {"trade_id": 143011895, "side": "buy", "size": "563.06129509", "price": "0.76230000", "time": "2025-07-11T15:39:02.349224Z", "fetched_at": "2025-07-11T15:39:35.490840+00:00", "symbol": "ADA-USD"}, {"trade_id": 143011894, "side": "buy", "size": "391.50000000", "price": "0.76230000", "time": "2025-07-11T15:39:02.349224Z", "fetched_at": "2025-07-11T15:39:35.490840+00:00", "symbol": "ADA-USD"}, {"trade_id": 143011893, "side": "buy", "size": "271.84884000", "price": "0.76240000", "time": "2025-07-11T15:39:02.349224Z", "fetched_at": "2025-07-11T15:39:35.490840+00:00", "symbol": "ADA-USD"}, {"trade_id": 143011892, "side": "buy", "size": "99.98938000", "price": "0.76240000", "time": "2025-07-11T15:39:02.349224Z", "fetched_at": "2025-07-11T15:39:35.490840+00:00", "symbol": "ADA-USD"}, {"trade_id": 143011891, "side": "buy", "size": "6.00353923", "price": "0.76240000", "time": "2025-07-11T15:39:02.349224Z", "fetched_at": "2025-07-11T15:39:35.490840+00:00", "symbol": "ADA-USD"}, {"trade_id": 143011890, "side": "sell", "size": "7.61011336", "price": "0.76230000", "time": "2025-07-11T15:39:01.881508Z", "fetched_at": "2025-07-11T15:39:35.490840+00:00", "symbol": "ADA-USD"}, {"trade_id": 143011889, "side": "sell", "size": "7.61011336", "price": "0.76220000", "time": "2025-07-11T15:39:01.823843Z", "fetched_at": "2025-07-11T15:39:35.490840+00:00", "symbol": "ADA-USD"}, {"trade_id": 143011888, "side": "buy", "size": "91.46993616", "price": "0.76210000", "time": "2025-07-11T15:39:01.641182Z", "fetched_at": "2025-07-11T15:39:35.490840+00:00", "symbol": "ADA-USD"}, {"trade_id": 143011887, "side": "buy", "size": "3.87411784", "price": "0.76210000", "time": "2025-07-11T15:39:01.641182Z", "fetched_at": "2025-07-11T15:39:35.490840+00:00", "symbol": "ADA-USD"}, {"trade_id": 143011886, "side": "buy", "size": "4.99152590", "price": "0.76230000", "time": "2025-07-11T15:39:01.471134Z", "fetched_at": "2025-07-11T15:39:35.490840+00:00", "symbol": "ADA-USD"}, {"trade_id": 143011885, "side": "buy", "size": "344.70464284", "price": "0.76230000", "time": "2025-07-11T15:39:01.343770Z", "fetched_at": "2025-07-11T15:39:35.490840+00:00", "symbol": "ADA-USD"}, {"trade_id": 143011884, "side": "buy", "size": "391.05850088", "price": "0.76230000", "time": "2025-07-11T15:39:01.343770Z", "fetched_at": "2025-07-11T15:39:35.490840+00:00", "symbol": "ADA-USD"}, {"trade_id": 143011883, "side": "buy", "size": "4.99087118", "price": "0.76240000", "time": "2025-07-11T15:39:01.343770Z", "fetched_at": "2025-07-11T15:39:35.490840+00:00", "symbol": "ADA-USD"}, {"trade_id": 143011882, "side": "buy", "size": "99.98938000", "price": "0.76240000", "time": "2025-07-11T15:39:01.343770Z", "fetched_at": "2025-07-11T15:39:35.490840+00:00", "symbol": "ADA-USD"}, {"trade_id": 143011881, "side": "buy", "size": "3.99243498", "price": "0.76250000", "time": "2025-07-11T15:39:01.169352Z", "fetched_at": "2025-07-11T15:39:35.490840+00:00", "symbol": "ADA-USD"}, {"trade_id": 143011880, "side": "sell", "size": "6.35268571", "price": "0.76240000", "time": "2025-07-11T15:39:00.749897Z", "fetched_at": "2025-07-11T15:39:35.490840+00:00", "symbol": "ADA-USD"}, {"trade_id": 143011879, "side": "sell", "size": "563.06129509", "price": "0.76200000", "time": "2025-07-11T15:39:00.569988Z", "fetched_at": "2025-07-11T15:39:35.490840+00:00", "symbol": "ADA-USD"}, {"trade_id": 143011878, "side": "sell", "size": "1.50000000", "price": "0.76200000", "time": "2025-07-11T15:39:00.569988Z", "fetched_at": "2025-07-11T15:39:35.490840+00:00", "symbol": "ADA-USD"}, {"trade_id": 143011877, "side": "sell", "size": "50.00000000", "price": "0.76190000", "time": "2025-07-11T15:39:00.569497Z", "fetched_at": "2025-07-11T15:39:35.490840+00:00", "symbol": "ADA-USD"}, {"trade_id": 143011876, "side": "sell", "size": "2886.98420365", "price": "0.76180000", "time": "2025-07-11T15:39:00.568691Z", "fetched_at": "2025-07-11T15:39:35.490840+00:00", "symbol": "ADA-USD"}, {"trade_id": 143011875, "side": "sell", "size": "68.10133000", "price": "0.76180000", "time": "2025-07-11T15:39:00.568178Z", "fetched_at": "2025-07-11T15:39:35.490840+00:00", "symbol": "ADA-USD"}, {"trade_id": 143011874, "side": "sell", "size": "984.76606527", "price": "0.76180000", "time": "2025-07-11T15:39:00.566567Z", "fetched_at": "2025-07-11T15:39:35.490840+00:00", "symbol": "ADA-USD"}, {"trade_id": 143011873, "side": "sell", "size": "1.50000000", "price": "0.76180000", "time": "2025-07-11T15:39:00.566567Z", "fetched_at": "2025-07-11T15:39:35.490840+00:00", "symbol": "ADA-USD"}, {"trade_id": 143011872, "side": "buy", "size": "155.02718000", "price": "0.76170000", "time": "2025-07-11T15:39:00.498919Z", "fetched_at": "2025-07-11T15:39:35.490840+00:00", "symbol": "ADA-USD"}, {"trade_id": 143011871, "side": "sell", "size": "953.02505891", "price": "0.76170000", "time": "2025-07-11T15:39:00.491340Z", "fetched_at": "2025-07-11T15:39:35.490840+00:00", "symbol": "ADA-USD"}, {"trade_id": 143011870, "side": "sell", "size": "563.06129509", "price": "0.76170000", "time": "2025-07-11T15:39:00.491340Z", "fetched_at": "2025-07-11T15:39:35.490840+00:00", "symbol": "ADA-USD"}, {"trade_id": 143011869, "side": "sell", "size": "260.26416813", "price": "0.76140000", "time": "2025-07-11T15:39:00.427824Z", "fetched_at": "2025-07-11T15:39:35.490840+00:00", "symbol": "ADA-USD"}, {"trade_id": 143011868, "side": "sell", "size": "51.00306000", "price": "0.76140000", "time": "2025-07-11T15:39:00.415898Z", "fetched_at": "2025-07-11T15:39:35.490840+00:00", "symbol": "ADA-USD"}, {"trade_id": 143011867, "side": "sell", "size": "260.26416813", "price": "0.76140000", "time": "2025-07-11T15:39:00.415898Z", "fetched_at": "2025-07-11T15:39:35.490840+00:00", "symbol": "ADA-USD"}, {"trade_id": 143011866, "side": "sell", "size": "37.28671960", "price": "0.76140000", "time": "2025-07-11T15:39:00.415898Z", "fetched_at": "2025-07-11T15:39:35.490840+00:00", "symbol": "ADA-USD"}, {"trade_id": 143011865, "side": "buy", "size": "506.06144700", "price": "0.76130000", "time": "2025-07-11T15:39:00.118661Z", "fetched_at": "2025-07-11T15:39:35.490840+00:00", "symbol": "ADA-USD"}, {"trade_id": 143011864, "side": "buy", "size": "1.50000000", "price": "0.76130000", "time": "2025-07-11T15:39:00.118661Z", "fetched_at": "2025-07-11T15:39:35.490840+00:00", "symbol": "ADA-USD"}, {"trade_id": 143011863, "side": "buy", "size": "103.35145000", "price": "0.76140000", "time": "2025-07-11T15:39:00.118661Z", "fetched_at": "2025-07-11T15:39:35.490840+00:00", "symbol": "ADA-USD"}, {"trade_id": 143011862, "side": "buy", "size": "171.97711360", "price": "0.76140000", "time": "2025-07-11T15:38:59.932311Z", "fetched_at": "2025-07-11T15:39:35.490840+00:00", "symbol": "ADA-USD"}, {"trade_id": 143011861, "side": "buy", "size": "12.86351882", "price": "0.76150000", "time": "2025-07-11T15:38:59.932311Z", "fetched_at": "2025-07-11T15:39:35.490840+00:00", "symbol": "ADA-USD"}, {"trade_id": 143011860, "side": "buy", "size": "787.91858174", "price": "0.76150000", "time": "2025-07-11T15:38:59.929758Z", "fetched_at": "2025-07-11T15:39:35.490840+00:00", "symbol": "ADA-USD"}, {"trade_id": 143011859, "side": "buy", "size": "463.26169600", "price": "0.76160000", "time": "2025-07-11T15:38:59.924731Z", "fetched_at": "2025-07-11T15:39:35.490840+00:00", "symbol": "ADA-USD"}, {"trade_id": 143011858, "side": "buy", "size": "25.72703764", "price": "0.76170000", "time": "2025-07-11T15:38:59.924731Z", "fetched_at": "2025-07-11T15:39:35.490840+00:00", "symbol": "ADA-USD"}, {"trade_id": 143011857, "side": "buy", "size": "333.03904256", "price": "0.76170000", "time": "2025-07-11T15:38:59.917850Z", "fetched_at": "2025-07-11T15:39:35.490840+00:00", "symbol": "ADA-USD"}, {"trade_id": 143011856, "side": "buy", "size": "51.45407526", "price": "0.76180000", "time": "2025-07-11T15:38:59.917850Z", "fetched_at": "2025-07-11T15:39:35.490840+00:00", "symbol": "ADA-USD"}, {"trade_id": 143011855, "side": "buy", "size": "103.35145000", "price": "0.76180000", "time": "2025-07-11T15:38:59.889370Z", "fetched_at": "2025-07-11T15:39:35.490840+00:00", "symbol": "ADA-USD"}, {"trade_id": 143011854, "side": "sell", "size": "656.43154402", "price": "0.76170000", "time": "2025-07-11T15:38:59.879117Z", "fetched_at": "2025-07-11T15:39:35.490840+00:00", "symbol": "ADA-USD"}, {"trade_id": 143011853, "side": "sell", "size": "260.26416813", "price": "0.76170000", "time": "2025-07-11T15:38:59.879117Z", "fetched_at": "2025-07-11T15:39:35.490840+00:00", "symbol": "ADA-USD"}, {"trade_id": 143011852, "side": "buy", "size": "155.02718000", "price": "0.76160000", "time": "2025-07-11T15:38:59.878857Z", "fetched_at": "2025-07-11T15:39:35.490840+00:00", "symbol": "ADA-USD"}, {"trade_id": 143011851, "side": "sell", "size": "3354.49505152", "price": "0.76160000", "time": "2025-07-11T15:38:59.874629Z", "fetched_at": "2025-07-11T15:39:35.490840+00:00", "symbol": "ADA-USD"}, {"trade_id": 143011850, "side": "sell", "size": "5645.50494848", "price": "0.76160000", "time": "2025-07-11T15:38:59.872868Z", "fetched_at": "2025-07-11T15:39:35.490840+00:00", "symbol": "ADA-USD"}, {"trade_id": 143011849, "side": "sell", "size": "1142.68469236", "price": "0.76160000", "time": "2025-07-11T15:38:59.872868Z", "fetched_at": "2025-07-11T15:39:35.490840+00:00", "symbol": "ADA-USD"}, {"trade_id": 143011848, "side": "sell", "size": "563.06129509", "price": "0.76160000", "time": "2025-07-11T15:38:59.872868Z", "fetched_at": "2025-07-11T15:39:35.490840+00:00", "symbol": "ADA-USD"}, {"trade_id": 143011847, "side": "sell", "size": "37.28688319", "price": "0.76140000", "time": "2025-07-11T15:38:59.869253Z", "fetched_at": "2025-07-11T15:39:35.490840+00:00", "symbol": "ADA-USD"}, {"trade_id": 143011846, "side": "buy", "size": "1.50000000", "price": "0.76140000", "time": "2025-07-11T15:38:59.156474Z", "fetched_at": "2025-07-11T15:39:35.490840+00:00", "symbol": "ADA-USD"}, {"trade_id": 143011845, "side": "buy", "size": "103.92609195", "price": "0.76150000", "time": "2025-07-11T15:38:59.138912Z", "fetched_at": "2025-07-11T15:39:35.490840+00:00", "symbol": "ADA-USD"}, {"trade_id": 143011844, "side": "buy", "size": "51.00306000", "price": "0.76150000", "time": "2025-07-11T15:38:59.138507Z", "fetched_at": "2025-07-11T15:39:35.490840+00:00", "symbol": "ADA-USD"}, {"trade_id": 143011843, "side": "buy", "size": "3775.87084805", "price": "0.76150000", "time": "2025-07-11T15:38:59.134496Z", "fetched_at": "2025-07-11T15:39:35.490840+00:00", "symbol": "ADA-USD"}, {"trade_id": 143011842, "side": "buy", "size": "1.79200434", "price": "0.76160000", "time": "2025-07-11T15:38:58.219644Z", "fetched_at": "2025-07-11T15:39:35.490840+00:00", "symbol": "ADA-USD"}, {"trade_id": 143011841, "side": "buy", "size": "1.50000000", "price": "0.76160000", "time": "2025-07-11T15:38:58.219644Z", "fetched_at": "2025-07-11T15:39:35.490840+00:00", "symbol": "ADA-USD"}, {"trade_id": 143011840, "side": "buy", "size": "786.10000000", "price": "0.76170000", "time": "2025-07-11T15:38:58.174723Z", "fetched_at": "2025-07-11T15:39:35.490840+00:00", "symbol": "ADA-USD"}, {"trade_id": 143011839, "side": "buy", "size": "1.79176908", "price": "0.76170000", "time": "2025-07-11T15:38:58.174723Z", "fetched_at": "2025-07-11T15:39:35.490840+00:00", "symbol": "ADA-USD"}, {"trade_id": 143011838, "side": "buy", "size": "1.79156344", "price": "0.76190000", "time": "2025-07-11T15:38:57.869109Z", "fetched_at": "2025-07-11T15:39:35.490840+00:00", "symbol": "ADA-USD"}, {"trade_id": 143011837, "side": "buy", "size": "1.70015402", "price": "0.76200000", "time": "2025-07-11T15:38:57.768642Z", "fetched_at": "2025-07-11T15:39:35.490840+00:00", "symbol": "ADA-USD"}, {"trade_id": 143011836, "side": "buy", "size": "2.01947265", "price": "0.76190000", "time": "2025-07-11T15:38:57.265623Z", "fetched_at": "2025-07-11T15:39:35.490840+00:00", "symbol": "ADA-USD"}, {"trade_id": 143011835, "side": "buy", "size": "135.89065049", "price": "0.76170000", "time": "2025-07-11T15:38:57.221735Z", "fetched_at": "2025-07-11T15:39:35.490840+00:00", "symbol": "ADA-USD"}, {"trade_id": 143011834, "side": "buy", "size": "391.50000000", "price": "0.76170000", "time": "2025-07-11T15:38:57.221735Z", "fetched_at": "2025-07-11T15:39:35.490840+00:00", "symbol": "ADA-USD"}, {"trade_id": 143011833, "side": "buy", "size": "724.48106786", "price": "0.76180000", "time": "2025-07-11T15:38:57.221735Z", "fetched_at": "2025-07-11T15:39:35.490840+00:00", "symbol": "ADA-USD"}, {"trade_id": 143011832, "side": "buy", "size": "5897.60000000", "price": "0.76180000", "time": "2025-07-11T15:38:57.221735Z", "fetched_at": "2025-07-11T15:39:35.490840+00:00", "symbol": "ADA-USD"}, {"trade_id": 143011831, "side": "buy", "size": "1.50000000", "price": "0.76180000", "time": "2025-07-11T15:38:57.221735Z", "fetched_at": "2025-07-11T15:39:35.490840+00:00", "symbol": "ADA-USD"}, {"trade_id": 143011830, "side": "buy", "size": "1.82117665", "price": "0.76190000", "time": "2025-07-11T15:38:57.221735Z", "fetched_at": "2025-07-11T15:39:35.490840+00:00", "symbol": "ADA-USD"}, {"trade_id": 143011829, "side": "buy", "size": "1.84630928", "price": "0.76200000", "time": "2025-07-11T15:38:57.160663Z", "fetched_at": "2025-07-11T15:39:35.490840+00:00", "symbol": "ADA-USD"}, {"trade_id": 143011828, "side": "buy", "size": "76.78289872", "price": "0.76190000", "time": "2025-07-11T15:38:57.115836Z", "fetched_at": "2025-07-11T15:39:35.490840+00:00", "symbol": "ADA-USD"}, {"trade_id": 143011827, "side": "buy", "size": "1.84630928", "price": "0.76200000", "time": "2025-07-11T15:38:57.115836Z", "fetched_at": "2025-07-11T15:39:35.490840+00:00", "symbol": "ADA-USD"}, {"trade_id": 143011826, "side": "buy", "size": "65.80141058", "price": "0.76190000", "time": "2025-07-11T15:38:56.684024Z", "fetched_at": "2025-07-11T15:39:35.490840+00:00", "symbol": "ADA-USD"}, {"trade_id": 143011825, "side": "buy", "size": "2.29991942", "price": "0.76190000", "time": "2025-07-11T15:38:56.684024Z", "fetched_at": "2025-07-11T15:39:35.490840+00:00", "symbol": "ADA-USD"}, {"trade_id": 143011824, "side": "buy", "size": "1.50000000", "price": "0.76200000", "time": "2025-07-11T15:38:56.556313Z", "fetched_at": "2025-07-11T15:39:35.490840+00:00", "symbol": "ADA-USD"}, {"trade_id": 143011823, "side": "buy", "size": "2.29931584", "price": "0.76210000", "time": "2025-07-11T15:38:56.556313Z", "fetched_at": "2025-07-11T15:39:35.490840+00:00", "symbol": "ADA-USD"}, {"trade_id": 143011822, "side": "buy", "size": "2.33420675", "price": "0.76210000", "time": "2025-07-11T15:38:56.232553Z", "fetched_at": "2025-07-11T15:39:35.490840+00:00", "symbol": "ADA-USD"}, {"trade_id": 143011821, "side": "buy", "size": "125.00000000", "price": "0.76220000", "time": "2025-07-11T15:38:55.035611Z", "fetched_at": "2025-07-11T15:39:35.490840+00:00", "symbol": "ADA-USD"}, {"trade_id": 143011820, "side": "sell", "size": "145.22319000", "price": "0.76220000", "time": "2025-07-11T15:38:54.870952Z", "fetched_at": "2025-07-11T15:39:35.490840+00:00", "symbol": "ADA-USD"}, {"trade_id": 143011819, "side": "buy", "size": "66.60133000", "price": "0.76220000", "time": "2025-07-11T15:38:54.865778Z", "fetched_at": "2025-07-11T15:39:35.490840+00:00", "symbol": "ADA-USD"}, {"trade_id": 143011818, "side": "buy", "size": "1.50000000", "price": "0.76220000", "time": "2025-07-11T15:38:54.865778Z", "fetched_at": "2025-07-11T15:39:35.490840+00:00", "symbol": "ADA-USD"}, {"trade_id": 143011817, "side": "buy", "size": "2.98365476", "price": "0.76230000", "time": "2025-07-11T15:38:54.863346Z", "fetched_at": "2025-07-11T15:39:35.490840+00:00", "symbol": "ADA-USD"}, {"trade_id": 143011816, "side": "buy", "size": "3337.98916737", "price": "0.76240000", "time": "2025-07-11T15:38:54.649832Z", "fetched_at": "2025-07-11T15:39:35.490840+00:00", "symbol": "ADA-USD"}, {"trade_id": 143011815, "side": "buy", "size": "2675.63196070", "price": "0.76240000", "time": "2025-07-11T15:38:54.649832Z", "fetched_at": "2025-07-11T15:39:35.490840+00:00", "symbol": "ADA-USD"}, {"trade_id": 143011814, "side": "buy", "size": "563.06129509", "price": "0.76240000", "time": "2025-07-11T15:38:54.649832Z", "fetched_at": "2025-07-11T15:39:35.490840+00:00", "symbol": "ADA-USD"}, {"trade_id": 143011813, "side": "buy", "size": "1.29590766", "price": "0.76240000", "time": "2025-07-11T15:38:54.649832Z", "fetched_at": "2025-07-11T15:39:35.490840+00:00", "symbol": "ADA-USD"}, {"trade_id": 143011812, "side": "buy", "size": "1.50000000", "price": "0.76240000", "time": "2025-07-11T15:38:54.649832Z", "fetched_at": "2025-07-11T15:39:35.490840+00:00", "symbol": "ADA-USD"}, {"trade_id": 143011811, "side": "buy", "size": "2.99633310", "price": "0.76250000", "time": "2025-07-11T15:38:54.649832Z", "fetched_at": "2025-07-11T15:39:35.490840+00:00", "symbol": "ADA-USD"}, {"trade_id": 143011810, "side": "buy", "size": "507.32383637", "price": "0.76260000", "time": "2025-07-11T15:38:54.445853Z", "fetched_at": "2025-07-11T15:39:35.490840+00:00", "symbol": "ADA-USD"}, {"trade_id": 143011809, "side": "buy", "size": "1.50000000", "price": "0.76260000", "time": "2025-07-11T15:38:54.445853Z", "fetched_at": "2025-07-11T15:39:35.490840+00:00", "symbol": "ADA-USD"}, {"trade_id": 143011808, "side": "buy", "size": "3.17616363", "price": "0.76270000", "time": "2025-07-11T15:38:54.445853Z", "fetched_at": "2025-07-11T15:39:35.490840+00:00", "symbol": "ADA-USD"}, {"trade_id": 143011807, "side": "buy", "size": "1.50000000", "price": "0.76280000", "time": "2025-07-11T15:38:54.393941Z", "fetched_at": "2025-07-11T15:39:35.490840+00:00", "symbol": "ADA-USD"}, {"trade_id": 143011806, "side": "buy", "size": "1.50000000", "price": "0.76300000", "time": "2025-07-11T15:38:54.081854Z", "fetched_at": "2025-07-11T15:39:35.490840+00:00", "symbol": "ADA-USD"}, {"trade_id": 143011805, "side": "buy", "size": "4.26790628", "price": "0.76320000", "time": "2025-07-11T15:38:53.108094Z", "fetched_at": "2025-07-11T15:39:35.490840+00:00", "symbol": "ADA-USD"}, {"trade_id": 143011804, "side": "buy", "size": "12.42350757", "price": "0.76340000", "time": "2025-07-11T15:38:52.730412Z", "fetched_at": "2025-07-11T15:39:35.490840+00:00", "symbol": "ADA-USD"}, {"trade_id": 143011803, "side": "buy", "size": "410.22576634", "price": "0.76330000", "time": "2025-07-11T15:38:52.572197Z", "fetched_at": "2025-07-11T15:39:35.490840+00:00", "symbol": "ADA-USD"}, {"trade_id": 143011802, "side": "buy", "size": "15.16171566", "price": "0.76340000", "time": "2025-07-11T15:38:52.572197Z", "fetched_at": "2025-07-11T15:39:35.490840+00:00", "symbol": "ADA-USD"}, {"trade_id": 143011801, "side": "sell", "size": "1.50000000", "price": "0.76340000", "time": "2025-07-11T15:38:51.820751Z", "fetched_at": "2025-07-11T15:39:35.490840+00:00", "symbol": "ADA-USD"}, {"trade_id": 143011800, "side": "sell", "size": "12.52668181", "price": "0.76330000", "time": "2025-07-11T15:38:51.777168Z", "fetched_at": "2025-07-11T15:39:35.490840+00:00", "symbol": "ADA-USD"}, {"trade_id": 143011799, "side": "sell", "size": "0.60870582", "price": "0.76330000", "time": "2025-07-11T15:38:51.542633Z", "fetched_at": "2025-07-11T15:39:35.490840+00:00", "symbol": "ADA-USD"}, {"trade_id": 143011798, "side": "sell", "size": "12.35959418", "price": "0.76330000", "time": "2025-07-11T15:38:51.542633Z", "fetched_at": "2025-07-11T15:39:35.490840+00:00", "symbol": "ADA-USD"}, {"trade_id": 143011797, "side": "sell", "size": "20.01312270", "price": "0.76300000", "time": "2025-07-11T15:38:51.163600Z", "fetched_at": "2025-07-11T15:39:35.490840+00:00", "symbol": "ADA-USD"}, {"trade_id": 143011796, "side": "buy", "size": "85.83754163", "price": "0.76290000", "time": "2025-07-11T15:38:50.938183Z", "fetched_at": "2025-07-11T15:39:35.490840+00:00", "symbol": "ADA-USD"}, {"trade_id": 143011795, "side": "buy", "size": "2.79373437", "price": "0.76290000", "time": "2025-07-11T15:38:50.938183Z", "fetched_at": "2025-07-11T15:39:35.490840+00:00", "symbol": "ADA-USD"}, {"trade_id": 143011794, "side": "buy", "size": "0.00002358", "price": "0.76290000", "time": "2025-07-11T15:38:50.241413Z", "fetched_at": "2025-07-11T15:39:35.490840+00:00", "symbol": "ADA-USD"}, {"trade_id": 143011793, "side": "buy", "size": "3.35143486", "price": "0.76290000", "time": "2025-07-11T15:38:50.164183Z", "fetched_at": "2025-07-11T15:39:35.490840+00:00", "symbol": "ADA-USD"}, {"trade_id": 143011792, "side": "buy", "size": "3.97395527", "price": "0.76300000", "time": "2025-07-11T15:38:49.935097Z", "fetched_at": "2025-07-11T15:39:35.490840+00:00", "symbol": "ADA-USD"}, {"trade_id": 143011791, "side": "buy", "size": "1.50000000", "price": "0.76300000", "time": "2025-07-11T15:38:49.935097Z", "fetched_at": "2025-07-11T15:39:35.490840+00:00", "symbol": "ADA-USD"}, {"trade_id": 143011790, "side": "buy", "size": "4.99195291", "price": "0.76320000", "time": "2025-07-11T15:38:49.651534Z", "fetched_at": "2025-07-11T15:39:35.490840+00:00", "symbol": "ADA-USD"}, {"trade_id": 143011789, "side": "buy", "size": "1.50000000", "price": "0.76320000", "time": "2025-07-11T15:38:49.651534Z", "fetched_at": "2025-07-11T15:39:35.490840+00:00", "symbol": "ADA-USD"}, {"trade_id": 143011788, "side": "buy", "size": "9.38515519", "price": "0.76340000", "time": "2025-07-11T15:38:49.285166Z", "fetched_at": "2025-07-11T15:39:35.490840+00:00", "symbol": "ADA-USD"}, {"trade_id": 143011787, "side": "buy", "size": "1.50000000", "price": "0.76340000", "time": "2025-07-11T15:38:49.285166Z", "fetched_at": "2025-07-11T15:39:35.490840+00:00", "symbol": "ADA-USD"}, {"trade_id": 143011786, "side": "buy", "size": "3252.33954826", "price": "0.76350000", "time": "2025-07-11T15:38:49.082142Z", "fetched_at": "2025-07-11T15:39:35.490840+00:00", "symbol": "ADA-USD"}, {"trade_id": 143011785, "side": "buy", "size": "1266.50077049", "price": "0.76350000", "time": "2025-07-11T15:38:49.082142Z", "fetched_at": "2025-07-11T15:39:35.490840+00:00", "symbol": "ADA-USD"}, {"trade_id": 143011784, "side": "buy", "size": "563.06129509", "price": "0.76350000", "time": "2025-07-11T15:38:49.082142Z", "fetched_at": "2025-07-11T15:39:35.490840+00:00", "symbol": "ADA-USD"}, {"trade_id": 143011783, "side": "buy", "size": "9.38269706", "price": "0.76360000", "time": "2025-07-11T15:38:49.072793Z", "fetched_at": "2025-07-11T15:39:35.490840+00:00", "symbol": "ADA-USD"}, {"trade_id": 143011782, "side": "buy", "size": "9.63914622", "price": "0.76370000", "time": "2025-07-11T15:38:48.835163Z", "fetched_at": "2025-07-11T15:39:35.490840+00:00", "symbol": "ADA-USD"}, {"trade_id": 143011781, "side": "buy", "size": "13.60203539", "price": "0.76370000", "time": "2025-07-11T15:38:48.835163Z", "fetched_at": "2025-07-11T15:39:35.490840+00:00", "symbol": "ADA-USD"}, {"trade_id": 143011780, "side": "sell", "size": "19.91234778", "price": "0.76390000", "time": "2025-07-11T15:38:48.575433Z", "fetched_at": "2025-07-11T15:39:35.490840+00:00", "symbol": "ADA-USD"}, {"trade_id": 143011779, "side": "sell", "size": "16.30169813", "price": "0.76390000", "time": "2025-07-11T15:38:48.575433Z", "fetched_at": "2025-07-11T15:39:35.490840+00:00", "symbol": "ADA-USD"}, {"trade_id": 143011778, "side": "sell", "size": "618.32185409", "price": "0.76390000", "time": "2025-07-11T15:38:48.575433Z", "fetched_at": "2025-07-11T15:39:35.490840+00:00", "symbol": "ADA-USD"}, {"trade_id": 143011777, "side": "buy", "size": "5.98636651", "price": "0.76400000", "time": "2025-07-11T15:38:47.892176Z", "fetched_at": "2025-07-11T15:39:35.490840+00:00", "symbol": "ADA-USD"}, {"trade_id": 143011776, "side": "buy", "size": "265.50183600", "price": "0.76400000", "time": "2025-07-11T15:38:47.808941Z", "fetched_at": "2025-07-11T15:39:35.490840+00:00", "symbol": "ADA-USD"}, {"trade_id": 143011775, "side": "sell", "size": "1850.59232002", "price": "0.76410000", "time": "2025-07-11T15:38:47.788109Z", "fetched_at": "2025-07-11T15:39:35.490840+00:00", "symbol": "ADA-USD"}, {"trade_id": 143011774, "side": "sell", "size": "227.31663672", "price": "0.76410000", "time": "2025-07-11T15:38:47.784487Z", "fetched_at": "2025-07-11T15:39:35.490840+00:00", "symbol": "ADA-USD"}, {"trade_id": 143011773, "side": "sell", "size": "1850.59232002", "price": "0.76410000", "time": "2025-07-11T15:38:47.779987Z", "fetched_at": "2025-07-11T15:39:35.490840+00:00", "symbol": "ADA-USD"}, {"trade_id": 143011772, "side": "sell", "size": "1.50000000", "price": "0.76410000", "time": "2025-07-11T15:38:47.779987Z", "fetched_at": "2025-07-11T15:39:35.490840+00:00", "symbol": "ADA-USD"}, {"trade_id": 143011771, "side": "sell", "size": "1.50000000", "price": "0.76400000", "time": "2025-07-11T15:38:47.759263Z", "fetched_at": "2025-07-11T15:39:35.490840+00:00", "symbol": "ADA-USD"}, {"trade_id": 143011770, "side": "sell", "size": "0.00009298", "price": "0.76380000", "time": "2025-07-11T15:38:47.439316Z", "fetched_at": "2025-07-11T15:39:35.490840+00:00", "symbol": "ADA-USD"}, {"trade_id": 143011769, "side": "sell", "size": "16.80120000", "price": "0.76380000", "time": "2025-07-11T15:38:47.433965Z", "fetched_at": "2025-07-11T15:39:35.490840+00:00", "symbol": "ADA-USD"}, {"trade_id": 143011768, "side": "buy", "size": "271.84884000", "price": "0.76370000", "time": "2025-07-11T15:38:46.412126Z", "fetched_at": "2025-07-11T15:39:35.490840+00:00", "symbol": "ADA-USD"}, {"trade_id": 143011767, "side": "buy", "size": "4.60760221", "price": "0.76370000", "time": "2025-07-11T15:38:46.412126Z", "fetched_at": "2025-07-11T15:39:35.490840+00:00", "symbol": "ADA-USD"}, {"trade_id": 143011766, "side": "buy", "size": "0.00002304", "price": "0.76370000", "time": "2025-07-11T15:38:46.343128Z", "fetched_at": "2025-07-11T15:39:35.490840+00:00", "symbol": "ADA-USD"}, {"trade_id": 143011765, "side": "buy", "size": "323.56455304", "price": "0.76360000", "time": "2025-07-11T15:38:46.183956Z", "fetched_at": "2025-07-11T15:39:35.490840+00:00", "symbol": "ADA-USD"}, {"trade_id": 143011764, "side": "buy", "size": "3.43544696", "price": "0.76360000", "time": "2025-07-11T15:38:46.183956Z", "fetched_at": "2025-07-11T15:39:35.490840+00:00", "symbol": "ADA-USD"}, {"trade_id": 143011763, "side": "sell", "size": "6.10848652", "price": "0.76370000", "time": "2025-07-11T15:38:46.055620Z", "fetched_at": "2025-07-11T15:39:35.490840+00:00", "symbol": "ADA-USD"}, {"trade_id": 143011762, "side": "buy", "size": "3.42083552", "price": "0.76360000", "time": "2025-07-11T15:38:45.694683Z", "fetched_at": "2025-07-11T15:39:35.490840+00:00", "symbol": "ADA-USD"}, {"trade_id": 143011761, "side": "sell", "size": "66.98189639", "price": "0.76380000", "time": "2025-07-11T15:38:45.551649Z", "fetched_at": "2025-07-11T15:39:35.490840+00:00", "symbol": "ADA-USD"}, {"trade_id": 143011760, "side": "sell", "size": "563.06129509", "price": "0.76380000", "time": "2025-07-11T15:38:45.551649Z", "fetched_at": "2025-07-11T15:39:35.490840+00:00", "symbol": "ADA-USD"}, {"trade_id": 143011759, "side": "sell", "size": "6.10848652", "price": "0.76370000", "time": "2025-07-11T15:38:45.551649Z", "fetched_at": "2025-07-11T15:39:35.490840+00:00", "symbol": "ADA-USD"}, {"trade_id": 143011758, "side": "buy", "size": "1230.38206795", "price": "0.76350000", "time": "2025-07-11T15:38:45.248641Z", "fetched_at": "2025-07-11T15:39:35.490840+00:00", "symbol": "ADA-USD"}, {"trade_id": 143011757, "side": "buy", "size": "761.67911018", "price": "0.76350000", "time": "2025-07-11T15:38:45.248641Z", "fetched_at": "2025-07-11T15:39:35.490840+00:00", "symbol": "ADA-USD"}, {"trade_id": 143011756, "side": "buy", "size": "563.06129509", "price": "0.76350000", "time": "2025-07-11T15:38:45.248641Z", "fetched_at": "2025-07-11T15:39:35.490840+00:00", "symbol": "ADA-USD"}, {"trade_id": 143011755, "side": "buy", "size": "11.84782450", "price": "0.76360000", "time": "2025-07-11T15:38:45.248641Z", "fetched_at": "2025-07-11T15:39:35.490840+00:00", "symbol": "ADA-USD"}, {"trade_id": 143011754, "side": "buy", "size": "271.84884000", "price": "0.76360000", "time": "2025-07-11T15:38:45.233305Z", "fetched_at": "2025-07-11T15:39:35.490840+00:00", "symbol": "ADA-USD"}, {"trade_id": 143011753, "side": "buy", "size": "11.93658134", "price": "0.76360000", "time": "2025-07-11T15:38:45.233305Z", "fetched_at": "2025-07-11T15:39:35.490840+00:00", "symbol": "ADA-USD"}, {"trade_id": 143011752, "side": "buy", "size": "271.84884000", "price": "0.76400000", "time": "2025-07-11T15:38:45.025680Z", "fetched_at": "2025-07-11T15:39:35.490840+00:00", "symbol": "ADA-USD"}, {"trade_id": 143011751, "side": "sell", "size": "1.50000000", "price": "0.76400000", "time": "2025-07-11T15:38:44.951391Z", "fetched_at": "2025-07-11T15:39:35.490840+00:00", "symbol": "ADA-USD"}, {"trade_id": 143011750, "side": "sell", "size": "2.25592392", "price": "0.76390000", "time": "2025-07-11T15:38:44.918820Z", "fetched_at": "2025-07-11T15:39:35.490840+00:00", "symbol": "ADA-USD"}, {"trade_id": 143011749, "side": "sell", "size": "6.21054044", "price": "0.76380000", "time": "2025-07-11T15:38:44.709780Z", "fetched_at": "2025-07-11T15:39:35.490840+00:00", "symbol": "ADA-USD"}, {"trade_id": 143011748, "side": "sell", "size": "6.21054044", "price": "0.76380000", "time": "2025-07-11T15:38:44.701202Z", "fetched_at": "2025-07-11T15:39:35.490840+00:00", "symbol": "ADA-USD"}, {"trade_id": 143011747, "side": "sell", "size": "1.50000000", "price": "0.76380000", "time": "2025-07-11T15:38:44.701202Z", "fetched_at": "2025-07-11T15:39:35.490840+00:00", "symbol": "ADA-USD"}, {"trade_id": 143011746, "side": "buy", "size": "433.05193219", "price": "0.76360000", "time": "2025-07-11T15:38:43.612634Z", "fetched_at": "2025-07-11T15:39:35.490840+00:00", "symbol": "ADA-USD"}, {"trade_id": 143011745, "side": "buy", "size": "8.74028381", "price": "0.76370000", "time": "2025-07-11T15:38:43.612634Z", "fetched_at": "2025-07-11T15:39:35.490840+00:00", "symbol": "ADA-USD"}, {"trade_id": 143011744, "side": "buy", "size": "70.20778400", "price": "0.76370000", "time": "2025-07-11T15:38:43.612634Z", "fetched_at": "2025-07-11T15:39:35.490840+00:00", "symbol": "ADA-USD"}, {"trade_id": 143011743, "side": "buy", "size": "201.64105600", "price": "0.76370000", "time": "2025-07-11T15:38:43.535780Z", "fetched_at": "2025-07-11T15:39:35.490840+00:00", "symbol": "ADA-USD"}, {"trade_id": 143011742, "side": "sell", "size": "6.91958405", "price": "0.76360000", "time": "2025-07-11T15:38:43.489435Z", "fetched_at": "2025-07-11T15:39:35.490840+00:00", "symbol": "ADA-USD"}, {"trade_id": 143011741, "side": "sell", "size": "1.50000000", "price": "0.76360000", "time": "2025-07-11T15:38:43.489435Z", "fetched_at": "2025-07-11T15:39:35.490840+00:00", "symbol": "ADA-USD"}, {"trade_id": 143011740, "side": "sell", "size": "6.42501587", "price": "0.76350000", "time": "2025-07-11T15:38:43.430862Z", "fetched_at": "2025-07-11T15:39:35.490840+00:00", "symbol": "ADA-USD"}, {"trade_id": 143011739, "side": "sell", "size": "6.42501587", "price": "0.76330000", "time": "2025-07-11T15:38:43.249733Z", "fetched_at": "2025-07-11T15:39:35.490840+00:00", "symbol": "ADA-USD"}, {"trade_id": 143011738, "side": "buy", "size": "2.61367029", "price": "0.76330000", "time": "2025-07-11T15:38:43.043172Z", "fetched_at": "2025-07-11T15:39:35.490840+00:00", "symbol": "ADA-USD"}, {"trade_id": 143011737, "side": "buy", "size": "68.10133000", "price": "0.76340000", "time": "2025-07-11T15:38:42.666041Z", "fetched_at": "2025-07-11T15:39:35.490840+00:00", "symbol": "ADA-USD"}, {"trade_id": 143011736, "side": "sell", "size": "8.63931825", "price": "0.76340000", "time": "2025-07-11T15:38:42.618096Z", "fetched_at": "2025-07-11T15:39:35.490840+00:00", "symbol": "ADA-USD"}, {"trade_id": 143011735, "side": "sell", "size": "13.57712793", "price": "0.76330000", "time": "2025-07-11T15:38:42.518906Z", "fetched_at": "2025-07-11T15:39:35.490840+00:00", "symbol": "ADA-USD"}, {"trade_id": 143011734, "side": "buy", "size": "5.79640200", "price": "0.76320000", "time": "2025-07-11T15:38:42.402546Z", "fetched_at": "2025-07-11T15:39:35.490840+00:00", "symbol": "ADA-USD"}, {"trade_id": 143011733, "side": "sell", "size": "20.29737958", "price": "0.76310000", "time": "2025-07-11T15:38:42.164836Z", "fetched_at": "2025-07-11T15:39:35.490840+00:00", "symbol": "ADA-USD"}, {"trade_id": 143011732, "side": "sell", "size": "7.04188364", "price": "0.76290000", "time": "2025-07-11T15:38:41.441227Z", "fetched_at": "2025-07-11T15:39:35.490840+00:00", "symbol": "ADA-USD"}, {"trade_id": 143011731, "side": "buy", "size": "4.48363013", "price": "0.76290000", "time": "2025-07-11T15:38:41.366359Z", "fetched_at": "2025-07-11T15:39:35.490840+00:00", "symbol": "ADA-USD"}, {"trade_id": 143011730, "side": "buy", "size": "1.50000000", "price": "0.76300000", "time": "2025-07-11T15:38:41.353378Z", "fetched_at": "2025-07-11T15:39:35.490840+00:00", "symbol": "ADA-USD"}, {"trade_id": 143011729, "side": "sell", "size": "10.76981744", "price": "0.76320000", "time": "2025-07-11T15:38:41.000051Z", "fetched_at": "2025-07-11T15:39:35.490840+00:00", "symbol": "ADA-USD"}, {"trade_id": 143011728, "side": "sell", "size": "10.76981744", "price": "0.76320000", "time": "2025-07-11T15:38:40.979128Z", "fetched_at": "2025-07-11T15:39:35.490840+00:00", "symbol": "ADA-USD"}, {"trade_id": 143011727, "side": "buy", "size": "1.86845787", "price": "0.76320000", "time": "2025-07-11T15:38:40.876552Z", "fetched_at": "2025-07-11T15:39:35.490840+00:00", "symbol": "ADA-USD"}, {"trade_id": 143011726, "side": "buy", "size": "1.50000000", "price": "0.76320000", "time": "2025-07-11T15:38:40.876552Z", "fetched_at": "2025-07-11T15:39:35.490840+00:00", "symbol": "ADA-USD"}, {"trade_id": 143011725, "side": "buy", "size": "1.50000000", "price": "0.76340000", "time": "2025-07-11T15:38:40.611471Z", "fetched_at": "2025-07-11T15:39:35.490840+00:00", "symbol": "ADA-USD"}, {"trade_id": 143011724, "side": "buy", "size": "393.02448819", "price": "0.76340000", "time": "2025-07-11T15:38:40.611471Z", "fetched_at": "2025-07-11T15:39:35.490840+00:00", "symbol": "ADA-USD"}, {"trade_id": 143011723, "side": "buy", "size": "2.28205443", "price": "0.76350000", "time": "2025-07-11T15:38:40.611471Z", "fetched_at": "2025-07-11T15:39:35.490840+00:00", "symbol": "ADA-USD"}, {"trade_id": 143011722, "side": "buy", "size": "2.94595007", "price": "0.76360000", "time": "2025-07-11T15:38:40.102877Z", "fetched_at": "2025-07-11T15:39:35.490840+00:00", "symbol": "ADA-USD"}, {"trade_id": 143011721, "side": "buy", "size": "1.50000000", "price": "0.76360000", "time": "2025-07-11T15:38:40.102877Z", "fetched_at": "2025-07-11T15:39:35.490840+00:00", "symbol": "ADA-USD"}, {"trade_id": 143011720, "side": "buy", "size": "70.14193546", "price": "0.76370000", "time": "2025-07-11T15:38:39.428112Z", "fetched_at": "2025-07-11T15:39:35.490840+00:00", "symbol": "ADA-USD"}, {"trade_id": 143011719, "side": "buy", "size": "701.73906879", "price": "0.76370000", "time": "2025-07-11T15:38:39.428112Z", "fetched_at": "2025-07-11T15:39:35.490840+00:00", "symbol": "ADA-USD"}, {"trade_id": 143011718, "side": "buy", "size": "869.34923939", "price": "0.76370000", "time": "2025-07-11T15:38:39.428112Z", "fetched_at": "2025-07-11T15:39:35.490840+00:00", "symbol": "ADA-USD"}, {"trade_id": 143011717, "side": "buy", "size": "391.05850088", "price": "0.76370000", "time": "2025-07-11T15:38:39.428112Z", "fetched_at": "2025-07-11T15:39:35.490840+00:00", "symbol": "ADA-USD"}, {"trade_id": 143011716, "side": "buy", "size": "2.93626412", "price": "0.76380000", "time": "2025-07-11T15:38:39.428112Z", "fetched_at": "2025-07-11T15:39:35.490840+00:00", "symbol": "ADA-USD"}, {"trade_id": 143011715, "side": "buy", "size": "1.50000000", "price": "0.76380000", "time": "2025-07-11T15:38:39.428112Z", "fetched_at": "2025-07-11T15:39:35.490840+00:00", "symbol": "ADA-USD"}, {"trade_id": 143011714, "side": "buy", "size": "3.63011639", "price": "0.76400000", "time": "2025-07-11T15:38:39.290548Z", "fetched_at": "2025-07-11T15:39:35.490840+00:00", "symbol": "ADA-USD"}, {"trade_id": 143011713, "side": "buy", "size": "1.19511500", "price": "0.76400000", "time": "2025-07-11T15:38:39.290548Z", "fetched_at": "2025-07-11T15:39:35.490840+00:00", "symbol": "ADA-USD"}, {"trade_id": 143011712, "side": "buy", "size": "0.30488500", "price": "0.76400000", "time": "2025-07-11T15:38:39.159436Z", "fetched_at": "2025-07-11T15:39:35.490840+00:00", "symbol": "ADA-USD"}, {"trade_id": 143011711, "side": "buy", "size": "5.52999642", "price": "0.76410000", "time": "2025-07-11T15:38:39.095508Z", "fetched_at": "2025-07-11T15:39:35.490840+00:00", "symbol": "ADA-USD"}, {"trade_id": 143011710, "side": "buy", "size": "5.42590350", "price": "0.76420000", "time": "2025-07-11T15:38:38.984858Z", "fetched_at": "2025-07-11T15:39:35.490840+00:00", "symbol": "ADA-USD"}, {"trade_id": 143011709, "side": "buy", "size": "51.00306000", "price": "0.76430000", "time": "2025-07-11T15:38:38.741725Z", "fetched_at": "2025-07-11T15:39:35.490840+00:00", "symbol": "ADA-USD"}, {"trade_id": 143011708, "side": "buy", "size": "8.37829249", "price": "0.76430000", "time": "2025-07-11T15:38:38.741725Z", "fetched_at": "2025-07-11T15:39:35.490840+00:00", "symbol": "ADA-USD"}, {"trade_id": 143011707, "side": "buy", "size": "271.84884000", "price": "0.76430000", "time": "2025-07-11T15:38:38.741725Z", "fetched_at": "2025-07-11T15:39:35.490840+00:00", "symbol": "ADA-USD"}, {"trade_id": 143011706, "side": "sell", "size": "3.07110568", "price": "0.76440000", "time": "2025-07-11T15:38:37.070492Z", "fetched_at": "2025-07-11T15:39:35.490840+00:00", "symbol": "ADA-USD"}, {"trade_id": 143011705, "side": "buy", "size": "113.77744433", "price": "0.76430000", "time": "2025-07-11T15:38:36.962626Z", "fetched_at": "2025-07-11T15:39:35.490840+00:00", "symbol": "ADA-USD"}, {"trade_id": 143011704, "side": "buy", "size": "10.91867067", "price": "0.76430000", "time": "2025-07-11T15:38:36.962626Z", "fetched_at": "2025-07-11T15:39:35.490840+00:00", "symbol": "ADA-USD"}, {"trade_id": 143011703, "side": "buy", "size": "271.84884000", "price": "0.76440000", "time": "2025-07-11T15:38:36.962626Z", "fetched_at": "2025-07-11T15:39:35.490840+00:00", "symbol": "ADA-USD"}, {"trade_id": 143011702, "side": "sell", "size": "3.07110568", "price": "0.76440000", "time": "2025-07-11T15:38:36.700203Z", "fetched_at": "2025-07-11T15:39:35.490840+00:00", "symbol": "ADA-USD"}, {"trade_id": 143011701, "side": "sell", "size": "1.50000000", "price": "0.76440000", "time": "2025-07-11T15:38:36.700203Z", "fetched_at": "2025-07-11T15:39:35.490840+00:00", "symbol": "ADA-USD"}, {"trade_id": 143011700, "side": "buy", "size": "50.00000000", "price": "0.76430000", "time": "2025-07-11T15:38:36.482564Z", "fetched_at": "2025-07-11T15:39:35.490840+00:00", "symbol": "ADA-USD"}, {"trade_id": 143011699, "side": "buy", "size": "51.00306000", "price": "0.76430000", "time": "2025-07-11T15:38:36.482564Z", "fetched_at": "2025-07-11T15:39:35.490840+00:00", "symbol": "ADA-USD"}, {"trade_id": 143011698, "side": "buy", "size": "7.86654254", "price": "0.76430000", "time": "2025-07-11T15:38:36.482564Z", "fetched_at": "2025-07-11T15:39:35.490840+00:00", "symbol": "ADA-USD"}, {"trade_id": 143011697, "side": "buy", "size": "271.84884000", "price": "0.76430000", "time": "2025-07-11T15:38:36.482564Z", "fetched_at": "2025-07-11T15:39:35.490840+00:00", "symbol": "ADA-USD"}, {"trade_id": 143011696, "side": "sell", "size": "1.50000000", "price": "0.76420000", "time": "2025-07-11T15:38:35.586006Z", "fetched_at": "2025-07-11T15:39:35.490840+00:00", "symbol": "ADA-USD"}, {"trade_id": 143011695, "side": "sell", "size": "510.96818179", "price": "0.76420000", "time": "2025-07-11T15:38:35.586006Z", "fetched_at": "2025-07-11T15:39:35.490840+00:00", "symbol": "ADA-USD"}, {"trade_id": 143011694, "side": "sell", "size": "563.06129509", "price": "0.76420000", "time": "2025-07-11T15:38:35.586006Z", "fetched_at": "2025-07-11T15:39:35.490840+00:00", "symbol": "ADA-USD"}, {"trade_id": 143011693, "side": "sell", "size": "1.80361098", "price": "0.76400000", "time": "2025-07-11T15:38:35.559083Z", "fetched_at": "2025-07-11T15:39:35.490840+00:00", "symbol": "ADA-USD"}, {"trade_id": 143011692, "side": "sell", "size": "79.28555457", "price": "0.76430000", "time": "2025-07-11T15:38:34.665734Z", "fetched_at": "2025-07-11T15:39:35.490840+00:00", "symbol": "ADA-USD"}, {"trade_id": 143011691, "side": "sell", "size": "355.40954291", "price": "0.76430000", "time": "2025-07-11T15:38:34.665734Z", "fetched_at": "2025-07-11T15:39:35.490840+00:00", "symbol": "ADA-USD"}, {"trade_id": 143011690, "side": "sell", "size": "563.06129509", "price": "0.76430000", "time": "2025-07-11T15:38:34.665734Z", "fetched_at": "2025-07-11T15:39:35.490840+00:00", "symbol": "ADA-USD"}, {"trade_id": 143011689, "side": "sell", "size": "3.24908840", "price": "0.76420000", "time": "2025-07-11T15:38:34.665734Z", "fetched_at": "2025-07-11T15:39:35.490840+00:00", "symbol": "ADA-USD"}, {"trade_id": 143011688, "side": "sell", "size": "1.50000000", "price": "0.76420000", "time": "2025-07-11T15:38:34.665734Z", "fetched_at": "2025-07-11T15:39:35.490840+00:00", "symbol": "ADA-USD"}, {"trade_id": 143011687, "side": "buy", "size": "68.10133000", "price": "0.76410000", "time": "2025-07-11T15:38:34.510450Z", "fetched_at": "2025-07-11T15:39:35.490840+00:00", "symbol": "ADA-USD"}, {"trade_id": 143011686, "side": "sell", "size": "885.08730030", "price": "0.76410000", "time": "2025-07-11T15:38:34.500059Z", "fetched_at": "2025-07-11T15:39:35.490840+00:00", "symbol": "ADA-USD"}, {"trade_id": 143011685, "side": "sell", "size": "3.25124416", "price": "0.76400000", "time": "2025-07-11T15:38:34.500059Z", "fetched_at": "2025-07-11T15:39:35.490840+00:00", "symbol": "ADA-USD"}, {"trade_id": 143011684, "side": "buy", "size": "4.22430804", "price": "0.76390000", "time": "2025-07-11T15:38:33.748880Z", "fetched_at": "2025-07-11T15:39:35.490840+00:00", "symbol": "ADA-USD"}, {"trade_id": 143011683, "side": "sell", "size": "5.32427090", "price": "0.76400000", "time": "2025-07-11T15:38:33.567126Z", "fetched_at": "2025-07-11T15:39:35.490840+00:00", "symbol": "ADA-USD"}, {"trade_id": 143011682, "side": "sell", "size": "1.50000000", "price": "0.76400000", "time": "2025-07-11T15:38:33.567126Z", "fetched_at": "2025-07-11T15:39:35.490840+00:00", "symbol": "ADA-USD"}, {"trade_id": 143011681, "side": "sell", "size": "5.32417302", "price": "0.76390000", "time": "2025-07-11T15:38:33.443846Z", "fetched_at": "2025-07-11T15:39:35.490840+00:00", "symbol": "ADA-USD"}, {"trade_id": 143011680, "side": "sell", "size": "6.58608921", "price": "0.76360000", "time": "2025-07-11T15:38:32.976827Z", "fetched_at": "2025-07-11T15:39:35.490840+00:00", "symbol": "ADA-USD"}, {"trade_id": 143011679, "side": "buy", "size": "512.00000000", "price": "0.76350000", "time": "2025-07-11T15:38:32.291583Z", "fetched_at": "2025-07-11T15:39:35.490840+00:00", "symbol": "ADA-USD"}, {"trade_id": 143011678, "side": "sell", "size": "450.01351242", "price": "0.76370000", "time": "2025-07-11T15:38:32.222045Z", "fetched_at": "2025-07-11T15:39:35.490840+00:00", "symbol": "ADA-USD"}, {"trade_id": 143011677, "side": "sell", "size": "7.26211058", "price": "0.76370000", "time": "2025-07-11T15:38:32.222045Z", "fetched_at": "2025-07-11T15:39:35.490840+00:00", "symbol": "ADA-USD"}, {"trade_id": 143011676, "side": "buy", "size": "3.14079643", "price": "0.76340000", "time": "2025-07-11T15:38:31.770038Z", "fetched_at": "2025-07-11T15:39:35.490840+00:00", "symbol": "ADA-USD"}, {"trade_id": 143011675, "side": "buy", "size": "1.50000000", "price": "0.76340000", "time": "2025-07-11T15:38:31.770038Z", "fetched_at": "2025-07-11T15:39:35.490840+00:00", "symbol": "ADA-USD"}, {"trade_id": 143011674, "side": "sell", "size": "25.88447937", "price": "0.76350000", "time": "2025-07-11T15:38:31.716774Z", "fetched_at": "2025-07-11T15:39:35.490840+00:00", "symbol": "ADA-USD"}, {"trade_id": 143011673, "side": "buy", "size": "53.46387343", "price": "0.76350000", "time": "2025-07-11T15:38:31.077578Z", "fetched_at": "2025-07-11T15:39:35.490840+00:00", "symbol": "ADA-USD"}, {"trade_id": 143011672, "side": "buy", "size": "13.13745657", "price": "0.76360000", "time": "2025-07-11T15:38:31.077578Z", "fetched_at": "2025-07-11T15:39:35.490840+00:00", "symbol": "ADA-USD"}, {"trade_id": 143011671, "side": "buy", "size": "1.50000000", "price": "0.76360000", "time": "2025-07-11T15:38:31.077578Z", "fetched_at": "2025-07-11T15:39:35.490840+00:00", "symbol": "ADA-USD"}, {"trade_id": 143011670, "side": "buy", "size": "939.80862323", "price": "0.76370000", "time": "2025-07-11T15:38:31.021896Z", "fetched_at": "2025-07-11T15:39:35.490840+00:00", "symbol": "ADA-USD"}, {"trade_id": 143011669, "side": "buy", "size": "811.55108209", "price": "0.76370000", "time": "2025-07-11T15:38:31.021896Z", "fetched_at": "2025-07-11T15:39:35.490840+00:00", "symbol": "ADA-USD"}, {"trade_id": 143011668, "side": "buy", "size": "563.06129509", "price": "0.76370000", "time": "2025-07-11T15:38:31.021896Z", "fetched_at": "2025-07-11T15:39:35.490840+00:00", "symbol": "ADA-USD"}, {"trade_id": 143011667, "side": "buy", "size": "50.00000000", "price": "0.76370000", "time": "2025-07-11T15:38:31.021896Z", "fetched_at": "2025-07-11T15:39:35.490840+00:00", "symbol": "ADA-USD"}, {"trade_id": 143011666, "side": "buy", "size": "391.50000000", "price": "0.76370000", "time": "2025-07-11T15:38:31.021896Z", "fetched_at": "2025-07-11T15:39:35.490840+00:00", "symbol": "ADA-USD"}, {"trade_id": 143011665, "side": "buy", "size": "13.13401655", "price": "0.76380000", "time": "2025-07-11T15:38:31.021794Z", "fetched_at": "2025-07-11T15:39:35.490840+00:00", "symbol": "ADA-USD"}, {"trade_id": 143011664, "side": "sell", "size": "302.89406606", "price": "0.76390000", "time": "2025-07-11T15:38:30.891611Z", "fetched_at": "2025-07-11T15:39:35.490840+00:00", "symbol": "ADA-USD"}, {"trade_id": 143011663, "side": "sell", "size": "624.09665249", "price": "0.76380000", "time": "2025-07-11T15:38:30.891611Z", "fetched_at": "2025-07-11T15:39:35.490840+00:00", "symbol": "ADA-USD"}, {"trade_id": 143011662, "side": "sell", "size": "51.00306000", "price": "0.76380000", "time": "2025-07-11T15:38:30.891611Z", "fetched_at": "2025-07-11T15:39:35.490840+00:00", "symbol": "ADA-USD"}, {"trade_id": 143011661, "side": "sell", "size": "96.81546000", "price": "0.76380000", "time": "2025-07-11T15:38:30.891611Z", "fetched_at": "2025-07-11T15:39:35.490840+00:00", "symbol": "ADA-USD"}, {"trade_id": 143011660, "side": "sell", "size": "12.89356145", "price": "0.76380000", "time": "2025-07-11T15:38:30.891611Z", "fetched_at": "2025-07-11T15:39:35.490840+00:00", "symbol": "ADA-USD"}, {"trade_id": 143011659, "side": "buy", "size": "1498.72403897", "price": "0.76380000", "time": "2025-07-11T15:38:30.768937Z", "fetched_at": "2025-07-11T15:39:35.490840+00:00", "symbol": "ADA-USD"}, {"trade_id": 143011658, "side": "buy", "size": "1.50000000", "price": "0.76380000", "time": "2025-07-11T15:38:30.768937Z", "fetched_at": "2025-07-11T15:39:35.490840+00:00", "symbol": "ADA-USD"}, {"trade_id": 143011657, "side": "buy", "size": "1426.61674691", "price": "0.76380000", "time": "2025-07-11T15:38:30.768937Z", "fetched_at": "2025-07-11T15:39:35.490840+00:00", "symbol": "ADA-USD"}, {"trade_id": 143011656, "side": "buy", "size": "563.06129509", "price": "0.76380000", "time": "2025-07-11T15:38:30.768937Z", "fetched_at": "2025-07-11T15:39:35.490840+00:00", "symbol": "ADA-USD"}, {"trade_id": 143011655, "side": "buy", "size": "14.10905400", "price": "0.76390000", "time": "2025-07-11T15:38:30.768937Z", "fetched_at": "2025-07-11T15:39:35.490840+00:00", "symbol": "ADA-USD"}, {"trade_id": 143011654, "side": "buy", "size": "12.82355553", "price": "0.76420000", "time": "2025-07-11T15:38:30.316162Z", "fetched_at": "2025-07-11T15:39:35.490840+00:00", "symbol": "ADA-USD"}, {"trade_id": 143011653, "side": "sell", "size": "6.67553621", "price": "0.76420000", "time": "2025-07-11T15:38:29.370759Z", "fetched_at": "2025-07-11T15:39:35.490840+00:00", "symbol": "ADA-USD"}, {"trade_id": 143011652, "side": "sell", "size": "50.00000000", "price": "0.76420000", "time": "2025-07-11T15:38:28.571345Z", "fetched_at": "2025-07-11T15:39:35.490840+00:00", "symbol": "ADA-USD"}, {"trade_id": 143011651, "side": "sell", "size": "563.06129509", "price": "0.76420000", "time": "2025-07-11T15:38:28.571345Z", "fetched_at": "2025-07-11T15:39:35.490840+00:00", "symbol": "ADA-USD"}, {"trade_id": 143011650, "side": "buy", "size": "13.88947811", "price": "0.76400000", "time": "2025-07-11T15:38:28.452014Z", "fetched_at": "2025-07-11T15:39:35.490840+00:00", "symbol": "ADA-USD"}, {"trade_id": 143011649, "side": "sell", "size": "0.00008695", "price": "0.76400000", "time": "2025-07-11T15:38:28.199756Z", "fetched_at": "2025-07-11T15:39:35.490840+00:00", "symbol": "ADA-USD"}, {"trade_id": 143011648, "side": "sell", "size": "1.60160000", "price": "0.76400000", "time": "2025-07-11T15:38:28.194024Z", "fetched_at": "2025-07-11T15:39:35.490840+00:00", "symbol": "ADA-USD"}, {"trade_id": 143011647, "side": "sell", "size": "1.50000000", "price": "0.76400000", "time": "2025-07-11T15:38:28.194024Z", "fetched_at": "2025-07-11T15:39:35.490840+00:00", "symbol": "ADA-USD"}, {"trade_id": 143011646, "side": "buy", "size": "80.37286100", "price": "0.76380000", "time": "2025-07-11T15:38:27.966354Z", "fetched_at": "2025-07-11T15:39:35.490840+00:00", "symbol": "ADA-USD"}, {"trade_id": 143011645, "side": "buy", "size": "0.00002371", "price": "0.76370000", "time": "2025-07-11T15:38:27.764463Z", "fetched_at": "2025-07-11T15:39:35.490840+00:00", "symbol": "ADA-USD"}, {"trade_id": 143011644, "side": "sell", "size": "0.00006210", "price": "0.76370000", "time": "2025-07-11T15:38:27.761832Z", "fetched_at": "2025-07-11T15:39:35.490840+00:00", "symbol": "ADA-USD"}, {"trade_id": 143011643, "side": "sell", "size": "10.89290000", "price": "0.76370000", "time": "2025-07-11T15:38:27.758327Z", "fetched_at": "2025-07-11T15:39:35.490840+00:00", "symbol": "ADA-USD"}, {"trade_id": 143011642, "side": "sell", "size": "10.89296210", "price": "0.76360000", "time": "2025-07-11T15:38:27.508255Z", "fetched_at": "2025-07-11T15:39:35.490840+00:00", "symbol": "ADA-USD"}, {"trade_id": 143011641, "side": "sell", "size": "0.00011364", "price": "0.76350000", "time": "2025-07-11T15:38:27.160490Z", "fetched_at": "2025-07-11T15:39:35.490840+00:00", "symbol": "ADA-USD"}, {"trade_id": 143011640, "side": "sell", "size": "3.15736564", "price": "0.76350000", "time": "2025-07-11T15:38:27.156970Z", "fetched_at": "2025-07-11T15:39:35.490840+00:00", "symbol": "ADA-USD"}, {"trade_id": 143011639, "side": "sell", "size": "15.13103436", "price": "0.76350000", "time": "2025-07-11T15:38:27.156970Z", "fetched_at": "2025-07-11T15:39:35.490840+00:00", "symbol": "ADA-USD"}, {"trade_id": 143011638, "side": "buy", "size": "1.50000000", "price": "0.76360000", "time": "2025-07-11T15:38:26.539313Z", "fetched_at": "2025-07-11T15:39:35.490840+00:00", "symbol": "ADA-USD"}, {"trade_id": 143011637, "side": "buy", "size": "5.64891921", "price": "0.76380000", "time": "2025-07-11T15:38:26.050034Z", "fetched_at": "2025-07-11T15:39:35.490840+00:00", "symbol": "ADA-USD"}, {"trade_id": 143011636, "side": "buy", "size": "9.80211974", "price": "0.76400000", "time": "2025-07-11T15:38:25.628605Z", "fetched_at": "2025-07-11T15:39:35.490840+00:00", "symbol": "ADA-USD"}, {"trade_id": 143011635, "side": "buy", "size": "9.54136133", "price": "0.76410000", "time": "2025-07-11T15:38:25.314090Z", "fetched_at": "2025-07-11T15:39:35.490840+00:00", "symbol": "ADA-USD"}, {"trade_id": 143011634, "side": "buy", "size": "9.80367043", "price": "0.76420000", "time": "2025-07-11T15:38:25.015445Z", "fetched_at": "2025-07-11T15:39:35.490840+00:00", "symbol": "ADA-USD"}, {"trade_id": 143011633, "side": "buy", "size": "51.00306000", "price": "0.76420000", "time": "2025-07-11T15:38:25.015445Z", "fetched_at": "2025-07-11T15:39:35.490840+00:00", "symbol": "ADA-USD"}, {"trade_id": 143011632, "side": "buy", "size": "102.90815053", "price": "0.76420000", "time": "2025-07-11T15:38:25.015445Z", "fetched_at": "2025-07-11T15:39:35.490840+00:00", "symbol": "ADA-USD"}, {"trade_id": 143011631, "side": "sell", "size": "9.78424045", "price": "0.76420000", "time": "2025-07-11T15:38:24.855372Z", "fetched_at": "2025-07-11T15:39:35.490840+00:00", "symbol": "ADA-USD"}, {"trade_id": 143011630, "side": "sell", "size": "1.50000000", "price": "0.76420000", "time": "2025-07-11T15:38:24.855372Z", "fetched_at": "2025-07-11T15:39:35.490840+00:00", "symbol": "ADA-USD"}, {"trade_id": 143011629, "side": "sell", "size": "863.93741388", "price": "0.76410000", "time": "2025-07-11T15:38:24.231372Z", "fetched_at": "2025-07-11T15:39:35.490840+00:00", "symbol": "ADA-USD"}, {"trade_id": 143011628, "side": "sell", "size": "520.40726502", "price": "0.76410000", "time": "2025-07-11T15:38:24.231372Z", "fetched_at": "2025-07-11T15:39:35.490840+00:00", "symbol": "ADA-USD"}, {"trade_id": 143011627, "side": "sell", "size": "563.06129509", "price": "0.76410000", "time": "2025-07-11T15:38:24.231372Z", "fetched_at": "2025-07-11T15:39:35.490840+00:00", "symbol": "ADA-USD"}, {"trade_id": 143011626, "side": "sell", "size": "9.78424045", "price": "0.76400000", "time": "2025-07-11T15:38:24.231372Z", "fetched_at": "2025-07-11T15:39:35.490840+00:00", "symbol": "ADA-USD"}, {"trade_id": 143011625, "side": "buy", "size": "14.26380297", "price": "0.76390000", "time": "2025-07-11T15:38:24.130012Z", "fetched_at": "2025-07-11T15:39:35.490840+00:00", "symbol": "ADA-USD"}, {"trade_id": 143011624, "side": "buy", "size": "50.00000000", "price": "0.76390000", "time": "2025-07-11T15:38:24.130012Z", "fetched_at": "2025-07-11T15:39:35.490840+00:00", "symbol": "ADA-USD"}, {"trade_id": 143011623, "side": "sell", "size": "746.04842779", "price": "0.76400000", "time": "2025-07-11T15:38:23.990654Z", "fetched_at": "2025-07-11T15:39:35.490840+00:00", "symbol": "ADA-USD"}, {"trade_id": 143011622, "side": "sell", "size": "563.06129509", "price": "0.76400000", "time": "2025-07-11T15:38:23.990654Z", "fetched_at": "2025-07-11T15:39:35.490840+00:00", "symbol": "ADA-USD"}, {"trade_id": 143011621, "side": "sell", "size": "1.50000000", "price": "0.76400000", "time": "2025-07-11T15:38:23.990654Z", "fetched_at": "2025-07-11T15:39:35.490840+00:00", "symbol": "ADA-USD"}, {"trade_id": 143011620, "side": "sell", "size": "4.63927700", "price": "0.76390000", "time": "2025-07-11T15:38:23.975810Z", "fetched_at": "2025-07-11T15:39:35.490840+00:00", "symbol": "ADA-USD"}, {"trade_id": 143011619, "side": "sell", "size": "200.82478840", "price": "0.76390000", "time": "2025-07-11T15:38:23.970455Z", "fetched_at": "2025-07-11T15:39:35.490840+00:00", "symbol": "ADA-USD"}, {"trade_id": 143011618, "side": "sell", "size": "260.26416813", "price": "0.76390000", "time": "2025-07-11T15:38:23.970455Z", "fetched_at": "2025-07-11T15:39:35.490840+00:00", "symbol": "ADA-USD"}, {"trade_id": 143011617, "side": "sell", "size": "391.50000000", "price": "0.76390000", "time": "2025-07-11T15:38:23.970455Z", "fetched_at": "2025-07-11T15:39:35.490840+00:00", "symbol": "ADA-USD"}, {"trade_id": 143011616, "side": "sell", "size": "2069.34204178", "price": "0.76380000", "time": "2025-07-11T15:38:23.968441Z", "fetched_at": "2025-07-11T15:39:35.490840+00:00", "symbol": "ADA-USD"}, {"trade_id": 143011615, "side": "sell", "size": "563.06129509", "price": "0.76380000", "time": "2025-07-11T15:38:23.968441Z", "fetched_at": "2025-07-11T15:39:35.490840+00:00", "symbol": "ADA-USD"}, {"trade_id": 143011614, "side": "sell", "size": "1.50000000", "price": "0.76380000", "time": "2025-07-11T15:38:23.968441Z", "fetched_at": "2025-07-11T15:39:35.490840+00:00", "symbol": "ADA-USD"}, {"trade_id": 143011613, "side": "sell", "size": "6.15305872", "price": "0.76370000", "time": "2025-07-11T15:38:23.968441Z", "fetched_at": "2025-07-11T15:39:35.490840+00:00", "symbol": "ADA-USD"}, {"trade_id": 143011612, "side": "buy", "size": "0.00002224", "price": "0.76360000", "time": "2025-07-11T15:38:23.896191Z", "fetched_at": "2025-07-11T15:39:35.490840+00:00", "symbol": "ADA-USD"}, {"trade_id": 143011611, "side": "sell", "size": "6.69599627", "price": "0.76360000", "time": "2025-07-11T15:38:23.835084Z", "fetched_at": "2025-07-11T15:39:35.490840+00:00", "symbol": "ADA-USD"}, {"trade_id": 143011610, "side": "sell", "size": "770.00000000", "price": "0.76360000", "time": "2025-07-11T15:38:23.774989Z", "fetched_at": "2025-07-11T15:39:35.490840+00:00", "symbol": "ADA-USD"}, {"trade_id": 143011609, "side": "sell", "size": "1.50000000", "price": "0.76360000", "time": "2025-07-11T15:38:23.774989Z", "fetched_at": "2025-07-11T15:39:35.490840+00:00", "symbol": "ADA-USD"}, {"trade_id": 143011608, "side": "sell", "size": "9.73862135", "price": "0.76340000", "time": "2025-07-11T15:38:23.752432Z", "fetched_at": "2025-07-11T15:39:35.490840+00:00", "symbol": "ADA-USD"}, {"trade_id": 143011607, "side": "sell", "size": "8.96409477", "price": "0.76340000", "time": "2025-07-11T15:38:23.382763Z", "fetched_at": "2025-07-11T15:39:35.490840+00:00", "symbol": "ADA-USD"}, {"trade_id": 143011606, "side": "sell", "size": "46.13860020", "price": "0.76340000", "time": "2025-07-11T15:38:23.382763Z", "fetched_at": "2025-07-11T15:39:35.490840+00:00", "symbol": "ADA-USD"}, {"trade_id": 143011605, "side": "buy", "size": "14.00183330", "price": "0.76300000", "time": "2025-07-11T15:38:22.585461Z", "fetched_at": "2025-07-11T15:39:35.490840+00:00", "symbol": "ADA-USD"}, {"trade_id": 143011604, "side": "buy", "size": "15.43315342", "price": "0.76330000", "time": "2025-07-11T15:38:22.099009Z", "fetched_at": "2025-07-11T15:39:35.490840+00:00", "symbol": "ADA-USD"}, {"trade_id": 143011603, "side": "sell", "size": "43.16516600", "price": "0.76350000", "time": "2025-07-11T15:38:21.650757Z", "fetched_at": "2025-07-11T15:39:35.490840+00:00", "symbol": "ADA-USD"}, {"trade_id": 143011602, "side": "sell", "size": "1.50000000", "price": "0.76340000", "time": "2025-07-11T15:38:21.650757Z", "fetched_at": "2025-07-11T15:39:35.490840+00:00", "symbol": "ADA-USD"}, {"trade_id": 143011601, "side": "sell", "size": "7.02673827", "price": "0.76320000", "time": "2025-07-11T15:38:21.619720Z", "fetched_at": "2025-07-11T15:39:35.490840+00:00", "symbol": "ADA-USD"}