[{"trade_id": 143046051, "side": "buy", "size": "193.75171300", "price": "0.72980000", "time": "2025-07-11T16:39:25.321227Z", "fetched_at": "2025-07-11T16:39:33.599527+00:00", "symbol": "ADA-USD"}, {"trade_id": 143046050, "side": "buy", "size": "463.34070478", "price": "0.72980000", "time": "2025-07-11T16:39:23.113695Z", "fetched_at": "2025-07-11T16:39:33.599527+00:00", "symbol": "ADA-USD"}, {"trade_id": 143046049, "side": "buy", "size": "51.00306000", "price": "0.72980000", "time": "2025-07-11T16:39:23.113695Z", "fetched_at": "2025-07-11T16:39:33.599527+00:00", "symbol": "ADA-USD"}, {"trade_id": 143046048, "side": "buy", "size": "35.11433522", "price": "0.72980000", "time": "2025-07-11T16:39:23.113695Z", "fetched_at": "2025-07-11T16:39:33.599527+00:00", "symbol": "ADA-USD"}, {"trade_id": 143046047, "side": "sell", "size": "54.02916258", "price": "0.72980000", "time": "2025-07-11T16:39:22.274109Z", "fetched_at": "2025-07-11T16:39:33.599527+00:00", "symbol": "ADA-USD"}, {"trade_id": 143046046, "side": "sell", "size": "65.40910474", "price": "0.72980000", "time": "2025-07-11T16:39:22.262977Z", "fetched_at": "2025-07-11T16:39:33.599527+00:00", "symbol": "ADA-USD"}, {"trade_id": 143046045, "side": "sell", "size": "270.01084943", "price": "0.72980000", "time": "2025-07-11T16:39:22.251988Z", "fetched_at": "2025-07-11T16:39:33.599527+00:00", "symbol": "ADA-USD"}, {"trade_id": 143046044, "side": "sell", "size": "4.58014908", "price": "0.72980000", "time": "2025-07-11T16:39:22.241202Z", "fetched_at": "2025-07-11T16:39:33.599527+00:00", "symbol": "ADA-USD"}, {"trade_id": 143046043, "side": "sell", "size": "41.52177403", "price": "0.72980000", "time": "2025-07-11T16:39:22.204Z", "fetched_at": "2025-07-11T16:39:33.599527+00:00", "symbol": "ADA-USD"}, {"trade_id": 143046042, "side": "sell", "size": "186.52134866", "price": "0.72980000", "time": "2025-07-11T16:39:22.181441Z", "fetched_at": "2025-07-11T16:39:33.599527+00:00", "symbol": "ADA-USD"}, {"trade_id": 143046041, "side": "sell", "size": "25.00772820", "price": "0.72980000", "time": "2025-07-11T16:39:22.170491Z", "fetched_at": "2025-07-11T16:39:33.599527+00:00", "symbol": "ADA-USD"}, {"trade_id": 143046040, "side": "sell", "size": "8.83265192", "price": "0.72980000", "time": "2025-07-11T16:39:22.139881Z", "fetched_at": "2025-07-11T16:39:33.599527+00:00", "symbol": "ADA-USD"}, {"trade_id": 143046039, "side": "sell", "size": "34.80917394", "price": "0.72980000", "time": "2025-07-11T16:39:22.114773Z", "fetched_at": "2025-07-11T16:39:33.599527+00:00", "symbol": "ADA-USD"}, {"trade_id": 143046038, "side": "sell", "size": "13.22368823", "price": "0.72980000", "time": "2025-07-11T16:39:22.006880Z", "fetched_at": "2025-07-11T16:39:33.599527+00:00", "symbol": "ADA-USD"}, {"trade_id": 143046037, "side": "sell", "size": "832.55120162", "price": "0.72980000", "time": "2025-07-11T16:39:21.993249Z", "fetched_at": "2025-07-11T16:39:33.599527+00:00", "symbol": "ADA-USD"}, {"trade_id": 143046036, "side": "sell", "size": "281.96612629", "price": "0.72980000", "time": "2025-07-11T16:39:21.982322Z", "fetched_at": "2025-07-11T16:39:33.599527+00:00", "symbol": "ADA-USD"}, {"trade_id": 143046035, "side": "sell", "size": "296.95690592", "price": "0.72980000", "time": "2025-07-11T16:39:21.971545Z", "fetched_at": "2025-07-11T16:39:33.599527+00:00", "symbol": "ADA-USD"}, {"trade_id": 143046034, "side": "sell", "size": "358.78961621", "price": "0.72980000", "time": "2025-07-11T16:39:21.960993Z", "fetched_at": "2025-07-11T16:39:33.599527+00:00", "symbol": "ADA-USD"}, {"trade_id": 143046033, "side": "sell", "size": "235.63487433", "price": "0.72980000", "time": "2025-07-11T16:39:21.950568Z", "fetched_at": "2025-07-11T16:39:33.599527+00:00", "symbol": "ADA-USD"}, {"trade_id": 143046032, "side": "sell", "size": "716.59210978", "price": "0.72980000", "time": "2025-07-11T16:39:21.915995Z", "fetched_at": "2025-07-11T16:39:33.599527+00:00", "symbol": "ADA-USD"}, {"trade_id": 143046031, "side": "sell", "size": "21.71579386", "price": "0.72980000", "time": "2025-07-11T16:39:21.915995Z", "fetched_at": "2025-07-11T16:39:33.599527+00:00", "symbol": "ADA-USD"}, {"trade_id": 143046030, "side": "sell", "size": "1.60000000", "price": "0.72980000", "time": "2025-07-11T16:39:21.915995Z", "fetched_at": "2025-07-11T16:39:33.599527+00:00", "symbol": "ADA-USD"}, {"trade_id": 143046029, "side": "sell", "size": "24.34371964", "price": "0.72970000", "time": "2025-07-11T16:39:21.407320Z", "fetched_at": "2025-07-11T16:39:33.599527+00:00", "symbol": "ADA-USD"}, {"trade_id": 143046028, "side": "sell", "size": "7.66703206", "price": "0.72980000", "time": "2025-07-11T16:39:21.075060Z", "fetched_at": "2025-07-11T16:39:33.599527+00:00", "symbol": "ADA-USD"}, {"trade_id": 143046027, "side": "sell", "size": "47.37449625", "price": "0.72980000", "time": "2025-07-11T16:39:21.072236Z", "fetched_at": "2025-07-11T16:39:33.599527+00:00", "symbol": "ADA-USD"}, {"trade_id": 143046026, "side": "sell", "size": "27.62550375", "price": "0.72970000", "time": "2025-07-11T16:39:21.072236Z", "fetched_at": "2025-07-11T16:39:33.599527+00:00", "symbol": "ADA-USD"}, {"trade_id": 143046025, "side": "buy", "size": "33.17212581", "price": "0.72970000", "time": "2025-07-11T16:39:19.885412Z", "fetched_at": "2025-07-11T16:39:33.599527+00:00", "symbol": "ADA-USD"}, {"trade_id": 143046024, "side": "sell", "size": "1.60000000", "price": "0.72980000", "time": "2025-07-11T16:39:19.266140Z", "fetched_at": "2025-07-11T16:39:33.599527+00:00", "symbol": "ADA-USD"}, {"trade_id": 143046023, "side": "sell", "size": "33.24980200", "price": "0.72980000", "time": "2025-07-11T16:39:18.783311Z", "fetched_at": "2025-07-11T16:39:33.599527+00:00", "symbol": "ADA-USD"}, {"trade_id": 143046022, "side": "buy", "size": "289.73943082", "price": "0.72950000", "time": "2025-07-11T16:39:17.970920Z", "fetched_at": "2025-07-11T16:39:33.599527+00:00", "symbol": "ADA-USD"}, {"trade_id": 143046021, "side": "buy", "size": "1.60000000", "price": "0.72950000", "time": "2025-07-11T16:39:17.970920Z", "fetched_at": "2025-07-11T16:39:33.599527+00:00", "symbol": "ADA-USD"}, {"trade_id": 143046020, "side": "sell", "size": "192.00824000", "price": "0.72960000", "time": "2025-07-11T16:39:17.905456Z", "fetched_at": "2025-07-11T16:39:33.599527+00:00", "symbol": "ADA-USD"}, {"trade_id": 143046019, "side": "buy", "size": "35.11914739", "price": "0.72970000", "time": "2025-07-11T16:39:17.898234Z", "fetched_at": "2025-07-11T16:39:33.599527+00:00", "symbol": "ADA-USD"}, {"trade_id": 143046018, "side": "buy", "size": "1.60000000", "price": "0.72970000", "time": "2025-07-11T16:39:17.898234Z", "fetched_at": "2025-07-11T16:39:33.599527+00:00", "symbol": "ADA-USD"}, {"trade_id": 143046017, "side": "buy", "size": "35.11433522", "price": "0.72980000", "time": "2025-07-11T16:39:17.382893Z", "fetched_at": "2025-07-11T16:39:33.599527+00:00", "symbol": "ADA-USD"}, {"trade_id": 143046016, "side": "buy", "size": "33.45026878", "price": "0.72990000", "time": "2025-07-11T16:39:17.290340Z", "fetched_at": "2025-07-11T16:39:33.599527+00:00", "symbol": "ADA-USD"}, {"trade_id": 143046015, "side": "sell", "size": "17.32513552", "price": "0.72990000", "time": "2025-07-11T16:39:16.413117Z", "fetched_at": "2025-07-11T16:39:33.599527+00:00", "symbol": "ADA-USD"}, {"trade_id": 143046014, "side": "sell", "size": "17.11755240", "price": "0.72990000", "time": "2025-07-11T16:39:16.401966Z", "fetched_at": "2025-07-11T16:39:33.599527+00:00", "symbol": "ADA-USD"}, {"trade_id": 143046013, "side": "sell", "size": "1019.99113385", "price": "0.72990000", "time": "2025-07-11T16:39:16.205638Z", "fetched_at": "2025-07-11T16:39:33.599527+00:00", "symbol": "ADA-USD"}, {"trade_id": 143046012, "side": "sell", "size": "520.90106970", "price": "0.72990000", "time": "2025-07-11T16:39:16.205638Z", "fetched_at": "2025-07-11T16:39:33.599527+00:00", "symbol": "ADA-USD"}, {"trade_id": 143046011, "side": "sell", "size": "1.60000000", "price": "0.72990000", "time": "2025-07-11T16:39:16.205638Z", "fetched_at": "2025-07-11T16:39:33.599527+00:00", "symbol": "ADA-USD"}, {"trade_id": 143046010, "side": "sell", "size": "18.82041741", "price": "0.72980000", "time": "2025-07-11T16:39:16.205638Z", "fetched_at": "2025-07-11T16:39:33.599527+00:00", "symbol": "ADA-USD"}, {"trade_id": 143046009, "side": "sell", "size": "99.75882800", "price": "0.72980000", "time": "2025-07-11T16:39:15.825841Z", "fetched_at": "2025-07-11T16:39:33.599527+00:00", "symbol": "ADA-USD"}, {"trade_id": 143046008, "side": "sell", "size": "30.07647712", "price": "0.72980000", "time": "2025-07-11T16:39:12.036091Z", "fetched_at": "2025-07-11T16:39:33.599527+00:00", "symbol": "ADA-USD"}, {"trade_id": 143046007, "side": "sell", "size": "30.07647712", "price": "0.72980000", "time": "2025-07-11T16:39:12.011283Z", "fetched_at": "2025-07-11T16:39:33.599527+00:00", "symbol": "ADA-USD"}, {"trade_id": 143046006, "side": "sell", "size": "30.07647712", "price": "0.72980000", "time": "2025-07-11T16:39:11.984951Z", "fetched_at": "2025-07-11T16:39:33.599527+00:00", "symbol": "ADA-USD"}, {"trade_id": 143046005, "side": "sell", "size": "30.07647712", "price": "0.72980000", "time": "2025-07-11T16:39:11.962568Z", "fetched_at": "2025-07-11T16:39:33.599527+00:00", "symbol": "ADA-USD"}, {"trade_id": 143046004, "side": "sell", "size": "35.12570220", "price": "0.72980000", "time": "2025-07-11T16:39:11.716615Z", "fetched_at": "2025-07-11T16:39:33.599527+00:00", "symbol": "ADA-USD"}, {"trade_id": 143046003, "side": "sell", "size": "35.13786598", "price": "0.72980000", "time": "2025-07-11T16:39:11.656546Z", "fetched_at": "2025-07-11T16:39:33.599527+00:00", "symbol": "ADA-USD"}, {"trade_id": 143046002, "side": "sell", "size": "1.60000000", "price": "0.72980000", "time": "2025-07-11T16:39:11.656546Z", "fetched_at": "2025-07-11T16:39:33.599527+00:00", "symbol": "ADA-USD"}, {"trade_id": 143046001, "side": "sell", "size": "35.14010137", "price": "0.72970000", "time": "2025-07-11T16:39:11.531516Z", "fetched_at": "2025-07-11T16:39:33.599527+00:00", "symbol": "ADA-USD"}, {"trade_id": 143046000, "side": "sell", "size": "675.92532200", "price": "0.72960000", "time": "2025-07-11T16:39:10.464520Z", "fetched_at": "2025-07-11T16:39:33.599527+00:00", "symbol": "ADA-USD"}, {"trade_id": 143045999, "side": "sell", "size": "1.60000000", "price": "0.72960000", "time": "2025-07-11T16:39:10.464520Z", "fetched_at": "2025-07-11T16:39:33.599527+00:00", "symbol": "ADA-USD"}, {"trade_id": 143045998, "side": "sell", "size": "22.22179439", "price": "0.72950000", "time": "2025-07-11T16:39:10.277425Z", "fetched_at": "2025-07-11T16:39:33.599527+00:00", "symbol": "ADA-USD"}, {"trade_id": 143045997, "side": "sell", "size": "22.22179439", "price": "0.72950000", "time": "2025-07-11T16:39:10.232892Z", "fetched_at": "2025-07-11T16:39:33.599527+00:00", "symbol": "ADA-USD"}, {"trade_id": 143045996, "side": "sell", "size": "62.88232702", "price": "0.72950000", "time": "2025-07-11T16:39:10.222013Z", "fetched_at": "2025-07-11T16:39:33.599527+00:00", "symbol": "ADA-USD"}, {"trade_id": 143045995, "side": "sell", "size": "1.60000000", "price": "0.72950000", "time": "2025-07-11T16:39:10.222013Z", "fetched_at": "2025-07-11T16:39:33.599527+00:00", "symbol": "ADA-USD"}, {"trade_id": 143045994, "side": "sell", "size": "71.59655331", "price": "0.72950000", "time": "2025-07-11T16:39:10.222013Z", "fetched_at": "2025-07-11T16:39:33.599527+00:00", "symbol": "ADA-USD"}, {"trade_id": 143045993, "side": "sell", "size": "629.02073731", "price": "0.72950000", "time": "2025-07-11T16:39:10.207522Z", "fetched_at": "2025-07-11T16:39:33.599527+00:00", "symbol": "ADA-USD"}, {"trade_id": 143045992, "side": "sell", "size": "520.90106970", "price": "0.72950000", "time": "2025-07-11T16:39:10.207522Z", "fetched_at": "2025-07-11T16:39:33.599527+00:00", "symbol": "ADA-USD"}, {"trade_id": 143045991, "side": "sell", "size": "25.40319667", "price": "0.72940000", "time": "2025-07-11T16:39:10.192353Z", "fetched_at": "2025-07-11T16:39:33.599527+00:00", "symbol": "ADA-USD"}, {"trade_id": 143045990, "side": "sell", "size": "123.46880000", "price": "0.72930000", "time": "2025-07-11T16:39:09.518539Z", "fetched_at": "2025-07-11T16:39:33.599527+00:00", "symbol": "ADA-USD"}, {"trade_id": 143045989, "side": "sell", "size": "128.00550000", "price": "0.72930000", "time": "2025-07-11T16:39:09.518539Z", "fetched_at": "2025-07-11T16:39:33.599527+00:00", "symbol": "ADA-USD"}, {"trade_id": 143045988, "side": "sell", "size": "134.47778000", "price": "0.72930000", "time": "2025-07-11T16:39:09.518539Z", "fetched_at": "2025-07-11T16:39:33.599527+00:00", "symbol": "ADA-USD"}, {"trade_id": 143045987, "side": "sell", "size": "35.13788075", "price": "0.72930000", "time": "2025-07-11T16:39:09.507808Z", "fetched_at": "2025-07-11T16:39:33.599527+00:00", "symbol": "ADA-USD"}, {"trade_id": 143045986, "side": "sell", "size": "9.09239000", "price": "0.72930000", "time": "2025-07-11T16:39:09.110018Z", "fetched_at": "2025-07-11T16:39:33.599527+00:00", "symbol": "ADA-USD"}, {"trade_id": 143045985, "side": "buy", "size": "35.13840922", "price": "0.72930000", "time": "2025-07-11T16:39:08.833893Z", "fetched_at": "2025-07-11T16:39:33.599527+00:00", "symbol": "ADA-USD"}, {"trade_id": 143045984, "side": "sell", "size": "3033.73268418", "price": "0.72920000", "time": "2025-07-11T16:39:08.280802Z", "fetched_at": "2025-07-11T16:39:33.599527+00:00", "symbol": "ADA-USD"}, {"trade_id": 143045983, "side": "sell", "size": "395.09580856", "price": "0.72920000", "time": "2025-07-11T16:39:08.274217Z", "fetched_at": "2025-07-11T16:39:33.599527+00:00", "symbol": "ADA-USD"}, {"trade_id": 143045982, "side": "sell", "size": "15.09910557", "price": "0.72920000", "time": "2025-07-11T16:39:08.274217Z", "fetched_at": "2025-07-11T16:39:33.599527+00:00", "symbol": "ADA-USD"}, {"trade_id": 143045981, "side": "sell", "size": "20.05064518", "price": "0.72920000", "time": "2025-07-11T16:39:08.259032Z", "fetched_at": "2025-07-11T16:39:33.599527+00:00", "symbol": "ADA-USD"}, {"trade_id": 143045980, "side": "sell", "size": "454.99552806", "price": "0.72920000", "time": "2025-07-11T16:39:08.243616Z", "fetched_at": "2025-07-11T16:39:33.599527+00:00", "symbol": "ADA-USD"}, {"trade_id": 143045979, "side": "sell", "size": "520.90106970", "price": "0.72920000", "time": "2025-07-11T16:39:08.243616Z", "fetched_at": "2025-07-11T16:39:33.599527+00:00", "symbol": "ADA-USD"}, {"trade_id": 143045978, "side": "sell", "size": "35.13560388", "price": "0.72910000", "time": "2025-07-11T16:39:07.916429Z", "fetched_at": "2025-07-11T16:39:33.599527+00:00", "symbol": "ADA-USD"}, {"trade_id": 143045977, "side": "sell", "size": "128.00550000", "price": "0.72910000", "time": "2025-07-11T16:39:07.902832Z", "fetched_at": "2025-07-11T16:39:33.599527+00:00", "symbol": "ADA-USD"}, {"trade_id": 143045976, "side": "sell", "size": "35.13560388", "price": "0.72910000", "time": "2025-07-11T16:39:07.890876Z", "fetched_at": "2025-07-11T16:39:33.599527+00:00", "symbol": "ADA-USD"}, {"trade_id": 143045975, "side": "buy", "size": "264.79173549", "price": "0.72890000", "time": "2025-07-11T16:39:06.182895Z", "fetched_at": "2025-07-11T16:39:33.599527+00:00", "symbol": "ADA-USD"}, {"trade_id": 143045974, "side": "buy", "size": "97.72511751", "price": "0.72890000", "time": "2025-07-11T16:39:06.182895Z", "fetched_at": "2025-07-11T16:39:33.599527+00:00", "symbol": "ADA-USD"}, {"trade_id": 143045973, "side": "buy", "size": "129.33677405", "price": "0.72890000", "time": "2025-07-11T16:39:05.974278Z", "fetched_at": "2025-07-11T16:39:33.599527+00:00", "symbol": "ADA-USD"}, {"trade_id": 143045972, "side": "buy", "size": "1.60000000", "price": "0.72890000", "time": "2025-07-11T16:39:05.974278Z", "fetched_at": "2025-07-11T16:39:33.599527+00:00", "symbol": "ADA-USD"}, {"trade_id": 143045971, "side": "buy", "size": "35.15286947", "price": "0.72900000", "time": "2025-07-11T16:39:05.974278Z", "fetched_at": "2025-07-11T16:39:33.599527+00:00", "symbol": "ADA-USD"}, {"trade_id": 143045970, "side": "buy", "size": "1.60000000", "price": "0.72900000", "time": "2025-07-11T16:39:05.974278Z", "fetched_at": "2025-07-11T16:39:33.599527+00:00", "symbol": "ADA-USD"}, {"trade_id": 143045969, "side": "buy", "size": "35.14322799", "price": "0.72920000", "time": "2025-07-11T16:39:05.147653Z", "fetched_at": "2025-07-11T16:39:33.599527+00:00", "symbol": "ADA-USD"}, {"trade_id": 143045968, "side": "buy", "size": "814.50000000", "price": "0.72920000", "time": "2025-07-11T16:39:05.147653Z", "fetched_at": "2025-07-11T16:39:33.599527+00:00", "symbol": "ADA-USD"}, {"trade_id": 143045967, "side": "buy", "size": "6.77454744", "price": "0.72920000", "time": "2025-07-11T16:39:05.147653Z", "fetched_at": "2025-07-11T16:39:33.599527+00:00", "symbol": "ADA-USD"}, {"trade_id": 143045966, "side": "buy", "size": "1.60000000", "price": "0.72920000", "time": "2025-07-11T16:39:05.147653Z", "fetched_at": "2025-07-11T16:39:33.599527+00:00", "symbol": "ADA-USD"}, {"trade_id": 143045965, "side": "buy", "size": "35.13840922", "price": "0.72930000", "time": "2025-07-11T16:39:04.541488Z", "fetched_at": "2025-07-11T16:39:33.599527+00:00", "symbol": "ADA-USD"}, {"trade_id": 143045964, "side": "buy", "size": "1.60000000", "price": "0.72930000", "time": "2025-07-11T16:39:04.541488Z", "fetched_at": "2025-07-11T16:39:33.599527+00:00", "symbol": "ADA-USD"}, {"trade_id": 143045963, "side": "buy", "size": "35.13359178", "price": "0.72940000", "time": "2025-07-11T16:39:04.262719Z", "fetched_at": "2025-07-11T16:39:33.599527+00:00", "symbol": "ADA-USD"}, {"trade_id": 143045962, "side": "sell", "size": "324.35854939", "price": "0.72940000", "time": "2025-07-11T16:39:03.245059Z", "fetched_at": "2025-07-11T16:39:33.599527+00:00", "symbol": "ADA-USD"}, {"trade_id": 143045961, "side": "sell", "size": "1617.00793725", "price": "0.72940000", "time": "2025-07-11T16:39:03.233528Z", "fetched_at": "2025-07-11T16:39:33.599527+00:00", "symbol": "ADA-USD"}, {"trade_id": 143045960, "side": "sell", "size": "282.19809635", "price": "0.72940000", "time": "2025-07-11T16:39:03.232913Z", "fetched_at": "2025-07-11T16:39:33.599527+00:00", "symbol": "ADA-USD"}, {"trade_id": 143045959, "side": "sell", "size": "128.70315341", "price": "0.72940000", "time": "2025-07-11T16:39:03.221685Z", "fetched_at": "2025-07-11T16:39:33.599527+00:00", "symbol": "ADA-USD"}, {"trade_id": 143045958, "side": "sell", "size": "126.57788765", "price": "0.72940000", "time": "2025-07-11T16:39:03.203138Z", "fetched_at": "2025-07-11T16:39:33.599527+00:00", "symbol": "ADA-USD"}, {"trade_id": 143045957, "side": "sell", "size": "208.59785463", "price": "0.72940000", "time": "2025-07-11T16:39:03.184701Z", "fetched_at": "2025-07-11T16:39:33.599527+00:00", "symbol": "ADA-USD"}, {"trade_id": 143045956, "side": "sell", "size": "740.46822380", "price": "0.72940000", "time": "2025-07-11T16:39:03.174636Z", "fetched_at": "2025-07-11T16:39:33.599527+00:00", "symbol": "ADA-USD"}, {"trade_id": 143045955, "side": "buy", "size": "0.00007566", "price": "0.72950000", "time": "2025-07-11T16:39:02.056994Z", "fetched_at": "2025-07-11T16:39:33.599527+00:00", "symbol": "ADA-USD"}, {"trade_id": 143045954, "side": "buy", "size": "35.12870000", "price": "0.72950000", "time": "2025-07-11T16:39:02.056220Z", "fetched_at": "2025-07-11T16:39:33.599527+00:00", "symbol": "ADA-USD"}, {"trade_id": 143045953, "side": "buy", "size": "35.13359178", "price": "0.72940000", "time": "2025-07-11T16:39:01.778912Z", "fetched_at": "2025-07-11T16:39:33.599527+00:00", "symbol": "ADA-USD"}, {"trade_id": 143045952, "side": "buy", "size": "1785.25235311", "price": "0.72940000", "time": "2025-07-11T16:39:01.431976Z", "fetched_at": "2025-07-11T16:39:33.599527+00:00", "symbol": "ADA-USD"}, {"trade_id": 143045951, "side": "buy", "size": "35.13359178", "price": "0.72940000", "time": "2025-07-11T16:39:01.431976Z", "fetched_at": "2025-07-11T16:39:33.599527+00:00", "symbol": "ADA-USD"}, {"trade_id": 143045950, "side": "buy", "size": "1.60000000", "price": "0.72940000", "time": "2025-07-11T16:39:01.431976Z", "fetched_at": "2025-07-11T16:39:33.599527+00:00", "symbol": "ADA-USD"}, {"trade_id": 143045949, "side": "sell", "size": "201.71668000", "price": "0.72950000", "time": "2025-07-11T16:39:01.269965Z", "fetched_at": "2025-07-11T16:39:33.599527+00:00", "symbol": "ADA-USD"}, {"trade_id": 143045948, "side": "buy", "size": "814.00000000", "price": "0.72950000", "time": "2025-07-11T16:39:01.263996Z", "fetched_at": "2025-07-11T16:39:33.599527+00:00", "symbol": "ADA-USD"}, {"trade_id": 143045947, "side": "buy", "size": "672.01726973", "price": "0.72950000", "time": "2025-07-11T16:39:01.263996Z", "fetched_at": "2025-07-11T16:39:33.599527+00:00", "symbol": "ADA-USD"}, {"trade_id": 143045946, "side": "buy", "size": "1.60000000", "price": "0.72950000", "time": "2025-07-11T16:39:01.263996Z", "fetched_at": "2025-07-11T16:39:33.599527+00:00", "symbol": "ADA-USD"}, {"trade_id": 143045945, "side": "buy", "size": "35.12396086", "price": "0.72960000", "time": "2025-07-11T16:39:01.263996Z", "fetched_at": "2025-07-11T16:39:33.599527+00:00", "symbol": "ADA-USD"}, {"trade_id": 143045944, "side": "buy", "size": "1.60000000", "price": "0.72960000", "time": "2025-07-11T16:39:01.263996Z", "fetched_at": "2025-07-11T16:39:33.599527+00:00", "symbol": "ADA-USD"}, {"trade_id": 143045943, "side": "buy", "size": "18.19160543", "price": "0.72970000", "time": "2025-07-11T16:39:00.890115Z", "fetched_at": "2025-07-11T16:39:33.599527+00:00", "symbol": "ADA-USD"}, {"trade_id": 143045942, "side": "sell", "size": "226.47676794", "price": "0.72980000", "time": "2025-07-11T16:39:00.752688Z", "fetched_at": "2025-07-11T16:39:33.599527+00:00", "symbol": "ADA-USD"}, {"trade_id": 143045941, "side": "sell", "size": "50.00000000", "price": "0.72980000", "time": "2025-07-11T16:39:00.752688Z", "fetched_at": "2025-07-11T16:39:33.599527+00:00", "symbol": "ADA-USD"}, {"trade_id": 143045940, "side": "sell", "size": "185.20320000", "price": "0.72980000", "time": "2025-07-11T16:39:00.752688Z", "fetched_at": "2025-07-11T16:39:33.599527+00:00", "symbol": "ADA-USD"}, {"trade_id": 143045939, "side": "sell", "size": "192.00824000", "price": "0.72980000", "time": "2025-07-11T16:39:00.752688Z", "fetched_at": "2025-07-11T16:39:33.599527+00:00", "symbol": "ADA-USD"}, {"trade_id": 143045938, "side": "sell", "size": "192.00824000", "price": "0.72970000", "time": "2025-07-11T16:39:00.741615Z", "fetched_at": "2025-07-11T16:39:33.599527+00:00", "symbol": "ADA-USD"}, {"trade_id": 143045937, "side": "sell", "size": "185.20320000", "price": "0.72970000", "time": "2025-07-11T16:39:00.741615Z", "fetched_at": "2025-07-11T16:39:33.599527+00:00", "symbol": "ADA-USD"}, {"trade_id": 143045936, "side": "sell", "size": "201.71668000", "price": "0.72980000", "time": "2025-07-11T16:39:00.731896Z", "fetched_at": "2025-07-11T16:39:33.599527+00:00", "symbol": "ADA-USD"}, {"trade_id": 143045935, "side": "buy", "size": "823.27679288", "price": "0.72970000", "time": "2025-07-11T16:39:00.731398Z", "fetched_at": "2025-07-11T16:39:33.599527+00:00", "symbol": "ADA-USD"}, {"trade_id": 143045934, "side": "buy", "size": "374.40096900", "price": "0.72980000", "time": "2025-07-11T16:39:00.726002Z", "fetched_at": "2025-07-11T16:39:33.599527+00:00", "symbol": "ADA-USD"}, {"trade_id": 143045933, "side": "buy", "size": "1.60000000", "price": "0.72980000", "time": "2025-07-11T16:39:00.726002Z", "fetched_at": "2025-07-11T16:39:33.599527+00:00", "symbol": "ADA-USD"}, {"trade_id": 143045932, "side": "buy", "size": "391.09117830", "price": "0.72980000", "time": "2025-07-11T16:39:00.726002Z", "fetched_at": "2025-07-11T16:39:33.599527+00:00", "symbol": "ADA-USD"}, {"trade_id": 143045931, "side": "buy", "size": "520.90106970", "price": "0.72980000", "time": "2025-07-11T16:39:00.726002Z", "fetched_at": "2025-07-11T16:39:33.599527+00:00", "symbol": "ADA-USD"}, {"trade_id": 143045930, "side": "buy", "size": "18.18662075", "price": "0.72990000", "time": "2025-07-11T16:39:00.726002Z", "fetched_at": "2025-07-11T16:39:33.599527+00:00", "symbol": "ADA-USD"}, {"trade_id": 143045929, "side": "buy", "size": "1.60000000", "price": "0.72990000", "time": "2025-07-11T16:39:00.726002Z", "fetched_at": "2025-07-11T16:39:33.599527+00:00", "symbol": "ADA-USD"}, {"trade_id": 143045928, "side": "buy", "size": "0.00002943", "price": "0.73000000", "time": "2025-07-11T16:39:00.705800Z", "fetched_at": "2025-07-11T16:39:33.599527+00:00", "symbol": "ADA-USD"}, {"trade_id": 143045927, "side": "buy", "size": "18.18410000", "price": "0.73000000", "time": "2025-07-11T16:39:00.705374Z", "fetched_at": "2025-07-11T16:39:33.599527+00:00", "symbol": "ADA-USD"}, {"trade_id": 143045926, "side": "buy", "size": "1.60000000", "price": "0.73000000", "time": "2025-07-11T16:39:00.705374Z", "fetched_at": "2025-07-11T16:39:33.599527+00:00", "symbol": "ADA-USD"}, {"trade_id": 143045925, "side": "sell", "size": "201.71668000", "price": "0.73010000", "time": "2025-07-11T16:39:00.392195Z", "fetched_at": "2025-07-11T16:39:33.599527+00:00", "symbol": "ADA-USD"}, {"trade_id": 143045924, "side": "buy", "size": "1.60000000", "price": "0.73010000", "time": "2025-07-11T16:39:00.385704Z", "fetched_at": "2025-07-11T16:39:33.599527+00:00", "symbol": "ADA-USD"}, {"trade_id": 143045923, "side": "buy", "size": "982.94559513", "price": "0.73010000", "time": "2025-07-11T16:39:00.385704Z", "fetched_at": "2025-07-11T16:39:33.599527+00:00", "symbol": "ADA-USD"}, {"trade_id": 143045922, "side": "buy", "size": "520.90106970", "price": "0.73010000", "time": "2025-07-11T16:39:00.385704Z", "fetched_at": "2025-07-11T16:39:33.599527+00:00", "symbol": "ADA-USD"}, {"trade_id": 143045921, "side": "buy", "size": "694.68260541", "price": "0.73020000", "time": "2025-07-11T16:39:00.383287Z", "fetched_at": "2025-07-11T16:39:33.599527+00:00", "symbol": "ADA-USD"}, {"trade_id": 143045920, "side": "buy", "size": "23.13466237", "price": "0.73020000", "time": "2025-07-11T16:39:00.383287Z", "fetched_at": "2025-07-11T16:39:33.599527+00:00", "symbol": "ADA-USD"}, {"trade_id": 143045919, "side": "sell", "size": "201.71668000", "price": "0.73030000", "time": "2025-07-11T16:39:00.256242Z", "fetched_at": "2025-07-11T16:39:33.599527+00:00", "symbol": "ADA-USD"}, {"trade_id": 143045918, "side": "buy", "size": "684.62447034", "price": "0.73030000", "time": "2025-07-11T16:39:00.250954Z", "fetched_at": "2025-07-11T16:39:33.599527+00:00", "symbol": "ADA-USD"}, {"trade_id": 143045917, "side": "buy", "size": "3140.57726142", "price": "0.73030000", "time": "2025-07-11T16:39:00.250954Z", "fetched_at": "2025-07-11T16:39:33.599527+00:00", "symbol": "ADA-USD"}, {"trade_id": 143045916, "side": "buy", "size": "562.58190859", "price": "0.73030000", "time": "2025-07-11T16:39:00.250954Z", "fetched_at": "2025-07-11T16:39:33.599527+00:00", "symbol": "ADA-USD"}, {"trade_id": 143045915, "side": "buy", "size": "520.90106970", "price": "0.73030000", "time": "2025-07-11T16:39:00.250954Z", "fetched_at": "2025-07-11T16:39:33.599527+00:00", "symbol": "ADA-USD"}, {"trade_id": 143045914, "side": "buy", "size": "391.50000000", "price": "0.73030000", "time": "2025-07-11T16:39:00.250954Z", "fetched_at": "2025-07-11T16:39:33.599527+00:00", "symbol": "ADA-USD"}, {"trade_id": 143045913, "side": "buy", "size": "421.72183591", "price": "0.73040000", "time": "2025-07-11T16:39:00.249551Z", "fetched_at": "2025-07-11T16:39:33.599527+00:00", "symbol": "ADA-USD"}, {"trade_id": 143045912, "side": "buy", "size": "383.50821707", "price": "0.73040000", "time": "2025-07-11T16:39:00.249551Z", "fetched_at": "2025-07-11T16:39:33.599527+00:00", "symbol": "ADA-USD"}, {"trade_id": 143045911, "side": "buy", "size": "23.12516147", "price": "0.73050000", "time": "2025-07-11T16:39:00.249551Z", "fetched_at": "2025-07-11T16:39:33.599527+00:00", "symbol": "ADA-USD"}, {"trade_id": 143045910, "side": "buy", "size": "2.60095800", "price": "0.73050000", "time": "2025-07-11T16:38:59.521473Z", "fetched_at": "2025-07-11T16:39:33.599527+00:00", "symbol": "ADA-USD"}, {"trade_id": 143045909, "side": "buy", "size": "146.83949297", "price": "0.73050000", "time": "2025-07-11T16:38:58.793146Z", "fetched_at": "2025-07-11T16:39:33.599527+00:00", "symbol": "ADA-USD"}, {"trade_id": 143045908, "side": "buy", "size": "20.56732099", "price": "0.73050000", "time": "2025-07-11T16:38:58.793146Z", "fetched_at": "2025-07-11T16:39:33.599527+00:00", "symbol": "ADA-USD"}, {"trade_id": 143045907, "side": "buy", "size": "137.39285263", "price": "0.73040000", "time": "2025-07-11T16:38:58.293954Z", "fetched_at": "2025-07-11T16:39:33.599527+00:00", "symbol": "ADA-USD"}, {"trade_id": 143045906, "side": "buy", "size": "500.00000000", "price": "0.73040000", "time": "2025-07-11T16:38:58.293954Z", "fetched_at": "2025-07-11T16:39:33.599527+00:00", "symbol": "ADA-USD"}, {"trade_id": 143045905, "side": "buy", "size": "195.20864771", "price": "0.73040000", "time": "2025-07-11T16:38:58.293954Z", "fetched_at": "2025-07-11T16:39:33.599527+00:00", "symbol": "ADA-USD"}, {"trade_id": 143045904, "side": "buy", "size": "699.19841867", "price": "0.73050000", "time": "2025-07-11T16:38:58.293954Z", "fetched_at": "2025-07-11T16:39:33.599527+00:00", "symbol": "ADA-USD"}, {"trade_id": 143045903, "side": "buy", "size": "51.00306000", "price": "0.73050000", "time": "2025-07-11T16:38:58.293954Z", "fetched_at": "2025-07-11T16:39:33.599527+00:00", "symbol": "ADA-USD"}, {"trade_id": 143045902, "side": "buy", "size": "391.50000000", "price": "0.73050000", "time": "2025-07-11T16:38:58.293954Z", "fetched_at": "2025-07-11T16:39:33.599527+00:00", "symbol": "ADA-USD"}, {"trade_id": 143045901, "side": "buy", "size": "20.56732099", "price": "0.73050000", "time": "2025-07-11T16:38:58.293954Z", "fetched_at": "2025-07-11T16:39:33.599527+00:00", "symbol": "ADA-USD"}, {"trade_id": 143045900, "side": "buy", "size": "196.29135229", "price": "0.73040000", "time": "2025-07-11T16:38:57.924050Z", "fetched_at": "2025-07-11T16:39:33.599527+00:00", "symbol": "ADA-USD"}, {"trade_id": 143045899, "side": "buy", "size": "22.70864771", "price": "0.73050000", "time": "2025-07-11T16:38:57.924050Z", "fetched_at": "2025-07-11T16:39:33.599527+00:00", "symbol": "ADA-USD"}, {"trade_id": 143045898, "side": "sell", "size": "782.58452908", "price": "0.73060000", "time": "2025-07-11T16:38:57.027325Z", "fetched_at": "2025-07-11T16:39:33.599527+00:00", "symbol": "ADA-USD"}, {"trade_id": 143045897, "side": "sell", "size": "6.99966232", "price": "0.73060000", "time": "2025-07-11T16:38:57.027325Z", "fetched_at": "2025-07-11T16:39:33.599527+00:00", "symbol": "ADA-USD"}, {"trade_id": 143045896, "side": "sell", "size": "7.28223767", "price": "0.73060000", "time": "2025-07-11T16:38:56.146161Z", "fetched_at": "2025-07-11T16:39:33.599527+00:00", "symbol": "ADA-USD"}, {"trade_id": 143045895, "side": "sell", "size": "1.60000000", "price": "0.73060000", "time": "2025-07-11T16:38:56.146161Z", "fetched_at": "2025-07-11T16:39:33.599527+00:00", "symbol": "ADA-USD"}, {"trade_id": 143045894, "side": "sell", "size": "8.07904717", "price": "0.73050000", "time": "2025-07-11T16:38:54.694650Z", "fetched_at": "2025-07-11T16:39:33.599527+00:00", "symbol": "ADA-USD"}, {"trade_id": 143045893, "side": "sell", "size": "8.07904717", "price": "0.73050000", "time": "2025-07-11T16:38:54.683912Z", "fetched_at": "2025-07-11T16:39:33.599527+00:00", "symbol": "ADA-USD"}, {"trade_id": 143045892, "side": "sell", "size": "732.91887216", "price": "0.73050000", "time": "2025-07-11T16:38:54.549183Z", "fetched_at": "2025-07-11T16:39:33.599527+00:00", "symbol": "ADA-USD"}, {"trade_id": 143045891, "side": "sell", "size": "1.60000000", "price": "0.73050000", "time": "2025-07-11T16:38:54.549183Z", "fetched_at": "2025-07-11T16:39:33.599527+00:00", "symbol": "ADA-USD"}, {"trade_id": 143045890, "side": "sell", "size": "8.46660478", "price": "0.73040000", "time": "2025-07-11T16:38:54.280300Z", "fetched_at": "2025-07-11T16:39:33.599527+00:00", "symbol": "ADA-USD"}, {"trade_id": 143045889, "side": "sell", "size": "1.60000000", "price": "0.73040000", "time": "2025-07-11T16:38:54.280300Z", "fetched_at": "2025-07-11T16:39:33.599527+00:00", "symbol": "ADA-USD"}, {"trade_id": 143045888, "side": "buy", "size": "88.16657381", "price": "0.73010000", "time": "2025-07-11T16:38:51.675407Z", "fetched_at": "2025-07-11T16:39:33.599527+00:00", "symbol": "ADA-USD"}, {"trade_id": 143045887, "side": "buy", "size": "51.00306000", "price": "0.73020000", "time": "2025-07-11T16:38:51.675407Z", "fetched_at": "2025-07-11T16:39:33.599527+00:00", "symbol": "ADA-USD"}, {"trade_id": 143045886, "side": "buy", "size": "23.86502453", "price": "0.73020000", "time": "2025-07-11T16:38:51.675407Z", "fetched_at": "2025-07-11T16:39:33.599527+00:00", "symbol": "ADA-USD"}, {"trade_id": 143045885, "side": "sell", "size": "492.41089778", "price": "0.73040000", "time": "2025-07-11T16:38:51.511849Z", "fetched_at": "2025-07-11T16:39:33.599527+00:00", "symbol": "ADA-USD"}, {"trade_id": 143045884, "side": "sell", "size": "9.98910222", "price": "0.73030000", "time": "2025-07-11T16:38:51.511849Z", "fetched_at": "2025-07-11T16:39:33.599527+00:00", "symbol": "ADA-USD"}, {"trade_id": 143045883, "side": "sell", "size": "1.60000000", "price": "0.73030000", "time": "2025-07-11T16:38:51.511849Z", "fetched_at": "2025-07-11T16:39:33.599527+00:00", "symbol": "ADA-USD"}, {"trade_id": 143045882, "side": "buy", "size": "27.27128966", "price": "0.73020000", "time": "2025-07-11T16:38:51.502970Z", "fetched_at": "2025-07-11T16:39:33.599527+00:00", "symbol": "ADA-USD"}, {"trade_id": 143045881, "side": "sell", "size": "9.98910222", "price": "0.73020000", "time": "2025-07-11T16:38:51.480876Z", "fetched_at": "2025-07-11T16:39:33.599527+00:00", "symbol": "ADA-USD"}, {"trade_id": 143045880, "side": "sell", "size": "1.60000000", "price": "0.73020000", "time": "2025-07-11T16:38:51.480876Z", "fetched_at": "2025-07-11T16:39:33.599527+00:00", "symbol": "ADA-USD"}, {"trade_id": 143045879, "side": "sell", "size": "9.98824746", "price": "0.73010000", "time": "2025-07-11T16:38:51.450781Z", "fetched_at": "2025-07-11T16:39:33.599527+00:00", "symbol": "ADA-USD"}, {"trade_id": 143045878, "side": "sell", "size": "9.98824746", "price": "0.73010000", "time": "2025-07-11T16:38:51.426598Z", "fetched_at": "2025-07-11T16:39:33.599527+00:00", "symbol": "ADA-USD"}, {"trade_id": 143045877, "side": "sell", "size": "289.53047374", "price": "0.73010000", "time": "2025-07-11T16:38:51.426598Z", "fetched_at": "2025-07-11T16:39:33.599527+00:00", "symbol": "ADA-USD"}, {"trade_id": 143045876, "side": "sell", "size": "1174.50000000", "price": "0.73010000", "time": "2025-07-11T16:38:51.424394Z", "fetched_at": "2025-07-11T16:39:33.599527+00:00", "symbol": "ADA-USD"}, {"trade_id": 143045875, "side": "sell", "size": "58.70490000", "price": "0.73010000", "time": "2025-07-11T16:38:51.423321Z", "fetched_at": "2025-07-11T16:39:33.599527+00:00", "symbol": "ADA-USD"}, {"trade_id": 143045874, "side": "sell", "size": "28.76810000", "price": "0.73010000", "time": "2025-07-11T16:38:51.423132Z", "fetched_at": "2025-07-11T16:39:33.599527+00:00", "symbol": "ADA-USD"}, {"trade_id": 143045873, "side": "sell", "size": "61.30870000", "price": "0.73010000", "time": "2025-07-11T16:38:51.422973Z", "fetched_at": "2025-07-11T16:39:33.599527+00:00", "symbol": "ADA-USD"}, {"trade_id": 143045872, "side": "sell", "size": "14.33400000", "price": "0.73010000", "time": "2025-07-11T16:38:51.422911Z", "fetched_at": "2025-07-11T16:39:33.599527+00:00", "symbol": "ADA-USD"}, {"trade_id": 143045871, "side": "sell", "size": "182.14710000", "price": "0.73010000", "time": "2025-07-11T16:38:51.421554Z", "fetched_at": "2025-07-11T16:39:33.599527+00:00", "symbol": "ADA-USD"}, {"trade_id": 143045870, "side": "sell", "size": "440.89710000", "price": "0.73010000", "time": "2025-07-11T16:38:51.420151Z", "fetched_at": "2025-07-11T16:39:33.599527+00:00", "symbol": "ADA-USD"}, {"trade_id": 143045869, "side": "sell", "size": "1174.50000000", "price": "0.73010000", "time": "2025-07-11T16:38:51.419816Z", "fetched_at": "2025-07-11T16:39:33.599527+00:00", "symbol": "ADA-USD"}, {"trade_id": 143045868, "side": "buy", "size": "563.68311994", "price": "0.72990000", "time": "2025-07-11T16:38:50.315540Z", "fetched_at": "2025-07-11T16:39:33.599527+00:00", "symbol": "ADA-USD"}, {"trade_id": 143045867, "side": "buy", "size": "925.99117830", "price": "0.72990000", "time": "2025-07-11T16:38:50.315540Z", "fetched_at": "2025-07-11T16:39:33.599527+00:00", "symbol": "ADA-USD"}, {"trade_id": 143045866, "side": "buy", "size": "520.90106970", "price": "0.72990000", "time": "2025-07-11T16:38:50.315540Z", "fetched_at": "2025-07-11T16:39:33.599527+00:00", "symbol": "ADA-USD"}, {"trade_id": 143045865, "side": "buy", "size": "391.50000000", "price": "0.72990000", "time": "2025-07-11T16:38:50.315540Z", "fetched_at": "2025-07-11T16:39:33.599527+00:00", "symbol": "ADA-USD"}, {"trade_id": 143045864, "side": "buy", "size": "1159.57539086", "price": "0.73000000", "time": "2025-07-11T16:38:50.315540Z", "fetched_at": "2025-07-11T16:39:33.599527+00:00", "symbol": "ADA-USD"}, {"trade_id": 143045863, "side": "buy", "size": "391.50000000", "price": "0.73000000", "time": "2025-07-11T16:38:50.315540Z", "fetched_at": "2025-07-11T16:39:33.599527+00:00", "symbol": "ADA-USD"}, {"trade_id": 143045862, "side": "buy", "size": "354.05460071", "price": "0.73000000", "time": "2025-07-11T16:38:50.315540Z", "fetched_at": "2025-07-11T16:39:33.599527+00:00", "symbol": "ADA-USD"}, {"trade_id": 143045861, "side": "buy", "size": "51.00306000", "price": "0.73010000", "time": "2025-07-11T16:38:50.315540Z", "fetched_at": "2025-07-11T16:39:33.599527+00:00", "symbol": "ADA-USD"}, {"trade_id": 143045860, "side": "buy", "size": "391.50000000", "price": "0.73010000", "time": "2025-07-11T16:38:50.315540Z", "fetched_at": "2025-07-11T16:39:33.599527+00:00", "symbol": "ADA-USD"}, {"trade_id": 143045859, "side": "buy", "size": "3.43516420", "price": "0.73010000", "time": "2025-07-11T16:38:50.315540Z", "fetched_at": "2025-07-11T16:39:33.599527+00:00", "symbol": "ADA-USD"}, {"trade_id": 143045858, "side": "buy", "size": "166.84646899", "price": "0.73000000", "time": "2025-07-11T16:38:49.658921Z", "fetched_at": "2025-07-11T16:39:33.599527+00:00", "symbol": "ADA-USD"}, {"trade_id": 143045857, "side": "buy", "size": "560.87854459", "price": "0.73000000", "time": "2025-07-11T16:38:49.658921Z", "fetched_at": "2025-07-11T16:39:33.599527+00:00", "symbol": "ADA-USD"}, {"trade_id": 143045856, "side": "buy", "size": "391.50000000", "price": "0.73000000", "time": "2025-07-11T16:38:49.658921Z", "fetched_at": "2025-07-11T16:39:33.599527+00:00", "symbol": "ADA-USD"}, {"trade_id": 143045855, "side": "buy", "size": "391.50000000", "price": "0.73010000", "time": "2025-07-11T16:38:49.658921Z", "fetched_at": "2025-07-11T16:39:33.599527+00:00", "symbol": "ADA-USD"}, {"trade_id": 143045854, "side": "buy", "size": "2.32849904", "price": "0.73010000", "time": "2025-07-11T16:38:49.658921Z", "fetched_at": "2025-07-11T16:39:33.599527+00:00", "symbol": "ADA-USD"}, {"trade_id": 143045853, "side": "sell", "size": "10.94564318", "price": "0.73010000", "time": "2025-07-11T16:38:48.353480Z", "fetched_at": "2025-07-11T16:39:33.599527+00:00", "symbol": "ADA-USD"}, {"trade_id": 143045852, "side": "sell", "size": "1.60000000", "price": "0.73010000", "time": "2025-07-11T16:38:48.353480Z", "fetched_at": "2025-07-11T16:39:33.599527+00:00", "symbol": "ADA-USD"}, {"trade_id": 143045851, "side": "sell", "size": "13.53880715", "price": "0.73000000", "time": "2025-07-11T16:38:48.211669Z", "fetched_at": "2025-07-11T16:39:33.599527+00:00", "symbol": "ADA-USD"}, {"trade_id": 143045850, "side": "sell", "size": "13.53880715", "price": "0.73000000", "time": "2025-07-11T16:38:48.183984Z", "fetched_at": "2025-07-11T16:39:33.599527+00:00", "symbol": "ADA-USD"}, {"trade_id": 143045849, "side": "sell", "size": "13.53880715", "price": "0.73000000", "time": "2025-07-11T16:38:48.119537Z", "fetched_at": "2025-07-11T16:39:33.599527+00:00", "symbol": "ADA-USD"}, {"trade_id": 143045848, "side": "sell", "size": "0.59927100", "price": "0.73000000", "time": "2025-07-11T16:38:48.119537Z", "fetched_at": "2025-07-11T16:39:33.599527+00:00", "symbol": "ADA-USD"}, {"trade_id": 143045847, "side": "sell", "size": "1.00072900", "price": "0.73000000", "time": "2025-07-11T16:38:47.885204Z", "fetched_at": "2025-07-11T16:39:33.599527+00:00", "symbol": "ADA-USD"}, {"trade_id": 143045846, "side": "sell", "size": "16.12326649", "price": "0.72990000", "time": "2025-07-11T16:38:47.736893Z", "fetched_at": "2025-07-11T16:39:33.599527+00:00", "symbol": "ADA-USD"}, {"trade_id": 143045845, "side": "sell", "size": "16.12326649", "price": "0.72990000", "time": "2025-07-11T16:38:47.691548Z", "fetched_at": "2025-07-11T16:39:33.599527+00:00", "symbol": "ADA-USD"}, {"trade_id": 143045844, "side": "sell", "size": "22.22191645", "price": "0.72990000", "time": "2025-07-11T16:38:46.496646Z", "fetched_at": "2025-07-11T16:39:33.599527+00:00", "symbol": "ADA-USD"}, {"trade_id": 143045843, "side": "sell", "size": "22.22191645", "price": "0.72990000", "time": "2025-07-11T16:38:46.470573Z", "fetched_at": "2025-07-11T16:39:33.599527+00:00", "symbol": "ADA-USD"}, {"trade_id": 143045842, "side": "sell", "size": "1.60000000", "price": "0.72990000", "time": "2025-07-11T16:38:46.470573Z", "fetched_at": "2025-07-11T16:39:33.599527+00:00", "symbol": "ADA-USD"}, {"trade_id": 143045841, "side": "sell", "size": "20.72703457", "price": "0.72980000", "time": "2025-07-11T16:38:46.351194Z", "fetched_at": "2025-07-11T16:39:33.599527+00:00", "symbol": "ADA-USD"}, {"trade_id": 143045840, "side": "sell", "size": "6.50226200", "price": "0.72980000", "time": "2025-07-11T16:38:45.804280Z", "fetched_at": "2025-07-11T16:39:33.599527+00:00", "symbol": "ADA-USD"}, {"trade_id": 143045839, "side": "buy", "size": "31.49892838", "price": "0.72970000", "time": "2025-07-11T16:38:44.782628Z", "fetched_at": "2025-07-11T16:39:33.599527+00:00", "symbol": "ADA-USD"}, {"trade_id": 143045838, "side": "buy", "size": "159.62608555", "price": "0.72960000", "time": "2025-07-11T16:38:44.132949Z", "fetched_at": "2025-07-11T16:39:33.599527+00:00", "symbol": "ADA-USD"}, {"trade_id": 143045837, "side": "buy", "size": "33.10278717", "price": "0.72980000", "time": "2025-07-11T16:38:43.643079Z", "fetched_at": "2025-07-11T16:39:33.599527+00:00", "symbol": "ADA-USD"}, {"trade_id": 143045836, "side": "buy", "size": "159.67747116", "price": "0.72980000", "time": "2025-07-11T16:38:43.643079Z", "fetched_at": "2025-07-11T16:39:33.599527+00:00", "symbol": "ADA-USD"}, {"trade_id": 143045835, "side": "buy", "size": "68.10133000", "price": "0.72980000", "time": "2025-07-11T16:38:43.642780Z", "fetched_at": "2025-07-11T16:39:33.599527+00:00", "symbol": "ADA-USD"}, {"trade_id": 143045834, "side": "buy", "size": "68.10133000", "price": "0.72980000", "time": "2025-07-11T16:38:43.642734Z", "fetched_at": "2025-07-11T16:39:33.599527+00:00", "symbol": "ADA-USD"}, {"trade_id": 143045833, "side": "sell", "size": "25.24642993", "price": "0.72980000", "time": "2025-07-11T16:38:43.064195Z", "fetched_at": "2025-07-11T16:39:33.599527+00:00", "symbol": "ADA-USD"}, {"trade_id": 143045832, "side": "sell", "size": "25.24642993", "price": "0.72980000", "time": "2025-07-11T16:38:43.052818Z", "fetched_at": "2025-07-11T16:39:33.599527+00:00", "symbol": "ADA-USD"}, {"trade_id": 143045831, "side": "sell", "size": "7.42192864", "price": "0.72990000", "time": "2025-07-11T16:38:42.863728Z", "fetched_at": "2025-07-11T16:39:33.599527+00:00", "symbol": "ADA-USD"}, {"trade_id": 143045830, "side": "sell", "size": "25.08938336", "price": "0.72980000", "time": "2025-07-11T16:38:42.863728Z", "fetched_at": "2025-07-11T16:39:33.599527+00:00", "symbol": "ADA-USD"}, {"trade_id": 143045829, "side": "sell", "size": "10.72419164", "price": "0.72990000", "time": "2025-07-11T16:38:42.511755Z", "fetched_at": "2025-07-11T16:39:33.599527+00:00", "symbol": "ADA-USD"}, {"trade_id": 143045828, "side": "sell", "size": "1.60000000", "price": "0.72990000", "time": "2025-07-11T16:38:42.511755Z", "fetched_at": "2025-07-11T16:39:33.599527+00:00", "symbol": "ADA-USD"}, {"trade_id": 143045827, "side": "sell", "size": "25.08938336", "price": "0.72980000", "time": "2025-07-11T16:38:42.511755Z", "fetched_at": "2025-07-11T16:39:33.599527+00:00", "symbol": "ADA-USD"}, {"trade_id": 143045826, "side": "sell", "size": "1.60000000", "price": "0.72980000", "time": "2025-07-11T16:38:42.511755Z", "fetched_at": "2025-07-11T16:39:33.599527+00:00", "symbol": "ADA-USD"}, {"trade_id": 143045825, "side": "sell", "size": "964.41886965", "price": "0.72970000", "time": "2025-07-11T16:38:40.431975Z", "fetched_at": "2025-07-11T16:39:33.599527+00:00", "symbol": "ADA-USD"}, {"trade_id": 143045824, "side": "sell", "size": "1.60000000", "price": "0.72970000", "time": "2025-07-11T16:38:40.431975Z", "fetched_at": "2025-07-11T16:39:33.599527+00:00", "symbol": "ADA-USD"}, {"trade_id": 143045823, "side": "sell", "size": "51.00306000", "price": "0.72960000", "time": "2025-07-11T16:38:39.711970Z", "fetched_at": "2025-07-11T16:39:33.599527+00:00", "symbol": "ADA-USD"}, {"trade_id": 143045822, "side": "buy", "size": "35.12877566", "price": "0.72950000", "time": "2025-07-11T16:38:35.920866Z", "fetched_at": "2025-07-11T16:39:33.599527+00:00", "symbol": "ADA-USD"}, {"trade_id": 143045821, "side": "buy", "size": "22.15823300", "price": "0.72940000", "time": "2025-07-11T16:38:35.669124Z", "fetched_at": "2025-07-11T16:39:33.599527+00:00", "symbol": "ADA-USD"}, {"trade_id": 143045820, "side": "buy", "size": "35.12877566", "price": "0.72950000", "time": "2025-07-11T16:38:35.436498Z", "fetched_at": "2025-07-11T16:39:33.599527+00:00", "symbol": "ADA-USD"}, {"trade_id": 143045819, "side": "sell", "size": "1.60000000", "price": "0.72960000", "time": "2025-07-11T16:38:35.053268Z", "fetched_at": "2025-07-11T16:39:33.599527+00:00", "symbol": "ADA-USD"}, {"trade_id": 143045818, "side": "sell", "size": "8.79952484", "price": "0.72950000", "time": "2025-07-11T16:38:34.924556Z", "fetched_at": "2025-07-11T16:39:33.599527+00:00", "symbol": "ADA-USD"}, {"trade_id": 143045817, "side": "sell", "size": "50.83062962", "price": "0.72940000", "time": "2025-07-11T16:38:34.187730Z", "fetched_at": "2025-07-11T16:39:33.599527+00:00", "symbol": "ADA-USD"}, {"trade_id": 143045816, "side": "sell", "size": "182.60255391", "price": "0.72940000", "time": "2025-07-11T16:38:34.176245Z", "fetched_at": "2025-07-11T16:39:33.599527+00:00", "symbol": "ADA-USD"}, {"trade_id": 143045815, "side": "sell", "size": "141.95981150", "price": "0.72940000", "time": "2025-07-11T16:38:34.149475Z", "fetched_at": "2025-07-11T16:39:33.599527+00:00", "symbol": "ADA-USD"}, {"trade_id": 143045814, "side": "sell", "size": "214.19637634", "price": "0.72940000", "time": "2025-07-11T16:38:34.129575Z", "fetched_at": "2025-07-11T16:39:33.599527+00:00", "symbol": "ADA-USD"}, {"trade_id": 143045813, "side": "sell", "size": "38.20573593", "price": "0.72940000", "time": "2025-07-11T16:38:34.116440Z", "fetched_at": "2025-07-11T16:39:33.599527+00:00", "symbol": "ADA-USD"}, {"trade_id": 143045812, "side": "sell", "size": "104.63740942", "price": "0.72940000", "time": "2025-07-11T16:38:34.084443Z", "fetched_at": "2025-07-11T16:39:33.599527+00:00", "symbol": "ADA-USD"}, {"trade_id": 143045811, "side": "sell", "size": "148.55188074", "price": "0.72940000", "time": "2025-07-11T16:38:34.069134Z", "fetched_at": "2025-07-11T16:39:33.599527+00:00", "symbol": "ADA-USD"}, {"trade_id": 143045810, "side": "sell", "size": "380.30363212", "price": "0.72940000", "time": "2025-07-11T16:38:33.978221Z", "fetched_at": "2025-07-11T16:39:33.599527+00:00", "symbol": "ADA-USD"}, {"trade_id": 143045809, "side": "sell", "size": "89.12253863", "price": "0.72940000", "time": "2025-07-11T16:38:33.968312Z", "fetched_at": "2025-07-11T16:39:33.599527+00:00", "symbol": "ADA-USD"}, {"trade_id": 143045808, "side": "sell", "size": "87.20778364", "price": "0.72940000", "time": "2025-07-11T16:38:33.957874Z", "fetched_at": "2025-07-11T16:39:33.599527+00:00", "symbol": "ADA-USD"}, {"trade_id": 143045807, "side": "sell", "size": "946.70444706", "price": "0.72940000", "time": "2025-07-11T16:38:33.938634Z", "fetched_at": "2025-07-11T16:39:33.599527+00:00", "symbol": "ADA-USD"}, {"trade_id": 143045806, "side": "sell", "size": "233.77624624", "price": "0.72940000", "time": "2025-07-11T16:38:33.925452Z", "fetched_at": "2025-07-11T16:39:33.599527+00:00", "symbol": "ADA-USD"}, {"trade_id": 143045805, "side": "sell", "size": "97.18142002", "price": "0.72940000", "time": "2025-07-11T16:38:33.910567Z", "fetched_at": "2025-07-11T16:39:33.599527+00:00", "symbol": "ADA-USD"}, {"trade_id": 143045804, "side": "sell", "size": "712.50903565", "price": "0.72940000", "time": "2025-07-11T16:38:33.899707Z", "fetched_at": "2025-07-11T16:39:33.599527+00:00", "symbol": "ADA-USD"}, {"trade_id": 143045803, "side": "sell", "size": "51.00306000", "price": "0.72940000", "time": "2025-07-11T16:38:33.624243Z", "fetched_at": "2025-07-11T16:39:33.599527+00:00", "symbol": "ADA-USD"}, {"trade_id": 143045802, "side": "buy", "size": "240.42379741", "price": "0.72920000", "time": "2025-07-11T16:38:33.615768Z", "fetched_at": "2025-07-11T16:39:33.599527+00:00", "symbol": "ADA-USD"}, {"trade_id": 143045801, "side": "buy", "size": "520.90106970", "price": "0.72920000", "time": "2025-07-11T16:38:33.615768Z", "fetched_at": "2025-07-11T16:39:33.599527+00:00", "symbol": "ADA-USD"}, {"trade_id": 143045800, "side": "buy", "size": "391.50000000", "price": "0.72920000", "time": "2025-07-11T16:38:33.615768Z", "fetched_at": "2025-07-11T16:39:33.599527+00:00", "symbol": "ADA-USD"}, {"trade_id": 143045799, "side": "buy", "size": "35.13840922", "price": "0.72930000", "time": "2025-07-11T16:38:33.615768Z", "fetched_at": "2025-07-11T16:39:33.599527+00:00", "symbol": "ADA-USD"}, {"trade_id": 143045798, "side": "buy", "size": "1509.75089000", "price": "0.72930000", "time": "2025-07-11T16:38:33.615768Z", "fetched_at": "2025-07-11T16:39:33.599527+00:00", "symbol": "ADA-USD"}, {"trade_id": 143045797, "side": "buy", "size": "640.67018309", "price": "0.72930000", "time": "2025-07-11T16:38:33.615768Z", "fetched_at": "2025-07-11T16:39:33.599527+00:00", "symbol": "ADA-USD"}, {"trade_id": 143045796, "side": "buy", "size": "520.90106970", "price": "0.72930000", "time": "2025-07-11T16:38:33.615768Z", "fetched_at": "2025-07-11T16:39:33.599527+00:00", "symbol": "ADA-USD"}, {"trade_id": 143045795, "side": "buy", "size": "685.58892088", "price": "0.72930000", "time": "2025-07-11T16:38:33.615768Z", "fetched_at": "2025-07-11T16:39:33.599527+00:00", "symbol": "ADA-USD"}, {"trade_id": 143045794, "side": "buy", "size": "391.50000000", "price": "0.72930000", "time": "2025-07-11T16:38:33.615768Z", "fetched_at": "2025-07-11T16:39:33.599527+00:00", "symbol": "ADA-USD"}, {"trade_id": 143045793, "side": "buy", "size": "50.00000000", "price": "0.72940000", "time": "2025-07-11T16:38:33.615768Z", "fetched_at": "2025-07-11T16:39:33.599527+00:00", "symbol": "ADA-USD"}, {"trade_id": 143045792, "side": "buy", "size": "51.00306000", "price": "0.72940000", "time": "2025-07-11T16:38:33.615768Z", "fetched_at": "2025-07-11T16:39:33.599527+00:00", "symbol": "ADA-USD"}, {"trade_id": 143045791, "side": "buy", "size": "391.50000000", "price": "0.72940000", "time": "2025-07-11T16:38:33.615768Z", "fetched_at": "2025-07-11T16:39:33.599527+00:00", "symbol": "ADA-USD"}, {"trade_id": 143045790, "side": "sell", "size": "7.32696740", "price": "0.72940000", "time": "2025-07-11T16:38:33.342908Z", "fetched_at": "2025-07-11T16:39:33.599527+00:00", "symbol": "ADA-USD"}, {"trade_id": 143045789, "side": "sell", "size": "1222.05335485", "price": "0.72940000", "time": "2025-07-11T16:38:33.263980Z", "fetched_at": "2025-07-11T16:39:33.599527+00:00", "symbol": "ADA-USD"}, {"trade_id": 143045788, "side": "sell", "size": "1.60000000", "price": "0.72940000", "time": "2025-07-11T16:38:33.263980Z", "fetched_at": "2025-07-11T16:39:33.599527+00:00", "symbol": "ADA-USD"}, {"trade_id": 143045787, "side": "sell", "size": "8.63004467", "price": "0.72930000", "time": "2025-07-11T16:38:32.561968Z", "fetched_at": "2025-07-11T16:39:33.599527+00:00", "symbol": "ADA-USD"}, {"trade_id": 143045786, "side": "sell", "size": "2.60919700", "price": "0.72930000", "time": "2025-07-11T16:38:31.328865Z", "fetched_at": "2025-07-11T16:39:33.599527+00:00", "symbol": "ADA-USD"}, {"trade_id": 143045785, "side": "sell", "size": "1054.79810080", "price": "0.72920000", "time": "2025-07-11T16:38:28.787314Z", "fetched_at": "2025-07-11T16:39:33.599527+00:00", "symbol": "ADA-USD"}, {"trade_id": 143045784, "side": "sell", "size": "0.00008305", "price": "0.72910000", "time": "2025-07-11T16:38:28.783760Z", "fetched_at": "2025-07-11T16:39:33.599527+00:00", "symbol": "ADA-USD"}, {"trade_id": 143045783, "side": "sell", "size": "1993.42150000", "price": "0.72910000", "time": "2025-07-11T16:38:28.707384Z", "fetched_at": "2025-07-11T16:39:33.599527+00:00", "symbol": "ADA-USD"}, {"trade_id": 143045782, "side": "sell", "size": "707.09331961", "price": "0.72910000", "time": "2025-07-11T16:38:28.703672Z", "fetched_at": "2025-07-11T16:39:33.599527+00:00", "symbol": "ADA-USD"}, {"trade_id": 143045781, "side": "sell", "size": "728.65222123", "price": "0.72910000", "time": "2025-07-11T16:38:28.530902Z", "fetched_at": "2025-07-11T16:39:33.599527+00:00", "symbol": "ADA-USD"}, {"trade_id": 143045780, "side": "sell", "size": "328.83800387", "price": "0.72910000", "time": "2025-07-11T16:38:27.449948Z", "fetched_at": "2025-07-11T16:39:33.599527+00:00", "symbol": "ADA-USD"}, {"trade_id": 143045779, "side": "sell", "size": "733.71443499", "price": "0.72910000", "time": "2025-07-11T16:38:27.402105Z", "fetched_at": "2025-07-11T16:39:33.599527+00:00", "symbol": "ADA-USD"}, {"trade_id": 143045778, "side": "sell", "size": "185.20320000", "price": "0.72890000", "time": "2025-07-11T16:38:26.390046Z", "fetched_at": "2025-07-11T16:39:33.599527+00:00", "symbol": "ADA-USD"}, {"trade_id": 143045777, "side": "sell", "size": "192.00824000", "price": "0.72890000", "time": "2025-07-11T16:38:26.390046Z", "fetched_at": "2025-07-11T16:39:33.599527+00:00", "symbol": "ADA-USD"}, {"trade_id": 143045776, "side": "buy", "size": "824.22441837", "price": "0.72880000", "time": "2025-07-11T16:38:26.388822Z", "fetched_at": "2025-07-11T16:39:33.599527+00:00", "symbol": "ADA-USD"}, {"trade_id": 143045775, "side": "buy", "size": "1.60000000", "price": "0.72880000", "time": "2025-07-11T16:38:26.388822Z", "fetched_at": "2025-07-11T16:39:33.599527+00:00", "symbol": "ADA-USD"}, {"trade_id": 143045774, "side": "buy", "size": "391.50000000", "price": "0.72880000", "time": "2025-07-11T16:38:26.388822Z", "fetched_at": "2025-07-11T16:39:33.599527+00:00", "symbol": "ADA-USD"}, {"trade_id": 143045773, "side": "buy", "size": "1509.23648000", "price": "0.72890000", "time": "2025-07-11T16:38:26.385538Z", "fetched_at": "2025-07-11T16:39:33.599527+00:00", "symbol": "ADA-USD"}, {"trade_id": 143045772, "side": "buy", "size": "300.10524472", "price": "0.72890000", "time": "2025-07-11T16:38:26.385538Z", "fetched_at": "2025-07-11T16:39:33.599527+00:00", "symbol": "ADA-USD"}, {"trade_id": 143045771, "side": "buy", "size": "1.60000000", "price": "0.72890000", "time": "2025-07-11T16:38:26.385538Z", "fetched_at": "2025-07-11T16:39:33.599527+00:00", "symbol": "ADA-USD"}, {"trade_id": 143045770, "side": "buy", "size": "5365.50000000", "price": "0.72890000", "time": "2025-07-11T16:38:26.385538Z", "fetched_at": "2025-07-11T16:39:33.599527+00:00", "symbol": "ADA-USD"}, {"trade_id": 143045769, "side": "buy", "size": "668.34199122", "price": "0.72900000", "time": "2025-07-11T16:38:26.384541Z", "fetched_at": "2025-07-11T16:39:33.599527+00:00", "symbol": "ADA-USD"}, {"trade_id": 143045768, "side": "buy", "size": "3163.98557845", "price": "0.72900000", "time": "2025-07-11T16:38:26.384541Z", "fetched_at": "2025-07-11T16:39:33.599527+00:00", "symbol": "ADA-USD"}, {"trade_id": 143045767, "side": "buy", "size": "1.60000000", "price": "0.72900000", "time": "2025-07-11T16:38:26.384541Z", "fetched_at": "2025-07-11T16:39:33.599527+00:00", "symbol": "ADA-USD"}, {"trade_id": 143045766, "side": "buy", "size": "442.51537239", "price": "0.72900000", "time": "2025-07-11T16:38:26.384541Z", "fetched_at": "2025-07-11T16:39:33.599527+00:00", "symbol": "ADA-USD"}, {"trade_id": 143045765, "side": "buy", "size": "411.57138099", "price": "0.72900000", "time": "2025-07-11T16:38:26.384541Z", "fetched_at": "2025-07-11T16:39:33.599527+00:00", "symbol": "ADA-USD"}, {"trade_id": 143045764, "side": "buy", "size": "21.36572333", "price": "0.72910000", "time": "2025-07-11T16:38:26.384541Z", "fetched_at": "2025-07-11T16:39:33.599527+00:00", "symbol": "ADA-USD"}, {"trade_id": 143045763, "side": "buy", "size": "1.60000000", "price": "0.72910000", "time": "2025-07-11T16:38:26.384541Z", "fetched_at": "2025-07-11T16:39:33.599527+00:00", "symbol": "ADA-USD"}, {"trade_id": 143045762, "side": "buy", "size": "22.34085409", "price": "0.72920000", "time": "2025-07-11T16:38:25.934454Z", "fetched_at": "2025-07-11T16:39:33.599527+00:00", "symbol": "ADA-USD"}, {"trade_id": 143045761, "side": "buy", "size": "22.34085409", "price": "0.72920000", "time": "2025-07-11T16:38:25.471908Z", "fetched_at": "2025-07-11T16:39:33.599527+00:00", "symbol": "ADA-USD"}, {"trade_id": 143045760, "side": "buy", "size": "22.29438230", "price": "0.72930000", "time": "2025-07-11T16:38:25.043686Z", "fetched_at": "2025-07-11T16:39:33.599527+00:00", "symbol": "ADA-USD"}, {"trade_id": 143045759, "side": "buy", "size": "5365.70000000", "price": "0.72930000", "time": "2025-07-11T16:38:25.043686Z", "fetched_at": "2025-07-11T16:39:33.599527+00:00", "symbol": "ADA-USD"}, {"trade_id": 143045758, "side": "buy", "size": "548.35835218", "price": "0.72930000", "time": "2025-07-11T16:38:25.043686Z", "fetched_at": "2025-07-11T16:39:33.599527+00:00", "symbol": "ADA-USD"}, {"trade_id": 143045757, "side": "buy", "size": "22.51810061", "price": "0.72940000", "time": "2025-07-11T16:38:24.767875Z", "fetched_at": "2025-07-11T16:39:33.599527+00:00", "symbol": "ADA-USD"}, {"trade_id": 143045756, "side": "sell", "size": "7.76105571", "price": "0.72950000", "time": "2025-07-11T16:38:24.260530Z", "fetched_at": "2025-07-11T16:39:33.599527+00:00", "symbol": "ADA-USD"}, {"trade_id": 143045755, "side": "sell", "size": "7.76105571", "price": "0.72950000", "time": "2025-07-11T16:38:24.185018Z", "fetched_at": "2025-07-11T16:39:33.599527+00:00", "symbol": "ADA-USD"}, {"trade_id": 143045754, "side": "sell", "size": "7.76105571", "price": "0.72950000", "time": "2025-07-11T16:38:24.159280Z", "fetched_at": "2025-07-11T16:39:33.599527+00:00", "symbol": "ADA-USD"}, {"trade_id": 143045753, "side": "sell", "size": "7.76105571", "price": "0.72950000", "time": "2025-07-11T16:38:24.101037Z", "fetched_at": "2025-07-11T16:39:33.599527+00:00", "symbol": "ADA-USD"}, {"trade_id": 143045752, "side": "sell", "size": "1.60000000", "price": "0.72950000", "time": "2025-07-11T16:38:24.101037Z", "fetched_at": "2025-07-11T16:39:33.599527+00:00", "symbol": "ADA-USD"}, {"trade_id": 143045751, "side": "sell", "size": "7.08847209", "price": "0.72940000", "time": "2025-07-11T16:38:23.738921Z", "fetched_at": "2025-07-11T16:39:33.599527+00:00", "symbol": "ADA-USD"}, {"trade_id": 143045750, "side": "sell", "size": "66.50133000", "price": "0.72940000", "time": "2025-07-11T16:38:22.430327Z", "fetched_at": "2025-07-11T16:39:33.599527+00:00", "symbol": "ADA-USD"}, {"trade_id": 143045749, "side": "sell", "size": "1.60000000", "price": "0.72940000", "time": "2025-07-11T16:38:22.430327Z", "fetched_at": "2025-07-11T16:39:33.599527+00:00", "symbol": "ADA-USD"}, {"trade_id": 143045748, "side": "buy", "size": "47.99567435", "price": "0.72930000", "time": "2025-07-11T16:38:22.013142Z", "fetched_at": "2025-07-11T16:39:33.599527+00:00", "symbol": "ADA-USD"}, {"trade_id": 143045747, "side": "buy", "size": "20.10565565", "price": "0.72930000", "time": "2025-07-11T16:38:22.013142Z", "fetched_at": "2025-07-11T16:39:33.599527+00:00", "symbol": "ADA-USD"}, {"trade_id": 143045746, "side": "sell", "size": "128.00550000", "price": "0.72930000", "time": "2025-07-11T16:38:21.591649Z", "fetched_at": "2025-07-11T16:39:33.599527+00:00", "symbol": "ADA-USD"}, {"trade_id": 143045745, "side": "buy", "size": "466.03140098", "price": "0.72920000", "time": "2025-07-11T16:38:21.583837Z", "fetched_at": "2025-07-11T16:39:33.599527+00:00", "symbol": "ADA-USD"}, {"trade_id": 143045744, "side": "buy", "size": "554.41947259", "price": "0.72920000", "time": "2025-07-11T16:38:21.583837Z", "fetched_at": "2025-07-11T16:39:33.599527+00:00", "symbol": "ADA-USD"}, {"trade_id": 143045743, "side": "buy", "size": "1509.00322000", "price": "0.72920000", "time": "2025-07-11T16:38:21.583837Z", "fetched_at": "2025-07-11T16:39:33.599527+00:00", "symbol": "ADA-USD"}, {"trade_id": 143045742, "side": "buy", "size": "520.90106970", "price": "0.72920000", "time": "2025-07-11T16:38:21.583837Z", "fetched_at": "2025-07-11T16:39:33.599527+00:00", "symbol": "ADA-USD"}, {"trade_id": 143045741, "side": "buy", "size": "391.50000000", "price": "0.72920000", "time": "2025-07-11T16:38:21.583837Z", "fetched_at": "2025-07-11T16:39:33.599527+00:00", "symbol": "ADA-USD"}, {"trade_id": 143045740, "side": "buy", "size": "22.78690673", "price": "0.72930000", "time": "2025-07-11T16:38:21.583837Z", "fetched_at": "2025-07-11T16:39:33.599527+00:00", "symbol": "ADA-USD"}, {"trade_id": 143045739, "side": "sell", "size": "678.50370210", "price": "0.72930000", "time": "2025-07-11T16:38:21.513Z", "fetched_at": "2025-07-11T16:39:33.599527+00:00", "symbol": "ADA-USD"}, {"trade_id": 143045738, "side": "sell", "size": "1.60000000", "price": "0.72930000", "time": "2025-07-11T16:38:21.513Z", "fetched_at": "2025-07-11T16:39:33.599527+00:00", "symbol": "ADA-USD"}, {"trade_id": 143045737, "side": "sell", "size": "6.68178450", "price": "0.72920000", "time": "2025-07-11T16:38:21.055377Z", "fetched_at": "2025-07-11T16:39:33.599527+00:00", "symbol": "ADA-USD"}, {"trade_id": 143045736, "side": "sell", "size": "2.63919821", "price": "0.72920000", "time": "2025-07-11T16:38:21.045895Z", "fetched_at": "2025-07-11T16:39:33.599527+00:00", "symbol": "ADA-USD"}, {"trade_id": 143045735, "side": "sell", "size": "636.12107923", "price": "0.72920000", "time": "2025-07-11T16:38:21.045895Z", "fetched_at": "2025-07-11T16:39:33.599527+00:00", "symbol": "ADA-USD"}, {"trade_id": 143045734, "side": "sell", "size": "58.15926555", "price": "0.72920000", "time": "2025-07-11T16:38:21.034514Z", "fetched_at": "2025-07-11T16:39:33.599527+00:00", "symbol": "ADA-USD"}, {"trade_id": 143045733, "side": "sell", "size": "388.25370247", "price": "0.72920000", "time": "2025-07-11T16:38:21.010532Z", "fetched_at": "2025-07-11T16:39:33.599527+00:00", "symbol": "ADA-USD"}, {"trade_id": 143045732, "side": "sell", "size": "179.55737662", "price": "0.72920000", "time": "2025-07-11T16:38:20.994837Z", "fetched_at": "2025-07-11T16:39:33.599527+00:00", "symbol": "ADA-USD"}, {"trade_id": 143045731, "side": "sell", "size": "753.91405340", "price": "0.72920000", "time": "2025-07-11T16:38:20.968308Z", "fetched_at": "2025-07-11T16:39:33.599527+00:00", "symbol": "ADA-USD"}, {"trade_id": 143045730, "side": "sell", "size": "649.27065860", "price": "0.72910000", "time": "2025-07-11T16:38:20.304408Z", "fetched_at": "2025-07-11T16:39:33.599527+00:00", "symbol": "ADA-USD"}, {"trade_id": 143045729, "side": "sell", "size": "71.92263100", "price": "0.72910000", "time": "2025-07-11T16:38:19.852314Z", "fetched_at": "2025-07-11T16:39:33.599527+00:00", "symbol": "ADA-USD"}, {"trade_id": 143045728, "side": "sell", "size": "128.00550000", "price": "0.72910000", "time": "2025-07-11T16:38:19.852314Z", "fetched_at": "2025-07-11T16:39:33.599527+00:00", "symbol": "ADA-USD"}, {"trade_id": 143045727, "side": "buy", "size": "20.07826966", "price": "0.72910000", "time": "2025-07-11T16:38:19.664910Z", "fetched_at": "2025-07-11T16:39:33.599527+00:00", "symbol": "ADA-USD"}, {"trade_id": 143045726, "side": "buy", "size": "4798.11660000", "price": "0.72910000", "time": "2025-07-11T16:38:19.664910Z", "fetched_at": "2025-07-11T16:39:33.599527+00:00", "symbol": "ADA-USD"}, {"trade_id": 143045725, "side": "sell", "size": "5.20735312", "price": "0.72920000", "time": "2025-07-11T16:38:19.400862Z", "fetched_at": "2025-07-11T16:39:33.599527+00:00", "symbol": "ADA-USD"}, {"trade_id": 143045724, "side": "sell", "size": "729.65081148", "price": "0.72920000", "time": "2025-07-11T16:38:19.389903Z", "fetched_at": "2025-07-11T16:39:33.599527+00:00", "symbol": "ADA-USD"}, {"trade_id": 143045723, "side": "buy", "size": "569.28340000", "price": "0.72910000", "time": "2025-07-11T16:38:18.990404Z", "fetched_at": "2025-07-11T16:39:33.599527+00:00", "symbol": "ADA-USD"}, {"trade_id": 143045722, "side": "buy", "size": "5368.70000000", "price": "0.72920000", "time": "2025-07-11T16:38:18.814851Z", "fetched_at": "2025-07-11T16:39:33.599527+00:00", "symbol": "ADA-USD"}, {"trade_id": 143045721, "side": "buy", "size": "20.92139108", "price": "0.72920000", "time": "2025-07-11T16:38:18.814851Z", "fetched_at": "2025-07-11T16:39:33.599527+00:00", "symbol": "ADA-USD"}, {"trade_id": 143045720, "side": "sell", "size": "5.28808213", "price": "0.72930000", "time": "2025-07-11T16:38:18.335575Z", "fetched_at": "2025-07-11T16:39:33.599527+00:00", "symbol": "ADA-USD"}, {"trade_id": 143045719, "side": "sell", "size": "123.46880000", "price": "0.72910000", "time": "2025-07-11T16:38:18.108029Z", "fetched_at": "2025-07-11T16:39:33.599527+00:00", "symbol": "ADA-USD"}, {"trade_id": 143045718, "side": "sell", "size": "201.71668000", "price": "0.72920000", "time": "2025-07-11T16:38:17.912705Z", "fetched_at": "2025-07-11T16:39:33.599527+00:00", "symbol": "ADA-USD"}, {"trade_id": 143045717, "side": "sell", "size": "185.20320000", "price": "0.72920000", "time": "2025-07-11T16:38:17.912705Z", "fetched_at": "2025-07-11T16:39:33.599527+00:00", "symbol": "ADA-USD"}, {"trade_id": 143045716, "side": "sell", "size": "192.00824000", "price": "0.72920000", "time": "2025-07-11T16:38:17.912705Z", "fetched_at": "2025-07-11T16:39:33.599527+00:00", "symbol": "ADA-USD"}, {"trade_id": 143045715, "side": "buy", "size": "5368.90000000", "price": "0.72920000", "time": "2025-07-11T16:38:17.907091Z", "fetched_at": "2025-07-11T16:39:33.599527+00:00", "symbol": "ADA-USD"}, {"trade_id": 143045714, "side": "buy", "size": "22.70251832", "price": "0.72920000", "time": "2025-07-11T16:38:17.907091Z", "fetched_at": "2025-07-11T16:39:33.599527+00:00", "symbol": "ADA-USD"}, {"trade_id": 143045713, "side": "sell", "size": "5.08609258", "price": "0.72930000", "time": "2025-07-11T16:38:16.997636Z", "fetched_at": "2025-07-11T16:39:33.599527+00:00", "symbol": "ADA-USD"}, {"trade_id": 143045712, "side": "sell", "size": "5.08609258", "price": "0.72930000", "time": "2025-07-11T16:38:16.986283Z", "fetched_at": "2025-07-11T16:39:33.599527+00:00", "symbol": "ADA-USD"}, {"trade_id": 143045711, "side": "sell", "size": "4.80493098", "price": "0.72930000", "time": "2025-07-11T16:38:16.945790Z", "fetched_at": "2025-07-11T16:39:33.599527+00:00", "symbol": "ADA-USD"}, {"trade_id": 143045710, "side": "sell", "size": "1.60000000", "price": "0.72930000", "time": "2025-07-11T16:38:16.945790Z", "fetched_at": "2025-07-11T16:39:33.599527+00:00", "symbol": "ADA-USD"}, {"trade_id": 143045709, "side": "sell", "size": "1141.15570989", "price": "0.72920000", "time": "2025-07-11T16:38:16.457040Z", "fetched_at": "2025-07-11T16:39:33.599527+00:00", "symbol": "ADA-USD"}, {"trade_id": 143045708, "side": "sell", "size": "1.60000000", "price": "0.72920000", "time": "2025-07-11T16:38:16.457040Z", "fetched_at": "2025-07-11T16:39:33.599527+00:00", "symbol": "ADA-USD"}, {"trade_id": 143045707, "side": "sell", "size": "1.60000000", "price": "0.72910000", "time": "2025-07-11T16:38:15.780671Z", "fetched_at": "2025-07-11T16:39:33.599527+00:00", "symbol": "ADA-USD"}, {"trade_id": 143045706, "side": "sell", "size": "2887.41162356", "price": "0.72900000", "time": "2025-07-11T16:38:15.722707Z", "fetched_at": "2025-07-11T16:39:33.599527+00:00", "symbol": "ADA-USD"}, {"trade_id": 143045705, "side": "sell", "size": "1514.71096000", "price": "0.72890000", "time": "2025-07-11T16:38:15.711142Z", "fetched_at": "2025-07-11T16:39:33.599527+00:00", "symbol": "ADA-USD"}, {"trade_id": 143045704, "side": "sell", "size": "208.65035748", "price": "0.72900000", "time": "2025-07-11T16:38:15.709259Z", "fetched_at": "2025-07-11T16:39:33.599527+00:00", "symbol": "ADA-USD"}, {"trade_id": 143045703, "side": "sell", "size": "813.54695864", "price": "0.72900000", "time": "2025-07-11T16:38:15.709259Z", "fetched_at": "2025-07-11T16:39:33.599527+00:00", "symbol": "ADA-USD"}, {"trade_id": 143045702, "side": "sell", "size": "966.14480581", "price": "0.72900000", "time": "2025-07-11T16:38:15.709070Z", "fetched_at": "2025-07-11T16:39:33.599527+00:00", "symbol": "ADA-USD"}, {"trade_id": 143045701, "side": "sell", "size": "675.65936598", "price": "0.72900000", "time": "2025-07-11T16:38:15.709070Z", "fetched_at": "2025-07-11T16:39:33.599527+00:00", "symbol": "ADA-USD"}, {"trade_id": 143045700, "side": "sell", "size": "1.60000000", "price": "0.72900000", "time": "2025-07-11T16:38:15.709070Z", "fetched_at": "2025-07-11T16:39:33.599527+00:00", "symbol": "ADA-USD"}, {"trade_id": 143045699, "side": "sell", "size": "784.53465088", "price": "0.72890000", "time": "2025-07-11T16:38:15.709070Z", "fetched_at": "2025-07-11T16:39:33.599527+00:00", "symbol": "ADA-USD"}, {"trade_id": 143045698, "side": "sell", "size": "146.90053632", "price": "0.72890000", "time": "2025-07-11T16:38:15.709070Z", "fetched_at": "2025-07-11T16:39:33.599527+00:00", "symbol": "ADA-USD"}, {"trade_id": 143045697, "side": "sell", "size": "274.31079413", "price": "0.72890000", "time": "2025-07-11T16:38:15.709070Z", "fetched_at": "2025-07-11T16:39:33.599527+00:00", "symbol": "ADA-USD"}, {"trade_id": 143045696, "side": "sell", "size": "5035.41842260", "price": "0.72880000", "time": "2025-07-11T16:38:15.703289Z", "fetched_at": "2025-07-11T16:39:33.599527+00:00", "symbol": "ADA-USD"}, {"trade_id": 143045695, "side": "sell", "size": "274.31079413", "price": "0.72870000", "time": "2025-07-11T16:38:15.703289Z", "fetched_at": "2025-07-11T16:39:33.599527+00:00", "symbol": "ADA-USD"}, {"trade_id": 143045694, "side": "sell", "size": "321.47711059", "price": "0.72870000", "time": "2025-07-11T16:38:15.703289Z", "fetched_at": "2025-07-11T16:39:33.599527+00:00", "symbol": "ADA-USD"}, {"trade_id": 143045693, "side": "sell", "size": "6.46600613", "price": "0.72860000", "time": "2025-07-11T16:38:15.703289Z", "fetched_at": "2025-07-11T16:39:33.599527+00:00", "symbol": "ADA-USD"}, {"trade_id": 143045692, "side": "sell", "size": "3396.47507674", "price": "0.72880000", "time": "2025-07-11T16:38:15.699724Z", "fetched_at": "2025-07-11T16:39:33.599527+00:00", "symbol": "ADA-USD"}, {"trade_id": 143045691, "side": "sell", "size": "5354.33853700", "price": "0.72890000", "time": "2025-07-11T16:38:15.696763Z", "fetched_at": "2025-07-11T16:39:33.599527+00:00", "symbol": "ADA-USD"}, {"trade_id": 143045690, "side": "sell", "size": "365.29170401", "price": "0.72890000", "time": "2025-07-11T16:38:15.696763Z", "fetched_at": "2025-07-11T16:39:33.599527+00:00", "symbol": "ADA-USD"}, {"trade_id": 143045689, "side": "sell", "size": "685.98929076", "price": "0.72890000", "time": "2025-07-11T16:38:15.696763Z", "fetched_at": "2025-07-11T16:39:33.599527+00:00", "symbol": "ADA-USD"}, {"trade_id": 143045688, "side": "sell", "size": "320.83132459", "price": "0.72890000", "time": "2025-07-11T16:38:15.696763Z", "fetched_at": "2025-07-11T16:39:33.599527+00:00", "symbol": "ADA-USD"}, {"trade_id": 143045687, "side": "sell", "size": "1510.88469000", "price": "0.72890000", "time": "2025-07-11T16:38:15.696763Z", "fetched_at": "2025-07-11T16:39:33.599527+00:00", "symbol": "ADA-USD"}, {"trade_id": 143045686, "side": "sell", "size": "520.90106970", "price": "0.72890000", "time": "2025-07-11T16:38:15.696763Z", "fetched_at": "2025-07-11T16:39:33.599527+00:00", "symbol": "ADA-USD"}, {"trade_id": 143045685, "side": "sell", "size": "274.31079413", "price": "0.72890000", "time": "2025-07-11T16:38:15.696763Z", "fetched_at": "2025-07-11T16:39:33.599527+00:00", "symbol": "ADA-USD"}, {"trade_id": 143045684, "side": "sell", "size": "1.60000000", "price": "0.72890000", "time": "2025-07-11T16:38:15.696763Z", "fetched_at": "2025-07-11T16:39:33.599527+00:00", "symbol": "ADA-USD"}, {"trade_id": 143045683, "side": "sell", "size": "732.37720877", "price": "0.72880000", "time": "2025-07-11T16:38:15.694808Z", "fetched_at": "2025-07-11T16:39:33.599527+00:00", "symbol": "ADA-USD"}, {"trade_id": 143045682, "side": "sell", "size": "1.60000000", "price": "0.72880000", "time": "2025-07-11T16:38:15.694808Z", "fetched_at": "2025-07-11T16:39:33.599527+00:00", "symbol": "ADA-USD"}, {"trade_id": 143045681, "side": "sell", "size": "486.06358707", "price": "0.72880000", "time": "2025-07-11T16:38:15.694808Z", "fetched_at": "2025-07-11T16:39:33.599527+00:00", "symbol": "ADA-USD"}, {"trade_id": 143045680, "side": "sell", "size": "520.90106970", "price": "0.72880000", "time": "2025-07-11T16:38:15.694808Z", "fetched_at": "2025-07-11T16:39:33.599527+00:00", "symbol": "ADA-USD"}, {"trade_id": 143045679, "side": "sell", "size": "1510.88469000", "price": "0.72880000", "time": "2025-07-11T16:38:15.694808Z", "fetched_at": "2025-07-11T16:39:33.599527+00:00", "symbol": "ADA-USD"}, {"trade_id": 143045678, "side": "sell", "size": "1513.90746000", "price": "0.72870000", "time": "2025-07-11T16:38:15.694320Z", "fetched_at": "2025-07-11T16:39:33.599527+00:00", "symbol": "ADA-USD"}, {"trade_id": 143045677, "side": "sell", "size": "2359.45631663", "price": "0.72870000", "time": "2025-07-11T16:38:15.694320Z", "fetched_at": "2025-07-11T16:39:33.599527+00:00", "symbol": "ADA-USD"}, {"trade_id": 143045676, "side": "sell", "size": "8377.34368337", "price": "0.72870000", "time": "2025-07-11T16:38:15.693785Z", "fetched_at": "2025-07-11T16:39:33.599527+00:00", "symbol": "ADA-USD"}, {"trade_id": 143045675, "side": "sell", "size": "321.47711059", "price": "0.72870000", "time": "2025-07-11T16:38:15.693785Z", "fetched_at": "2025-07-11T16:39:33.599527+00:00", "symbol": "ADA-USD"}, {"trade_id": 143045674, "side": "sell", "size": "520.90106970", "price": "0.72870000", "time": "2025-07-11T16:38:15.693785Z", "fetched_at": "2025-07-11T16:39:33.599527+00:00", "symbol": "ADA-USD"}, {"trade_id": 143045673, "side": "sell", "size": "274.31079413", "price": "0.72870000", "time": "2025-07-11T16:38:15.693785Z", "fetched_at": "2025-07-11T16:39:33.599527+00:00", "symbol": "ADA-USD"}, {"trade_id": 143045672, "side": "sell", "size": "50.00000000", "price": "0.72860000", "time": "2025-07-11T16:38:15.693785Z", "fetched_at": "2025-07-11T16:39:33.599527+00:00", "symbol": "ADA-USD"}, {"trade_id": 143045671, "side": "sell", "size": "6.46600613", "price": "0.72860000", "time": "2025-07-11T16:38:15.693785Z", "fetched_at": "2025-07-11T16:39:33.599527+00:00", "symbol": "ADA-USD"}, {"trade_id": 143045670, "side": "sell", "size": "128.00550000", "price": "0.72850000", "time": "2025-07-11T16:38:15.549703Z", "fetched_at": "2025-07-11T16:39:33.599527+00:00", "symbol": "ADA-USD"}, {"trade_id": 143045669, "side": "sell", "size": "247.73351772", "price": "0.72860000", "time": "2025-07-11T16:38:15.386944Z", "fetched_at": "2025-07-11T16:39:33.599527+00:00", "symbol": "ADA-USD"}, {"trade_id": 143045668, "side": "sell", "size": "73.30576410", "price": "0.72860000", "time": "2025-07-11T16:38:15.373637Z", "fetched_at": "2025-07-11T16:39:33.599527+00:00", "symbol": "ADA-USD"}, {"trade_id": 143045667, "side": "sell", "size": "272.50905992", "price": "0.72860000", "time": "2025-07-11T16:38:15.364877Z", "fetched_at": "2025-07-11T16:39:33.599527+00:00", "symbol": "ADA-USD"}, {"trade_id": 143045666, "side": "sell", "size": "12.19639653", "price": "0.72860000", "time": "2025-07-11T16:38:15.352128Z", "fetched_at": "2025-07-11T16:39:33.599527+00:00", "symbol": "ADA-USD"}, {"trade_id": 143045665, "side": "sell", "size": "5.18325442", "price": "0.72860000", "time": "2025-07-11T16:38:15.352128Z", "fetched_at": "2025-07-11T16:39:33.599527+00:00", "symbol": "ADA-USD"}, {"trade_id": 143045664, "side": "sell", "size": "655.30717332", "price": "0.72860000", "time": "2025-07-11T16:38:15.336076Z", "fetched_at": "2025-07-11T16:39:33.599527+00:00", "symbol": "ADA-USD"}, {"trade_id": 143045663, "side": "sell", "size": "50.00000000", "price": "0.72860000", "time": "2025-07-11T16:38:15.336076Z", "fetched_at": "2025-07-11T16:39:33.599527+00:00", "symbol": "ADA-USD"}, {"trade_id": 143045662, "side": "sell", "size": "12.19639653", "price": "0.72860000", "time": "2025-07-11T16:38:15.336076Z", "fetched_at": "2025-07-11T16:39:33.599527+00:00", "symbol": "ADA-USD"}, {"trade_id": 143045661, "side": "sell", "size": "12.19639653", "price": "0.72860000", "time": "2025-07-11T16:38:15.208813Z", "fetched_at": "2025-07-11T16:39:33.599527+00:00", "symbol": "ADA-USD"}, {"trade_id": 143045660, "side": "sell", "size": "779.21942524", "price": "0.72860000", "time": "2025-07-11T16:38:15.186756Z", "fetched_at": "2025-07-11T16:39:33.599527+00:00", "symbol": "ADA-USD"}, {"trade_id": 143045659, "side": "sell", "size": "12.19639653", "price": "0.72860000", "time": "2025-07-11T16:38:15.186756Z", "fetched_at": "2025-07-11T16:39:33.599527+00:00", "symbol": "ADA-USD"}, {"trade_id": 143045658, "side": "sell", "size": "13.08418540", "price": "0.72850000", "time": "2025-07-11T16:38:15.055955Z", "fetched_at": "2025-07-11T16:39:33.599527+00:00", "symbol": "ADA-USD"}, {"trade_id": 143045657, "side": "sell", "size": "1165.10462249", "price": "0.72840000", "time": "2025-07-11T16:38:15.025293Z", "fetched_at": "2025-07-11T16:39:33.599527+00:00", "symbol": "ADA-USD"}, {"trade_id": 143045656, "side": "sell", "size": "71.94329699", "price": "0.72840000", "time": "2025-07-11T16:38:15.015281Z", "fetched_at": "2025-07-11T16:39:33.599527+00:00", "symbol": "ADA-USD"}, {"trade_id": 143045655, "side": "sell", "size": "527.32999566", "price": "0.72840000", "time": "2025-07-11T16:38:15.004631Z", "fetched_at": "2025-07-11T16:39:33.599527+00:00", "symbol": "ADA-USD"}, {"trade_id": 143045654, "side": "sell", "size": "666.51966862", "price": "0.72840000", "time": "2025-07-11T16:38:14.994186Z", "fetched_at": "2025-07-11T16:39:33.599527+00:00", "symbol": "ADA-USD"}, {"trade_id": 143045653, "side": "sell", "size": "752.18120810", "price": "0.72840000", "time": "2025-07-11T16:38:14.977281Z", "fetched_at": "2025-07-11T16:39:33.599527+00:00", "symbol": "ADA-USD"}, {"trade_id": 143045652, "side": "sell", "size": "50.00000000", "price": "0.72840000", "time": "2025-07-11T16:38:14.203336Z", "fetched_at": "2025-07-11T16:39:33.599527+00:00", "symbol": "ADA-USD"}, {"trade_id": 143045651, "side": "buy", "size": "35.18182571", "price": "0.72840000", "time": "2025-07-11T16:38:13.095769Z", "fetched_at": "2025-07-11T16:39:33.599527+00:00", "symbol": "ADA-USD"}, {"trade_id": 143045650, "side": "buy", "size": "1.60000000", "price": "0.72840000", "time": "2025-07-11T16:38:13.095769Z", "fetched_at": "2025-07-11T16:39:33.599527+00:00", "symbol": "ADA-USD"}, {"trade_id": 143045649, "side": "buy", "size": "35.17699636", "price": "0.72850000", "time": "2025-07-11T16:38:12.805262Z", "fetched_at": "2025-07-11T16:39:33.599527+00:00", "symbol": "ADA-USD"}, {"trade_id": 143045648, "side": "buy", "size": "1.60000000", "price": "0.72850000", "time": "2025-07-11T16:38:12.805262Z", "fetched_at": "2025-07-11T16:39:33.599527+00:00", "symbol": "ADA-USD"}, {"trade_id": 143045647, "side": "buy", "size": "845.85993829", "price": "0.72850000", "time": "2025-07-11T16:38:12.805262Z", "fetched_at": "2025-07-11T16:39:33.599527+00:00", "symbol": "ADA-USD"}, {"trade_id": 143045646, "side": "buy", "size": "35.17216833", "price": "0.72860000", "time": "2025-07-11T16:38:12.751250Z", "fetched_at": "2025-07-11T16:39:33.599527+00:00", "symbol": "ADA-USD"}, {"trade_id": 143045645, "side": "buy", "size": "1.60000000", "price": "0.72860000", "time": "2025-07-11T16:38:12.751250Z", "fetched_at": "2025-07-11T16:39:33.599527+00:00", "symbol": "ADA-USD"}, {"trade_id": 143045644, "side": "buy", "size": "35.16251626", "price": "0.72880000", "time": "2025-07-11T16:38:11.603466Z", "fetched_at": "2025-07-11T16:39:33.599527+00:00", "symbol": "ADA-USD"}, {"trade_id": 143045643, "side": "sell", "size": "6.93690781", "price": "0.72880000", "time": "2025-07-11T16:38:11.268701Z", "fetched_at": "2025-07-11T16:39:33.599527+00:00", "symbol": "ADA-USD"}, {"trade_id": 143045642, "side": "sell", "size": "274.31079413", "price": "0.72870000", "time": "2025-07-11T16:38:10.793927Z", "fetched_at": "2025-07-11T16:39:33.599527+00:00", "symbol": "ADA-USD"}, {"trade_id": 143045641, "side": "sell", "size": "33.33049800", "price": "0.72870000", "time": "2025-07-11T16:38:09.590509Z", "fetched_at": "2025-07-11T16:39:33.599527+00:00", "symbol": "ADA-USD"}, {"trade_id": 143045640, "side": "buy", "size": "38.36647817", "price": "0.72870000", "time": "2025-07-11T16:38:08.611362Z", "fetched_at": "2025-07-11T16:39:33.599527+00:00", "symbol": "ADA-USD"}, {"trade_id": 143045639, "side": "buy", "size": "620.02278630", "price": "0.72880000", "time": "2025-07-11T16:38:08.464737Z", "fetched_at": "2025-07-11T16:39:33.599527+00:00", "symbol": "ADA-USD"}, {"trade_id": 143045638, "side": "buy", "size": "520.90106970", "price": "0.72880000", "time": "2025-07-11T16:38:08.464737Z", "fetched_at": "2025-07-11T16:39:33.599527+00:00", "symbol": "ADA-USD"}, {"trade_id": 143045637, "side": "buy", "size": "500.00000000", "price": "0.72880000", "time": "2025-07-11T16:38:08.464737Z", "fetched_at": "2025-07-11T16:39:33.599527+00:00", "symbol": "ADA-USD"}, {"trade_id": 143045636, "side": "buy", "size": "38.35595094", "price": "0.72890000", "time": "2025-07-11T16:38:08.464737Z", "fetched_at": "2025-07-11T16:39:33.599527+00:00", "symbol": "ADA-USD"}, {"trade_id": 143045635, "side": "buy", "size": "38.35068949", "price": "0.72900000", "time": "2025-07-11T16:38:08.045765Z", "fetched_at": "2025-07-11T16:39:33.599527+00:00", "symbol": "ADA-USD"}, {"trade_id": 143045634, "side": "sell", "size": "8.18526980", "price": "0.72910000", "time": "2025-07-11T16:38:07.391827Z", "fetched_at": "2025-07-11T16:39:33.599527+00:00", "symbol": "ADA-USD"}, {"trade_id": 143045633, "side": "sell", "size": "8.18526980", "price": "0.72910000", "time": "2025-07-11T16:38:07.368054Z", "fetched_at": "2025-07-11T16:39:33.599527+00:00", "symbol": "ADA-USD"}, {"trade_id": 143045632, "side": "sell", "size": "8.18526980", "price": "0.72910000", "time": "2025-07-11T16:38:07.357817Z", "fetched_at": "2025-07-11T16:39:33.599527+00:00", "symbol": "ADA-USD"}, {"trade_id": 143045631, "side": "buy", "size": "31.06809400", "price": "0.72890000", "time": "2025-07-11T16:38:07.091376Z", "fetched_at": "2025-07-11T16:39:33.599527+00:00", "symbol": "ADA-USD"}, {"trade_id": 143045630, "side": "sell", "size": "497.00000000", "price": "0.72900000", "time": "2025-07-11T16:38:06.721322Z", "fetched_at": "2025-07-11T16:39:33.599527+00:00", "symbol": "ADA-USD"}, {"trade_id": 143045629, "side": "sell", "size": "8.18526980", "price": "0.72880000", "time": "2025-07-11T16:38:06.590810Z", "fetched_at": "2025-07-11T16:39:33.599527+00:00", "symbol": "ADA-USD"}, {"trade_id": 143045628, "side": "sell", "size": "51.00306000", "price": "0.72880000", "time": "2025-07-11T16:38:06.582600Z", "fetched_at": "2025-07-11T16:39:33.599527+00:00", "symbol": "ADA-USD"}, {"trade_id": 143045627, "side": "sell", "size": "611.34849726", "price": "0.72880000", "time": "2025-07-11T16:38:06.579478Z", "fetched_at": "2025-07-11T16:39:33.599527+00:00", "symbol": "ADA-USD"}, {"trade_id": 143045626, "side": "sell", "size": "876.56558440", "price": "0.72880000", "time": "2025-07-11T16:38:06.569106Z", "fetched_at": "2025-07-11T16:39:33.599527+00:00", "symbol": "ADA-USD"}, {"trade_id": 143045625, "side": "sell", "size": "69.03614351", "price": "0.72880000", "time": "2025-07-11T16:38:06.558774Z", "fetched_at": "2025-07-11T16:39:33.599527+00:00", "symbol": "ADA-USD"}, {"trade_id": 143045624, "side": "sell", "size": "195.13938774", "price": "0.72880000", "time": "2025-07-11T16:38:06.548580Z", "fetched_at": "2025-07-11T16:39:33.599527+00:00", "symbol": "ADA-USD"}, {"trade_id": 143045623, "side": "sell", "size": "429.00378582", "price": "0.72880000", "time": "2025-07-11T16:38:06.532097Z", "fetched_at": "2025-07-11T16:39:33.599527+00:00", "symbol": "ADA-USD"}, {"trade_id": 143045622, "side": "sell", "size": "516.45910354", "price": "0.72880000", "time": "2025-07-11T16:38:06.509072Z", "fetched_at": "2025-07-11T16:39:33.599527+00:00", "symbol": "ADA-USD"}, {"trade_id": 143045621, "side": "sell", "size": "141.51266096", "price": "0.72880000", "time": "2025-07-11T16:38:06.489015Z", "fetched_at": "2025-07-11T16:39:33.599527+00:00", "symbol": "ADA-USD"}, {"trade_id": 143045620, "side": "sell", "size": "161.75901479", "price": "0.72880000", "time": "2025-07-11T16:38:06.477074Z", "fetched_at": "2025-07-11T16:39:33.599527+00:00", "symbol": "ADA-USD"}, {"trade_id": 143045619, "side": "sell", "size": "754.49701427", "price": "0.72880000", "time": "2025-07-11T16:38:06.477074Z", "fetched_at": "2025-07-11T16:39:33.599527+00:00", "symbol": "ADA-USD"}, {"trade_id": 143045618, "side": "sell", "size": "9.50167503", "price": "0.72880000", "time": "2025-07-11T16:38:06.073605Z", "fetched_at": "2025-07-11T16:39:33.599527+00:00", "symbol": "ADA-USD"}, {"trade_id": 143045617, "side": "sell", "size": "458.68085003", "price": "0.72880000", "time": "2025-07-11T16:38:06.061628Z", "fetched_at": "2025-07-11T16:39:33.599527+00:00", "symbol": "ADA-USD"}, {"trade_id": 143045616, "side": "sell", "size": "706.99582802", "price": "0.72880000", "time": "2025-07-11T16:38:06.009104Z", "fetched_at": "2025-07-11T16:39:33.599527+00:00", "symbol": "ADA-USD"}, {"trade_id": 143045615, "side": "sell", "size": "718.88101972", "price": "0.72880000", "time": "2025-07-11T16:38:05.880856Z", "fetched_at": "2025-07-11T16:39:33.599527+00:00", "symbol": "ADA-USD"}, {"trade_id": 143045614, "side": "sell", "size": "508.17087716", "price": "0.72880000", "time": "2025-07-11T16:38:05.566967Z", "fetched_at": "2025-07-11T16:39:33.599527+00:00", "symbol": "ADA-USD"}, {"trade_id": 143045613, "side": "sell", "size": "252.06446977", "price": "0.72880000", "time": "2025-07-11T16:38:05.227753Z", "fetched_at": "2025-07-11T16:39:33.599527+00:00", "symbol": "ADA-USD"}, {"trade_id": 143045612, "side": "sell", "size": "788.34328942", "price": "0.72880000", "time": "2025-07-11T16:38:05.227753Z", "fetched_at": "2025-07-11T16:39:33.599527+00:00", "symbol": "ADA-USD"}, {"trade_id": 143045611, "side": "buy", "size": "38.35595094", "price": "0.72890000", "time": "2025-07-11T16:38:05.182817Z", "fetched_at": "2025-07-11T16:39:33.599527+00:00", "symbol": "ADA-USD"}, {"trade_id": 143045610, "side": "sell", "size": "102.97620814", "price": "0.72900000", "time": "2025-07-11T16:38:05.076383Z", "fetched_at": "2025-07-11T16:39:33.599527+00:00", "symbol": "ADA-USD"}, {"trade_id": 143045609, "side": "sell", "size": "43.46508406", "price": "0.72900000", "time": "2025-07-11T16:38:05.061497Z", "fetched_at": "2025-07-11T16:39:33.599527+00:00", "symbol": "ADA-USD"}, {"trade_id": 143045608, "side": "sell", "size": "74.68175841", "price": "0.72900000", "time": "2025-07-11T16:38:04.951714Z", "fetched_at": "2025-07-11T16:39:33.599527+00:00", "symbol": "ADA-USD"}, {"trade_id": 143045607, "side": "sell", "size": "74.41718464", "price": "0.72900000", "time": "2025-07-11T16:38:04.867759Z", "fetched_at": "2025-07-11T16:39:33.599527+00:00", "symbol": "ADA-USD"}, {"trade_id": 143045606, "side": "sell", "size": "112.23393370", "price": "0.72900000", "time": "2025-07-11T16:38:04.856881Z", "fetched_at": "2025-07-11T16:39:33.599527+00:00", "symbol": "ADA-USD"}, {"trade_id": 143045605, "side": "sell", "size": "8.18526980", "price": "0.72900000", "time": "2025-07-11T16:38:04.856881Z", "fetched_at": "2025-07-11T16:39:33.599527+00:00", "symbol": "ADA-USD"}, {"trade_id": 143045604, "side": "sell", "size": "1487.44473362", "price": "0.72900000", "time": "2025-07-11T16:38:04.825407Z", "fetched_at": "2025-07-11T16:39:33.599527+00:00", "symbol": "ADA-USD"}, {"trade_id": 143045603, "side": "sell", "size": "805.70475351", "price": "0.72900000", "time": "2025-07-11T16:38:04.813943Z", "fetched_at": "2025-07-11T16:39:33.599527+00:00", "symbol": "ADA-USD"}, {"trade_id": 143045602, "side": "sell", "size": "749.22143211", "price": "0.72890000", "time": "2025-07-11T16:38:04.707988Z", "fetched_at": "2025-07-11T16:39:33.599527+00:00", "symbol": "ADA-USD"}, {"trade_id": 143045601, "side": "sell", "size": "701.54299246", "price": "0.72880000", "time": "2025-07-11T16:38:04.554786Z", "fetched_at": "2025-07-11T16:39:33.599527+00:00", "symbol": "ADA-USD"}, {"trade_id": 143045600, "side": "sell", "size": "67.71035000", "price": "0.72870000", "time": "2025-07-11T16:38:04.263975Z", "fetched_at": "2025-07-11T16:39:33.599527+00:00", "symbol": "ADA-USD"}, {"trade_id": 143045599, "side": "sell", "size": "146.90053632", "price": "0.72870000", "time": "2025-07-11T16:38:04.262681Z", "fetched_at": "2025-07-11T16:39:33.599527+00:00", "symbol": "ADA-USD"}, {"trade_id": 143045598, "side": "sell", "size": "68.99395744", "price": "0.72880000", "time": "2025-07-11T16:38:04.252634Z", "fetched_at": "2025-07-11T16:39:33.599527+00:00", "symbol": "ADA-USD"}, {"trade_id": 143045597, "side": "buy", "size": "2660.09251200", "price": "0.72870000", "time": "2025-07-11T16:38:04.250763Z", "fetched_at": "2025-07-11T16:39:33.599527+00:00", "symbol": "ADA-USD"}, {"trade_id": 143045596, "side": "buy", "size": "686.13140974", "price": "0.72870000", "time": "2025-07-11T16:38:04.250763Z", "fetched_at": "2025-07-11T16:39:33.599527+00:00", "symbol": "ADA-USD"}, {"trade_id": 143045595, "side": "buy", "size": "38.36121383", "price": "0.72880000", "time": "2025-07-11T16:38:04.245868Z", "fetched_at": "2025-07-11T16:39:33.599527+00:00", "symbol": "ADA-USD"}, {"trade_id": 143045594, "side": "sell", "size": "162.41984618", "price": "0.72890000", "time": "2025-07-11T16:38:04.242438Z", "fetched_at": "2025-07-11T16:39:33.599527+00:00", "symbol": "ADA-USD"}, {"trade_id": 143045593, "side": "sell", "size": "73.53897323", "price": "0.72890000", "time": "2025-07-11T16:38:04.219545Z", "fetched_at": "2025-07-11T16:39:33.599527+00:00", "symbol": "ADA-USD"}, {"trade_id": 143045592, "side": "sell", "size": "708.24103452", "price": "0.72890000", "time": "2025-07-11T16:38:04.219545Z", "fetched_at": "2025-07-11T16:39:33.599527+00:00", "symbol": "ADA-USD"}, {"trade_id": 143045591, "side": "buy", "size": "38.35595094", "price": "0.72890000", "time": "2025-07-11T16:38:03.972161Z", "fetched_at": "2025-07-11T16:39:33.599527+00:00", "symbol": "ADA-USD"}, {"trade_id": 143045590, "side": "sell", "size": "96.70106439", "price": "0.72890000", "time": "2025-07-11T16:38:03.545631Z", "fetched_at": "2025-07-11T16:39:33.599527+00:00", "symbol": "ADA-USD"}, {"trade_id": 143045589, "side": "sell", "size": "8.18526980", "price": "0.72880000", "time": "2025-07-11T16:38:03.530050Z", "fetched_at": "2025-07-11T16:39:33.599527+00:00", "symbol": "ADA-USD"}, {"trade_id": 143045588, "side": "sell", "size": "252.63944464", "price": "0.72880000", "time": "2025-07-11T16:38:03.518880Z", "fetched_at": "2025-07-11T16:39:33.599527+00:00", "symbol": "ADA-USD"}, {"trade_id": 143045587, "side": "sell", "size": "417.88734609", "price": "0.72870000", "time": "2025-07-11T16:38:03.481300Z", "fetched_at": "2025-07-11T16:39:33.599527+00:00", "symbol": "ADA-USD"}, {"trade_id": 143045586, "side": "sell", "size": "10.56719975", "price": "0.72870000", "time": "2025-07-11T16:38:03.464567Z", "fetched_at": "2025-07-11T16:39:33.599527+00:00", "symbol": "ADA-USD"}, {"trade_id": 143045585, "side": "sell", "size": "960.24674775", "price": "0.72870000", "time": "2025-07-11T16:38:03.441912Z", "fetched_at": "2025-07-11T16:39:33.599527+00:00", "symbol": "ADA-USD"}, {"trade_id": 143045584, "side": "sell", "size": "72.46574000", "price": "0.72870000", "time": "2025-07-11T16:38:03.418816Z", "fetched_at": "2025-07-11T16:39:33.599527+00:00", "symbol": "ADA-USD"}, {"trade_id": 143045583, "side": "sell", "size": "51.00306000", "price": "0.72870000", "time": "2025-07-11T16:38:03.418816Z", "fetched_at": "2025-07-11T16:39:33.599527+00:00", "symbol": "ADA-USD"}, {"trade_id": 143045582, "side": "buy", "size": "38.36647817", "price": "0.72870000", "time": "2025-07-11T16:38:03.411108Z", "fetched_at": "2025-07-11T16:39:33.599527+00:00", "symbol": "ADA-USD"}, {"trade_id": 143045581, "side": "buy", "size": "500.00000000", "price": "0.72870000", "time": "2025-07-11T16:38:03.408741Z", "fetched_at": "2025-07-11T16:39:33.599527+00:00", "symbol": "ADA-USD"}, {"trade_id": 143045580, "side": "buy", "size": "812.04957514", "price": "0.72870000", "time": "2025-07-11T16:38:03.408741Z", "fetched_at": "2025-07-11T16:39:33.599527+00:00", "symbol": "ADA-USD"}, {"trade_id": 143045579, "side": "buy", "size": "422.50952285", "price": "0.72870000", "time": "2025-07-11T16:38:03.408741Z", "fetched_at": "2025-07-11T16:39:33.599527+00:00", "symbol": "ADA-USD"}, {"trade_id": 143045578, "side": "sell", "size": "206.20948000", "price": "0.72880000", "time": "2025-07-11T16:38:03.387860Z", "fetched_at": "2025-07-11T16:39:33.599527+00:00", "symbol": "ADA-USD"}, {"trade_id": 143045577, "side": "buy", "size": "38.36121383", "price": "0.72880000", "time": "2025-07-11T16:38:03.379932Z", "fetched_at": "2025-07-11T16:39:33.599527+00:00", "symbol": "ADA-USD"}, {"trade_id": 143045576, "side": "buy", "size": "5371.20000000", "price": "0.72880000", "time": "2025-07-11T16:38:03.379932Z", "fetched_at": "2025-07-11T16:39:33.599527+00:00", "symbol": "ADA-USD"}, {"trade_id": 143045575, "side": "buy", "size": "1.60000000", "price": "0.72880000", "time": "2025-07-11T16:38:03.379932Z", "fetched_at": "2025-07-11T16:39:33.599527+00:00", "symbol": "ADA-USD"}, {"trade_id": 143045574, "side": "buy", "size": "0.00008949", "price": "0.72900000", "time": "2025-07-11T16:38:03.060815Z", "fetched_at": "2025-07-11T16:39:33.599527+00:00", "symbol": "ADA-USD"}, {"trade_id": 143045573, "side": "buy", "size": "38.35060000", "price": "0.72900000", "time": "2025-07-11T16:38:03.055744Z", "fetched_at": "2025-07-11T16:39:33.599527+00:00", "symbol": "ADA-USD"}, {"trade_id": 143045572, "side": "sell", "size": "751.13967343", "price": "0.72900000", "time": "2025-07-11T16:38:02.759572Z", "fetched_at": "2025-07-11T16:39:33.599527+00:00", "symbol": "ADA-USD"}, {"trade_id": 143045571, "side": "buy", "size": "695.67120795", "price": "0.72890000", "time": "2025-07-11T16:38:02.737592Z", "fetched_at": "2025-07-11T16:39:33.599527+00:00", "symbol": "ADA-USD"}, {"trade_id": 143045570, "side": "buy", "size": "545.30718216", "price": "0.72890000", "time": "2025-07-11T16:38:02.737592Z", "fetched_at": "2025-07-11T16:39:33.599527+00:00", "symbol": "ADA-USD"}, {"trade_id": 143045569, "side": "buy", "size": "106.19892733", "price": "0.72900000", "time": "2025-07-11T16:38:02.737592Z", "fetched_at": "2025-07-11T16:39:33.599527+00:00", "symbol": "ADA-USD"}, {"trade_id": 143045568, "side": "sell", "size": "741.27158583", "price": "0.72920000", "time": "2025-07-11T16:38:02.731733Z", "fetched_at": "2025-07-11T16:39:33.599527+00:00", "symbol": "ADA-USD"}, {"trade_id": 143045567, "side": "buy", "size": "50.00000000", "price": "0.72900000", "time": "2025-07-11T16:38:02.726872Z", "fetched_at": "2025-07-11T16:39:33.599527+00:00", "symbol": "ADA-USD"}, {"trade_id": 143045566, "side": "sell", "size": "128.04892000", "price": "0.72910000", "time": "2025-07-11T16:38:02.721598Z", "fetched_at": "2025-07-11T16:39:33.599527+00:00", "symbol": "ADA-USD"}, {"trade_id": 143045565, "side": "sell", "size": "185.20320000", "price": "0.72910000", "time": "2025-07-11T16:38:02.721598Z", "fetched_at": "2025-07-11T16:39:33.599527+00:00", "symbol": "ADA-USD"}, {"trade_id": 143045564, "side": "buy", "size": "50.00000000", "price": "0.72910000", "time": "2025-07-11T16:38:02.716671Z", "fetched_at": "2025-07-11T16:39:33.599527+00:00", "symbol": "ADA-USD"}, {"trade_id": 143045563, "side": "buy", "size": "579.14044416", "price": "0.72910000", "time": "2025-07-11T16:38:02.716671Z", "fetched_at": "2025-07-11T16:39:33.599527+00:00", "symbol": "ADA-USD"}, {"trade_id": 143045562, "side": "buy", "size": "553.64479496", "price": "0.72920000", "time": "2025-07-11T16:38:02.712114Z", "fetched_at": "2025-07-11T16:39:33.599527+00:00", "symbol": "ADA-USD"}, {"trade_id": 143045561, "side": "sell", "size": "78.24788000", "price": "0.72930000", "time": "2025-07-11T16:38:02.711789Z", "fetched_at": "2025-07-11T16:39:33.599527+00:00", "symbol": "ADA-USD"}, {"trade_id": 143045560, "side": "sell", "size": "123.46880000", "price": "0.72930000", "time": "2025-07-11T16:38:02.711789Z", "fetched_at": "2025-07-11T16:39:33.599527+00:00", "symbol": "ADA-USD"}, {"trade_id": 143045559, "side": "sell", "size": "1429.18992916", "price": "0.72960000", "time": "2025-07-11T16:38:02.707555Z", "fetched_at": "2025-07-11T16:39:33.599527+00:00", "symbol": "ADA-USD"}, {"trade_id": 143045558, "side": "sell", "size": "1.60000000", "price": "0.72960000", "time": "2025-07-11T16:38:02.707555Z", "fetched_at": "2025-07-11T16:39:33.599527+00:00", "symbol": "ADA-USD"}, {"trade_id": 143045557, "side": "sell", "size": "134.47778000", "price": "0.72950000", "time": "2025-07-11T16:38:02.707555Z", "fetched_at": "2025-07-11T16:39:33.599527+00:00", "symbol": "ADA-USD"}, {"trade_id": 143045556, "side": "sell", "size": "746.20245192", "price": "0.72950000", "time": "2025-07-11T16:38:02.707555Z", "fetched_at": "2025-07-11T16:39:33.599527+00:00", "symbol": "ADA-USD"}, {"trade_id": 143045555, "side": "sell", "size": "391.50000000", "price": "0.72950000", "time": "2025-07-11T16:38:02.707555Z", "fetched_at": "2025-07-11T16:39:33.599527+00:00", "symbol": "ADA-USD"}, {"trade_id": 143045554, "side": "sell", "size": "8.18526980", "price": "0.72950000", "time": "2025-07-11T16:38:02.707555Z", "fetched_at": "2025-07-11T16:39:33.599527+00:00", "symbol": "ADA-USD"}, {"trade_id": 143045553, "side": "sell", "size": "38.82788912", "price": "0.72950000", "time": "2025-07-11T16:38:02.707555Z", "fetched_at": "2025-07-11T16:39:33.599527+00:00", "symbol": "ADA-USD"}, {"trade_id": 143045552, "side": "sell", "size": "201.71668000", "price": "0.72930000", "time": "2025-07-11T16:38:02.707555Z", "fetched_at": "2025-07-11T16:39:33.599527+00:00", "symbol": "ADA-USD"}, {"trade_id": 143045551, "side": "buy", "size": "0.00007352", "price": "0.72940000", "time": "2025-07-11T16:38:02.704997Z", "fetched_at": "2025-07-11T16:39:33.599527+00:00", "symbol": "ADA-USD"}, {"trade_id": 143045550, "side": "buy", "size": "219.81810000", "price": "0.72940000", "time": "2025-07-11T16:38:02.703324Z", "fetched_at": "2025-07-11T16:39:33.599527+00:00", "symbol": "ADA-USD"}, {"trade_id": 143045549, "side": "buy", "size": "98.77425619", "price": "0.72940000", "time": "2025-07-11T16:38:02.697307Z", "fetched_at": "2025-07-11T16:39:33.599527+00:00", "symbol": "ADA-USD"}, {"trade_id": 143045548, "side": "buy", "size": "50.00000000", "price": "0.72940000", "time": "2025-07-11T16:38:02.694922Z", "fetched_at": "2025-07-11T16:39:33.599527+00:00", "symbol": "ADA-USD"}, {"trade_id": 143045547, "side": "buy", "size": "24.79570937", "price": "0.72920000", "time": "2025-07-11T16:38:02.682129Z", "fetched_at": "2025-07-11T16:39:33.599527+00:00", "symbol": "ADA-USD"}, {"trade_id": 143045546, "side": "buy", "size": "49.59141873", "price": "0.72920000", "time": "2025-07-11T16:38:02.682129Z", "fetched_at": "2025-07-11T16:39:33.599527+00:00", "symbol": "ADA-USD"}, {"trade_id": 143045545, "side": "buy", "size": "126.07642000", "price": "0.72920000", "time": "2025-07-11T16:38:02.682129Z", "fetched_at": "2025-07-11T16:39:33.599527+00:00", "symbol": "ADA-USD"}