[{"trade_id": 143000297, "side": "buy", "size": "13.15616367", "price": "0.76010000", "time": "2025-07-11T15:20:49.546537Z", "fetched_at": "2025-07-11T15:20:51.905443+00:00", "symbol": "ADA-USD"}, {"trade_id": 143000296, "side": "buy", "size": "1.50000000", "price": "0.76000000", "time": "2025-07-11T15:20:49.458294Z", "fetched_at": "2025-07-11T15:20:51.905443+00:00", "symbol": "ADA-USD"}, {"trade_id": 143000295, "side": "buy", "size": "13.15616367", "price": "0.76010000", "time": "2025-07-11T15:20:49.450092Z", "fetched_at": "2025-07-11T15:20:51.905443+00:00", "symbol": "ADA-USD"}, {"trade_id": 143000294, "side": "buy", "size": "1.50000000", "price": "0.76010000", "time": "2025-07-11T15:20:49.450092Z", "fetched_at": "2025-07-11T15:20:51.905443+00:00", "symbol": "ADA-USD"}, {"trade_id": 143000293, "side": "buy", "size": "1.50000000", "price": "0.76020000", "time": "2025-07-11T15:20:49.445139Z", "fetched_at": "2025-07-11T15:20:51.905443+00:00", "symbol": "ADA-USD"}, {"trade_id": 143000292, "side": "buy", "size": "296.54847242", "price": "0.76040000", "time": "2025-07-11T15:20:48.640Z", "fetched_at": "2025-07-11T15:20:51.905443+00:00", "symbol": "ADA-USD"}, {"trade_id": 143000291, "side": "sell", "size": "11.35197000", "price": "0.76050000", "time": "2025-07-11T15:20:48.635799Z", "fetched_at": "2025-07-11T15:20:51.905443+00:00", "symbol": "ADA-USD"}, {"trade_id": 143000290, "side": "sell", "size": "51.00306000", "price": "0.76050000", "time": "2025-07-11T15:20:48.635799Z", "fetched_at": "2025-07-11T15:20:51.905443+00:00", "symbol": "ADA-USD"}, {"trade_id": 143000289, "side": "buy", "size": "692.34213794", "price": "0.76040000", "time": "2025-07-11T15:20:48.629026Z", "fetched_at": "2025-07-11T15:20:51.905443+00:00", "symbol": "ADA-USD"}, {"trade_id": 143000288, "side": "buy", "size": "1.50000000", "price": "0.76040000", "time": "2025-07-11T15:20:48.629026Z", "fetched_at": "2025-07-11T15:20:51.905443+00:00", "symbol": "ADA-USD"}, {"trade_id": 143000287, "side": "buy", "size": "13.14924392", "price": "0.76050000", "time": "2025-07-11T15:20:48.529481Z", "fetched_at": "2025-07-11T15:20:51.905443+00:00", "symbol": "ADA-USD"}, {"trade_id": 143000286, "side": "buy", "size": "1.50000000", "price": "0.76050000", "time": "2025-07-11T15:20:48.529481Z", "fetched_at": "2025-07-11T15:20:51.905443+00:00", "symbol": "ADA-USD"}, {"trade_id": 143000285, "side": "buy", "size": "8964.33417752", "price": "0.76060000", "time": "2025-07-11T15:20:48.454610Z", "fetched_at": "2025-07-11T15:20:51.905443+00:00", "symbol": "ADA-USD"}, {"trade_id": 143000284, "side": "buy", "size": "5123.16240248", "price": "0.76060000", "time": "2025-07-11T15:20:48.453895Z", "fetched_at": "2025-07-11T15:20:51.905443+00:00", "symbol": "ADA-USD"}, {"trade_id": 143000283, "side": "buy", "size": "160.47689148", "price": "0.76060000", "time": "2025-07-11T15:20:47.552704Z", "fetched_at": "2025-07-11T15:20:51.905443+00:00", "symbol": "ADA-USD"}, {"trade_id": 143000282, "side": "buy", "size": "174.03223475", "price": "0.76060000", "time": "2025-07-11T15:20:47.536974Z", "fetched_at": "2025-07-11T15:20:51.905443+00:00", "symbol": "ADA-USD"}, {"trade_id": 143000281, "side": "buy", "size": "172.40960968", "price": "0.76060000", "time": "2025-07-11T15:20:47.518040Z", "fetched_at": "2025-07-11T15:20:51.905443+00:00", "symbol": "ADA-USD"}, {"trade_id": 143000280, "side": "buy", "size": "219.18461427", "price": "0.76060000", "time": "2025-07-11T15:20:47.493872Z", "fetched_at": "2025-07-11T15:20:51.905443+00:00", "symbol": "ADA-USD"}, {"trade_id": 143000279, "side": "buy", "size": "170.65328081", "price": "0.76060000", "time": "2025-07-11T15:20:47.450991Z", "fetched_at": "2025-07-11T15:20:51.905443+00:00", "symbol": "ADA-USD"}, {"trade_id": 143000278, "side": "buy", "size": "225.22882345", "price": "0.76060000", "time": "2025-07-11T15:20:47.410858Z", "fetched_at": "2025-07-11T15:20:51.905443+00:00", "symbol": "ADA-USD"}, {"trade_id": 143000277, "side": "buy", "size": "254.44539635", "price": "0.76060000", "time": "2025-07-11T15:20:47.395256Z", "fetched_at": "2025-07-11T15:20:51.905443+00:00", "symbol": "ADA-USD"}, {"trade_id": 143000276, "side": "buy", "size": "681.68810534", "price": "0.76060000", "time": "2025-07-11T15:20:47.378807Z", "fetched_at": "2025-07-11T15:20:51.905443+00:00", "symbol": "ADA-USD"}, {"trade_id": 143000275, "side": "sell", "size": "13.14302035", "price": "0.76070000", "time": "2025-07-11T15:20:46.803180Z", "fetched_at": "2025-07-11T15:20:51.905443+00:00", "symbol": "ADA-USD"}, {"trade_id": 143000274, "side": "buy", "size": "13.14578678", "price": "0.76070000", "time": "2025-07-11T15:20:46.620818Z", "fetched_at": "2025-07-11T15:20:51.905443+00:00", "symbol": "ADA-USD"}, {"trade_id": 143000273, "side": "buy", "size": "14087.49658000", "price": "0.76070000", "time": "2025-07-11T15:20:46.620818Z", "fetched_at": "2025-07-11T15:20:51.905443+00:00", "symbol": "ADA-USD"}, {"trade_id": 143000272, "side": "buy", "size": "13.14405889", "price": "0.76080000", "time": "2025-07-11T15:20:43.935505Z", "fetched_at": "2025-07-11T15:20:51.905443+00:00", "symbol": "ADA-USD"}, {"trade_id": 143000271, "side": "buy", "size": "1072.88965000", "price": "0.76060000", "time": "2025-07-11T15:20:43.196342Z", "fetched_at": "2025-07-11T15:20:51.905443+00:00", "symbol": "ADA-USD"}, {"trade_id": 143000270, "side": "buy", "size": "1512.92020000", "price": "0.76060000", "time": "2025-07-11T15:20:43.196342Z", "fetched_at": "2025-07-11T15:20:51.905443+00:00", "symbol": "ADA-USD"}, {"trade_id": 143000269, "side": "buy", "size": "391.50000000", "price": "0.76060000", "time": "2025-07-11T15:20:43.196342Z", "fetched_at": "2025-07-11T15:20:51.905443+00:00", "symbol": "ADA-USD"}, {"trade_id": 143000268, "side": "buy", "size": "14087.49658000", "price": "0.76070000", "time": "2025-07-11T15:20:43.196342Z", "fetched_at": "2025-07-11T15:20:51.905443+00:00", "symbol": "ADA-USD"}, {"trade_id": 143000267, "side": "buy", "size": "121.19357000", "price": "0.76080000", "time": "2025-07-11T15:20:43.196342Z", "fetched_at": "2025-07-11T15:20:51.905443+00:00", "symbol": "ADA-USD"}, {"trade_id": 143000266, "side": "buy", "size": "13.14751512", "price": "0.76060000", "time": "2025-07-11T15:20:42.298394Z", "fetched_at": "2025-07-11T15:20:51.905443+00:00", "symbol": "ADA-USD"}, {"trade_id": 143000265, "side": "buy", "size": "1.50000000", "price": "0.76060000", "time": "2025-07-11T15:20:42.298394Z", "fetched_at": "2025-07-11T15:20:51.905443+00:00", "symbol": "ADA-USD"}, {"trade_id": 143000264, "side": "buy", "size": "9509.21006158", "price": "0.76070000", "time": "2025-07-11T15:20:42.274906Z", "fetched_at": "2025-07-11T15:20:51.905443+00:00", "symbol": "ADA-USD"}, {"trade_id": 143000263, "side": "buy", "size": "4578.28651842", "price": "0.76070000", "time": "2025-07-11T15:20:42.254011Z", "fetched_at": "2025-07-11T15:20:51.905443+00:00", "symbol": "ADA-USD"}, {"trade_id": 143000262, "side": "buy", "size": "13.14405889", "price": "0.76080000", "time": "2025-07-11T15:20:42.254011Z", "fetched_at": "2025-07-11T15:20:51.905443+00:00", "symbol": "ADA-USD"}, {"trade_id": 143000261, "side": "sell", "size": "68.10133000", "price": "0.76080000", "time": "2025-07-11T15:20:42.047938Z", "fetched_at": "2025-07-11T15:20:51.905443+00:00", "symbol": "ADA-USD"}, {"trade_id": 143000260, "side": "buy", "size": "13.14405889", "price": "0.76080000", "time": "2025-07-11T15:20:41.645164Z", "fetched_at": "2025-07-11T15:20:51.905443+00:00", "symbol": "ADA-USD"}, {"trade_id": 143000259, "side": "buy", "size": "657.18168329", "price": "0.76080000", "time": "2025-07-11T15:20:41.604412Z", "fetched_at": "2025-07-11T15:20:51.905443+00:00", "symbol": "ADA-USD"}, {"trade_id": 143000258, "side": "buy", "size": "27.54981671", "price": "0.76080000", "time": "2025-07-11T15:20:41.604412Z", "fetched_at": "2025-07-11T15:20:51.905443+00:00", "symbol": "ADA-USD"}, {"trade_id": 143000257, "side": "buy", "size": "1.50000000", "price": "0.76090000", "time": "2025-07-11T15:20:41.591357Z", "fetched_at": "2025-07-11T15:20:51.905443+00:00", "symbol": "ADA-USD"}, {"trade_id": 143000256, "side": "buy", "size": "129.07893000", "price": "0.76100000", "time": "2025-07-11T15:20:41.579130Z", "fetched_at": "2025-07-11T15:20:51.905443+00:00", "symbol": "ADA-USD"}, {"trade_id": 143000255, "side": "buy", "size": "125.32780000", "price": "0.76100000", "time": "2025-07-11T15:20:41.579130Z", "fetched_at": "2025-07-11T15:20:51.905443+00:00", "symbol": "ADA-USD"}, {"trade_id": 143000254, "side": "buy", "size": "121.19357000", "price": "0.76100000", "time": "2025-07-11T15:20:41.579130Z", "fetched_at": "2025-07-11T15:20:51.905443+00:00", "symbol": "ADA-USD"}, {"trade_id": 143000253, "side": "buy", "size": "13.14060447", "price": "0.76100000", "time": "2025-07-11T15:20:41.579130Z", "fetched_at": "2025-07-11T15:20:51.905443+00:00", "symbol": "ADA-USD"}, {"trade_id": 143000252, "side": "sell", "size": "23.61568910", "price": "0.76110000", "time": "2025-07-11T15:20:40.644388Z", "fetched_at": "2025-07-11T15:20:51.905443+00:00", "symbol": "ADA-USD"}, {"trade_id": 143000251, "side": "sell", "size": "51.00306000", "price": "0.76110000", "time": "2025-07-11T15:20:40.644388Z", "fetched_at": "2025-07-11T15:20:51.905443+00:00", "symbol": "ADA-USD"}, {"trade_id": 143000250, "side": "sell", "size": "727.98709898", "price": "0.76110000", "time": "2025-07-11T15:20:40.644388Z", "fetched_at": "2025-07-11T15:20:51.905443+00:00", "symbol": "ADA-USD"}, {"trade_id": 143000249, "side": "sell", "size": "684.25122816", "price": "0.76110000", "time": "2025-07-11T15:20:40.644388Z", "fetched_at": "2025-07-11T15:20:51.905443+00:00", "symbol": "ADA-USD"}, {"trade_id": 143000248, "side": "sell", "size": "13.14292376", "price": "0.76110000", "time": "2025-07-11T15:20:40.644388Z", "fetched_at": "2025-07-11T15:20:51.905443+00:00", "symbol": "ADA-USD"}, {"trade_id": 143000247, "side": "sell", "size": "13.14460506", "price": "0.76100000", "time": "2025-07-11T15:20:40.411149Z", "fetched_at": "2025-07-11T15:20:51.905443+00:00", "symbol": "ADA-USD"}, {"trade_id": 143000246, "side": "sell", "size": "20.00000000", "price": "0.76100000", "time": "2025-07-11T15:20:40.411149Z", "fetched_at": "2025-07-11T15:20:51.905443+00:00", "symbol": "ADA-USD"}, {"trade_id": 143000245, "side": "sell", "size": "6.50545400", "price": "0.76090000", "time": "2025-07-11T15:20:40.164939Z", "fetched_at": "2025-07-11T15:20:51.905443+00:00", "symbol": "ADA-USD"}, {"trade_id": 143000244, "side": "sell", "size": "13.14304854", "price": "0.76070000", "time": "2025-07-11T15:20:38.856744Z", "fetched_at": "2025-07-11T15:20:51.905443+00:00", "symbol": "ADA-USD"}, {"trade_id": 143000243, "side": "sell", "size": "13.14304899", "price": "0.76070000", "time": "2025-07-11T15:20:38.825518Z", "fetched_at": "2025-07-11T15:20:51.905443+00:00", "symbol": "ADA-USD"}, {"trade_id": 143000242, "side": "sell", "size": "13.14304899", "price": "0.76070000", "time": "2025-07-11T15:20:38.815452Z", "fetched_at": "2025-07-11T15:20:51.905443+00:00", "symbol": "ADA-USD"}, {"trade_id": 143000241, "side": "sell", "size": "13.14294880", "price": "0.76060000", "time": "2025-07-11T15:20:38.745719Z", "fetched_at": "2025-07-11T15:20:51.905443+00:00", "symbol": "ADA-USD"}, {"trade_id": 143000240, "side": "buy", "size": "13.14578678", "price": "0.76070000", "time": "2025-07-11T15:20:38.463517Z", "fetched_at": "2025-07-11T15:20:51.905443+00:00", "symbol": "ADA-USD"}, {"trade_id": 143000239, "side": "sell", "size": "494.46520015", "price": "0.76090000", "time": "2025-07-11T15:20:37.727514Z", "fetched_at": "2025-07-11T15:20:51.905443+00:00", "symbol": "ADA-USD"}, {"trade_id": 143000238, "side": "sell", "size": "793.91231124", "price": "0.76090000", "time": "2025-07-11T15:20:37.727514Z", "fetched_at": "2025-07-11T15:20:51.905443+00:00", "symbol": "ADA-USD"}, {"trade_id": 143000237, "side": "sell", "size": "13.14983461", "price": "0.76090000", "time": "2025-07-11T15:20:37.727514Z", "fetched_at": "2025-07-11T15:20:51.905443+00:00", "symbol": "ADA-USD"}, {"trade_id": 143000236, "side": "buy", "size": "1.92004500", "price": "0.76080000", "time": "2025-07-11T15:20:37.397479Z", "fetched_at": "2025-07-11T15:20:51.905443+00:00", "symbol": "ADA-USD"}, {"trade_id": 143000235, "side": "buy", "size": "586.12504564", "price": "0.76060000", "time": "2025-07-11T15:20:37.153294Z", "fetched_at": "2025-07-11T15:20:51.905443+00:00", "symbol": "ADA-USD"}, {"trade_id": 143000234, "side": "buy", "size": "248.32734198", "price": "0.76060000", "time": "2025-07-11T15:20:37.153294Z", "fetched_at": "2025-07-11T15:20:51.905443+00:00", "symbol": "ADA-USD"}, {"trade_id": 143000233, "side": "buy", "size": "260.26416813", "price": "0.76060000", "time": "2025-07-11T15:20:37.153294Z", "fetched_at": "2025-07-11T15:20:51.905443+00:00", "symbol": "ADA-USD"}, {"trade_id": 143000232, "side": "buy", "size": "391.50000000", "price": "0.76060000", "time": "2025-07-11T15:20:37.153294Z", "fetched_at": "2025-07-11T15:20:51.905443+00:00", "symbol": "ADA-USD"}, {"trade_id": 143000231, "side": "buy", "size": "5.49307425", "price": "0.76080000", "time": "2025-07-11T15:20:37.153294Z", "fetched_at": "2025-07-11T15:20:51.905443+00:00", "symbol": "ADA-USD"}, {"trade_id": 143000230, "side": "buy", "size": "121.19357000", "price": "0.76080000", "time": "2025-07-11T15:20:37.153294Z", "fetched_at": "2025-07-11T15:20:51.905443+00:00", "symbol": "ADA-USD"}, {"trade_id": 143000229, "side": "buy", "size": "1091.12857788", "price": "0.76040000", "time": "2025-07-11T15:20:36.449290Z", "fetched_at": "2025-07-11T15:20:51.905443+00:00", "symbol": "ADA-USD"}, {"trade_id": 143000228, "side": "buy", "size": "1516.72781000", "price": "0.76040000", "time": "2025-07-11T15:20:36.449290Z", "fetched_at": "2025-07-11T15:20:51.905443+00:00", "symbol": "ADA-USD"}, {"trade_id": 143000227, "side": "buy", "size": "1516.02280000", "price": "0.76040000", "time": "2025-07-11T15:20:36.449290Z", "fetched_at": "2025-07-11T15:20:51.905443+00:00", "symbol": "ADA-USD"}, {"trade_id": 143000226, "side": "buy", "size": "391.50000000", "price": "0.76040000", "time": "2025-07-11T15:20:36.449290Z", "fetched_at": "2025-07-11T15:20:51.905443+00:00", "symbol": "ADA-USD"}, {"trade_id": 143000225, "side": "buy", "size": "391.50000000", "price": "0.76050000", "time": "2025-07-11T15:20:36.449290Z", "fetched_at": "2025-07-11T15:20:51.905443+00:00", "symbol": "ADA-USD"}, {"trade_id": 143000224, "side": "buy", "size": "13.14751512", "price": "0.76060000", "time": "2025-07-11T15:20:36.449290Z", "fetched_at": "2025-07-11T15:20:51.905443+00:00", "symbol": "ADA-USD"}, {"trade_id": 143000223, "side": "buy", "size": "121.19357000", "price": "0.76070000", "time": "2025-07-11T15:20:36.449290Z", "fetched_at": "2025-07-11T15:20:51.905443+00:00", "symbol": "ADA-USD"}, {"trade_id": 143000222, "side": "buy", "size": "125.32780000", "price": "0.76070000", "time": "2025-07-11T15:20:36.449290Z", "fetched_at": "2025-07-11T15:20:51.905443+00:00", "symbol": "ADA-USD"}, {"trade_id": 143000221, "side": "sell", "size": "13.14635854", "price": "0.76070000", "time": "2025-07-11T15:20:36.407458Z", "fetched_at": "2025-07-11T15:20:51.905443+00:00", "symbol": "ADA-USD"}, {"trade_id": 143000220, "side": "sell", "size": "13.14635854", "price": "0.76060000", "time": "2025-07-11T15:20:36.219891Z", "fetched_at": "2025-07-11T15:20:51.905443+00:00", "symbol": "ADA-USD"}, {"trade_id": 143000219, "side": "buy", "size": "1466.81406271", "price": "0.76030000", "time": "2025-07-11T15:20:35.667401Z", "fetched_at": "2025-07-11T15:20:51.905443+00:00", "symbol": "ADA-USD"}, {"trade_id": 143000218, "side": "buy", "size": "2.34537039", "price": "0.76050000", "time": "2025-07-11T15:20:35.656080Z", "fetched_at": "2025-07-11T15:20:51.905443+00:00", "symbol": "ADA-USD"}, {"trade_id": 143000217, "side": "buy", "size": "121.19357000", "price": "0.76050000", "time": "2025-07-11T15:20:35.656080Z", "fetched_at": "2025-07-11T15:20:51.905443+00:00", "symbol": "ADA-USD"}, {"trade_id": 143000216, "side": "sell", "size": "175.64988636", "price": "0.76060000", "time": "2025-07-11T15:20:35.177014Z", "fetched_at": "2025-07-11T15:20:51.905443+00:00", "symbol": "ADA-USD"}, {"trade_id": 143000215, "side": "sell", "size": "13.15126276", "price": "0.76060000", "time": "2025-07-11T15:20:35.177014Z", "fetched_at": "2025-07-11T15:20:51.905443+00:00", "symbol": "ADA-USD"}, {"trade_id": 143000214, "side": "buy", "size": "85.58359810", "price": "0.76060000", "time": "2025-07-11T15:20:34.909012Z", "fetched_at": "2025-07-11T15:20:51.905443+00:00", "symbol": "ADA-USD"}, {"trade_id": 143000213, "side": "buy", "size": "125.32780000", "price": "0.76060000", "time": "2025-07-11T15:20:34.909012Z", "fetched_at": "2025-07-11T15:20:51.905443+00:00", "symbol": "ADA-USD"}, {"trade_id": 143000212, "side": "buy", "size": "51.00306000", "price": "0.76060000", "time": "2025-07-11T15:20:34.909012Z", "fetched_at": "2025-07-11T15:20:51.905443+00:00", "symbol": "ADA-USD"}, {"trade_id": 143000211, "side": "buy", "size": "121.19354990", "price": "0.76060000", "time": "2025-07-11T15:20:34.909012Z", "fetched_at": "2025-07-11T15:20:51.905443+00:00", "symbol": "ADA-USD"}, {"trade_id": 143000210, "side": "buy", "size": "0.00002010", "price": "0.76060000", "time": "2025-07-11T15:20:34.792795Z", "fetched_at": "2025-07-11T15:20:51.905443+00:00", "symbol": "ADA-USD"}, {"trade_id": 143000209, "side": "sell", "size": "13.14212147", "price": "0.76050000", "time": "2025-07-11T15:20:34.117085Z", "fetched_at": "2025-07-11T15:20:51.905443+00:00", "symbol": "ADA-USD"}, {"trade_id": 143000208, "side": "sell", "size": "13.14212147", "price": "0.76040000", "time": "2025-07-11T15:20:34.058272Z", "fetched_at": "2025-07-11T15:20:51.905443+00:00", "symbol": "ADA-USD"}, {"trade_id": 143000207, "side": "buy", "size": "0.00006759", "price": "0.76050000", "time": "2025-07-11T15:20:33.830163Z", "fetched_at": "2025-07-11T15:20:51.905443+00:00", "symbol": "ADA-USD"}, {"trade_id": 143000206, "side": "buy", "size": "3.11710000", "price": "0.76050000", "time": "2025-07-11T15:20:33.829022Z", "fetched_at": "2025-07-11T15:20:51.905443+00:00", "symbol": "ADA-USD"}, {"trade_id": 143000205, "side": "buy", "size": "657.52178551", "price": "0.76040000", "time": "2025-07-11T15:20:33.813346Z", "fetched_at": "2025-07-11T15:20:51.905443+00:00", "symbol": "ADA-USD"}, {"trade_id": 143000204, "side": "buy", "size": "1515.58869000", "price": "0.76040000", "time": "2025-07-11T15:20:33.813346Z", "fetched_at": "2025-07-11T15:20:51.905443+00:00", "symbol": "ADA-USD"}, {"trade_id": 143000203, "side": "buy", "size": "1518.08186000", "price": "0.76040000", "time": "2025-07-11T15:20:33.813346Z", "fetched_at": "2025-07-11T15:20:51.905443+00:00", "symbol": "ADA-USD"}, {"trade_id": 143000202, "side": "buy", "size": "1517.39628000", "price": "0.76040000", "time": "2025-07-11T15:20:33.813346Z", "fetched_at": "2025-07-11T15:20:51.905443+00:00", "symbol": "ADA-USD"}, {"trade_id": 143000201, "side": "buy", "size": "5829.50000000", "price": "0.76040000", "time": "2025-07-11T15:20:33.813346Z", "fetched_at": "2025-07-11T15:20:51.905443+00:00", "symbol": "ADA-USD"}, {"trade_id": 143000200, "side": "buy", "size": "1516.03190000", "price": "0.76040000", "time": "2025-07-11T15:20:33.813346Z", "fetched_at": "2025-07-11T15:20:51.905443+00:00", "symbol": "ADA-USD"}, {"trade_id": 143000199, "side": "buy", "size": "1.50000000", "price": "0.76040000", "time": "2025-07-11T15:20:33.813346Z", "fetched_at": "2025-07-11T15:20:51.905443+00:00", "symbol": "ADA-USD"}, {"trade_id": 143000198, "side": "buy", "size": "3.11716759", "price": "0.76050000", "time": "2025-07-11T15:20:33.813346Z", "fetched_at": "2025-07-11T15:20:51.905443+00:00", "symbol": "ADA-USD"}, {"trade_id": 143000197, "side": "buy", "size": "1.50000000", "price": "0.76050000", "time": "2025-07-11T15:20:33.813346Z", "fetched_at": "2025-07-11T15:20:51.905443+00:00", "symbol": "ADA-USD"}, {"trade_id": 143000196, "side": "buy", "size": "1.50000000", "price": "0.76060000", "time": "2025-07-11T15:20:33.813346Z", "fetched_at": "2025-07-11T15:20:51.905443+00:00", "symbol": "ADA-USD"}, {"trade_id": 143000195, "side": "buy", "size": "178.31848450", "price": "0.76070000", "time": "2025-07-11T15:20:33.389741Z", "fetched_at": "2025-07-11T15:20:51.905443+00:00", "symbol": "ADA-USD"}, {"trade_id": 143000194, "side": "buy", "size": "1.50000000", "price": "0.76080000", "time": "2025-07-11T15:20:33.378595Z", "fetched_at": "2025-07-11T15:20:51.905443+00:00", "symbol": "ADA-USD"}, {"trade_id": 143000193, "side": "buy", "size": "0.00001298", "price": "0.76100000", "time": "2025-07-11T15:20:32.752768Z", "fetched_at": "2025-07-11T15:20:51.905443+00:00", "symbol": "ADA-USD"}, {"trade_id": 143000192, "side": "buy", "size": "1.87872208", "price": "0.76100000", "time": "2025-07-11T15:20:32.749372Z", "fetched_at": "2025-07-11T15:20:51.905443+00:00", "symbol": "ADA-USD"}, {"trade_id": 143000191, "side": "buy", "size": "94.03432792", "price": "0.76100000", "time": "2025-07-11T15:20:32.749372Z", "fetched_at": "2025-07-11T15:20:51.905443+00:00", "symbol": "ADA-USD"}, {"trade_id": 143000190, "side": "sell", "size": "13.14292019", "price": "0.76140000", "time": "2025-07-11T15:20:30.586712Z", "fetched_at": "2025-07-11T15:20:51.905443+00:00", "symbol": "ADA-USD"}, {"trade_id": 143000189, "side": "sell", "size": "1.50000000", "price": "0.76140000", "time": "2025-07-11T15:20:30.586712Z", "fetched_at": "2025-07-11T15:20:51.905443+00:00", "symbol": "ADA-USD"}, {"trade_id": 143000188, "side": "sell", "size": "1.50000000", "price": "0.76130000", "time": "2025-07-11T15:20:30.549721Z", "fetched_at": "2025-07-11T15:20:51.905443+00:00", "symbol": "ADA-USD"}, {"trade_id": 143000187, "side": "sell", "size": "13.14292220", "price": "0.76120000", "time": "2025-07-11T15:20:30.537348Z", "fetched_at": "2025-07-11T15:20:51.905443+00:00", "symbol": "ADA-USD"}, {"trade_id": 143000186, "side": "sell", "size": "167.60754700", "price": "0.76120000", "time": "2025-07-11T15:20:30.245381Z", "fetched_at": "2025-07-11T15:20:51.905443+00:00", "symbol": "ADA-USD"}, {"trade_id": 143000185, "side": "sell", "size": "60.84683100", "price": "0.76120000", "time": "2025-07-11T15:20:30.159378Z", "fetched_at": "2025-07-11T15:20:51.905443+00:00", "symbol": "ADA-USD"}, {"trade_id": 143000184, "side": "sell", "size": "1.50000000", "price": "0.76120000", "time": "2025-07-11T15:20:30.159378Z", "fetched_at": "2025-07-11T15:20:51.905443+00:00", "symbol": "ADA-USD"}, {"trade_id": 143000183, "side": "sell", "size": "13.14292220", "price": "0.76110000", "time": "2025-07-11T15:20:30.035445Z", "fetched_at": "2025-07-11T15:20:51.905443+00:00", "symbol": "ADA-USD"}, {"trade_id": 143000182, "side": "buy", "size": "50.00000000", "price": "0.76090000", "time": "2025-07-11T15:20:29.853489Z", "fetched_at": "2025-07-11T15:20:51.905443+00:00", "symbol": "ADA-USD"}, {"trade_id": 143000181, "side": "buy", "size": "1.84091859", "price": "0.76080000", "time": "2025-07-11T15:20:29.332631Z", "fetched_at": "2025-07-11T15:20:51.905443+00:00", "symbol": "ADA-USD"}, {"trade_id": 143000180, "side": "buy", "size": "77.49950216", "price": "0.76060000", "time": "2025-07-11T15:20:27.772559Z", "fetched_at": "2025-07-11T15:20:51.905443+00:00", "symbol": "ADA-USD"}, {"trade_id": 143000179, "side": "buy", "size": "1516.48130000", "price": "0.76060000", "time": "2025-07-11T15:20:27.772559Z", "fetched_at": "2025-07-11T15:20:51.905443+00:00", "symbol": "ADA-USD"}, {"trade_id": 143000178, "side": "buy", "size": "1516.72978000", "price": "0.76060000", "time": "2025-07-11T15:20:27.772559Z", "fetched_at": "2025-07-11T15:20:51.905443+00:00", "symbol": "ADA-USD"}, {"trade_id": 143000177, "side": "buy", "size": "1.50000000", "price": "0.76060000", "time": "2025-07-11T15:20:27.772559Z", "fetched_at": "2025-07-11T15:20:51.905443+00:00", "symbol": "ADA-USD"}, {"trade_id": 143000176, "side": "buy", "size": "260.26416813", "price": "0.76060000", "time": "2025-07-11T15:20:27.772559Z", "fetched_at": "2025-07-11T15:20:51.905443+00:00", "symbol": "ADA-USD"}, {"trade_id": 143000175, "side": "buy", "size": "391.50000000", "price": "0.76060000", "time": "2025-07-11T15:20:27.772559Z", "fetched_at": "2025-07-11T15:20:51.905443+00:00", "symbol": "ADA-USD"}, {"trade_id": 143000174, "side": "buy", "size": "657.26674953", "price": "0.76070000", "time": "2025-07-11T15:20:27.772559Z", "fetched_at": "2025-07-11T15:20:51.905443+00:00", "symbol": "ADA-USD"}, {"trade_id": 143000173, "side": "buy", "size": "755.30301022", "price": "0.76070000", "time": "2025-07-11T15:20:27.772559Z", "fetched_at": "2025-07-11T15:20:51.905443+00:00", "symbol": "ADA-USD"}, {"trade_id": 143000172, "side": "buy", "size": "121.19357000", "price": "0.76080000", "time": "2025-07-11T15:20:27.772559Z", "fetched_at": "2025-07-11T15:20:51.905443+00:00", "symbol": "ADA-USD"}, {"trade_id": 143000171, "side": "buy", "size": "2.26191996", "price": "0.76080000", "time": "2025-07-11T15:20:27.772559Z", "fetched_at": "2025-07-11T15:20:51.905443+00:00", "symbol": "ADA-USD"}, {"trade_id": 143000170, "side": "sell", "size": "1.50000000", "price": "0.76100000", "time": "2025-07-11T15:20:25.925701Z", "fetched_at": "2025-07-11T15:20:51.905443+00:00", "symbol": "ADA-USD"}, {"trade_id": 143000169, "side": "sell", "size": "13.14300319", "price": "0.76090000", "time": "2025-07-11T15:20:25.467007Z", "fetched_at": "2025-07-11T15:20:51.905443+00:00", "symbol": "ADA-USD"}, {"trade_id": 143000168, "side": "sell", "size": "17.05883864", "price": "0.76090000", "time": "2025-07-11T15:20:25.467007Z", "fetched_at": "2025-07-11T15:20:51.905443+00:00", "symbol": "ADA-USD"}, {"trade_id": 143000167, "side": "sell", "size": "13.14300523", "price": "0.76080000", "time": "2025-07-11T15:20:25.419459Z", "fetched_at": "2025-07-11T15:20:51.905443+00:00", "symbol": "ADA-USD"}, {"trade_id": 143000166, "side": "sell", "size": "13.14651613", "price": "0.76070000", "time": "2025-07-11T15:20:25.267189Z", "fetched_at": "2025-07-11T15:20:51.905443+00:00", "symbol": "ADA-USD"}, {"trade_id": 143000165, "side": "sell", "size": "68.10133000", "price": "0.76060000", "time": "2025-07-11T15:20:25.244798Z", "fetched_at": "2025-07-11T15:20:51.905443+00:00", "symbol": "ADA-USD"}, {"trade_id": 143000164, "side": "sell", "size": "13.14997682", "price": "0.76080000", "time": "2025-07-11T15:20:24.799573Z", "fetched_at": "2025-07-11T15:20:51.905443+00:00", "symbol": "ADA-USD"}, {"trade_id": 143000163, "side": "sell", "size": "1.50000000", "price": "0.76080000", "time": "2025-07-11T15:20:24.799573Z", "fetched_at": "2025-07-11T15:20:51.905443+00:00", "symbol": "ADA-USD"}, {"trade_id": 143000162, "side": "sell", "size": "13.14997558", "price": "0.76070000", "time": "2025-07-11T15:20:24.246874Z", "fetched_at": "2025-07-11T15:20:51.905443+00:00", "symbol": "ADA-USD"}, {"trade_id": 143000161, "side": "sell", "size": "13.14997558", "price": "0.76070000", "time": "2025-07-11T15:20:24.171261Z", "fetched_at": "2025-07-11T15:20:51.905443+00:00", "symbol": "ADA-USD"}, {"trade_id": 143000160, "side": "sell", "size": "1.50000000", "price": "0.76070000", "time": "2025-07-11T15:20:24.171261Z", "fetched_at": "2025-07-11T15:20:51.905443+00:00", "symbol": "ADA-USD"}, {"trade_id": 143000159, "side": "sell", "size": "13.14997206", "price": "0.76050000", "time": "2025-07-11T15:20:23.993512Z", "fetched_at": "2025-07-11T15:20:51.905443+00:00", "symbol": "ADA-USD"}, {"trade_id": 143000158, "side": "sell", "size": "13.14997206", "price": "0.76030000", "time": "2025-07-11T15:20:23.602230Z", "fetched_at": "2025-07-11T15:20:51.905443+00:00", "symbol": "ADA-USD"}, {"trade_id": 143000157, "side": "buy", "size": "874.63108429", "price": "0.76010000", "time": "2025-07-11T15:20:23.543844Z", "fetched_at": "2025-07-11T15:20:51.905443+00:00", "symbol": "ADA-USD"}, {"trade_id": 143000156, "side": "buy", "size": "1.50000000", "price": "0.76010000", "time": "2025-07-11T15:20:23.543844Z", "fetched_at": "2025-07-11T15:20:51.905443+00:00", "symbol": "ADA-USD"}, {"trade_id": 143000155, "side": "buy", "size": "3287.50118350", "price": "0.76020000", "time": "2025-07-11T15:20:23.543844Z", "fetched_at": "2025-07-11T15:20:51.905443+00:00", "symbol": "ADA-USD"}, {"trade_id": 143000154, "side": "sell", "size": "13.14815580", "price": "0.76030000", "time": "2025-07-11T15:20:23.461268Z", "fetched_at": "2025-07-11T15:20:51.905443+00:00", "symbol": "ADA-USD"}, {"trade_id": 143000153, "side": "buy", "size": "1.50000000", "price": "0.76020000", "time": "2025-07-11T15:20:23.077193Z", "fetched_at": "2025-07-11T15:20:51.905443+00:00", "symbol": "ADA-USD"}, {"trade_id": 143000152, "side": "buy", "size": "4.26731778", "price": "0.76030000", "time": "2025-07-11T15:20:23.069637Z", "fetched_at": "2025-07-11T15:20:51.905443+00:00", "symbol": "ADA-USD"}, {"trade_id": 143000151, "side": "buy", "size": "1.50000000", "price": "0.76030000", "time": "2025-07-11T15:20:23.069637Z", "fetched_at": "2025-07-11T15:20:51.905443+00:00", "symbol": "ADA-USD"}, {"trade_id": 143000150, "side": "buy", "size": "17.05883865", "price": "0.76040000", "time": "2025-07-11T15:20:22.754050Z", "fetched_at": "2025-07-11T15:20:51.905443+00:00", "symbol": "ADA-USD"}, {"trade_id": 143000149, "side": "buy", "size": "1.50000000", "price": "0.76040000", "time": "2025-07-11T15:20:22.754050Z", "fetched_at": "2025-07-11T15:20:51.905443+00:00", "symbol": "ADA-USD"}, {"trade_id": 143000148, "side": "sell", "size": "55.49601431", "price": "0.76050000", "time": "2025-07-11T15:20:22.456875Z", "fetched_at": "2025-07-11T15:20:51.905443+00:00", "symbol": "ADA-USD"}, {"trade_id": 143000147, "side": "sell", "size": "295.23308024", "price": "0.76050000", "time": "2025-07-11T15:20:22.245529Z", "fetched_at": "2025-07-11T15:20:51.905443+00:00", "symbol": "ADA-USD"}, {"trade_id": 143000146, "side": "sell", "size": "13.14301976", "price": "0.76050000", "time": "2025-07-11T15:20:22.245529Z", "fetched_at": "2025-07-11T15:20:51.905443+00:00", "symbol": "ADA-USD"}, {"trade_id": 143000145, "side": "buy", "size": "3.98376073", "price": "0.76060000", "time": "2025-07-11T15:20:21.094974Z", "fetched_at": "2025-07-11T15:20:51.905443+00:00", "symbol": "ADA-USD"}, {"trade_id": 143000144, "side": "buy", "size": "327.52760978", "price": "0.76060000", "time": "2025-07-11T15:20:21.094974Z", "fetched_at": "2025-07-11T15:20:51.905443+00:00", "symbol": "ADA-USD"}, {"trade_id": 143000143, "side": "buy", "size": "51.00306000", "price": "0.76070000", "time": "2025-07-11T15:20:21.042993Z", "fetched_at": "2025-07-11T15:20:51.905443+00:00", "symbol": "ADA-USD"}, {"trade_id": 143000142, "side": "buy", "size": "4.00909641", "price": "0.76070000", "time": "2025-07-11T15:20:21.042993Z", "fetched_at": "2025-07-11T15:20:51.905443+00:00", "symbol": "ADA-USD"}, {"trade_id": 143000141, "side": "buy", "size": "14087.49658000", "price": "0.76070000", "time": "2025-07-11T15:20:21.042993Z", "fetched_at": "2025-07-11T15:20:51.905443+00:00", "symbol": "ADA-USD"}, {"trade_id": 143000140, "side": "buy", "size": "1.50000000", "price": "0.76070000", "time": "2025-07-11T15:20:21.042993Z", "fetched_at": "2025-07-11T15:20:51.905443+00:00", "symbol": "ADA-USD"}, {"trade_id": 143000139, "side": "buy", "size": "4.97055310", "price": "0.76100000", "time": "2025-07-11T15:20:19.871308Z", "fetched_at": "2025-07-11T15:20:51.905443+00:00", "symbol": "ADA-USD"}, {"trade_id": 143000138, "side": "sell", "size": "1.50000000", "price": "0.76100000", "time": "2025-07-11T15:20:18.972644Z", "fetched_at": "2025-07-11T15:20:51.905443+00:00", "symbol": "ADA-USD"}, {"trade_id": 143000137, "side": "sell", "size": "8683.20922577", "price": "0.76100000", "time": "2025-07-11T15:20:18.972644Z", "fetched_at": "2025-07-11T15:20:51.905443+00:00", "symbol": "ADA-USD"}, {"trade_id": 143000136, "side": "sell", "size": "212.78404098", "price": "0.76100000", "time": "2025-07-11T15:20:18.964871Z", "fetched_at": "2025-07-11T15:20:51.905443+00:00", "symbol": "ADA-USD"}, {"trade_id": 143000135, "side": "sell", "size": "243.47316196", "price": "0.76100000", "time": "2025-07-11T15:20:18.941011Z", "fetched_at": "2025-07-11T15:20:51.905443+00:00", "symbol": "ADA-USD"}, {"trade_id": 143000134, "side": "sell", "size": "860.53357129", "price": "0.76100000", "time": "2025-07-11T15:20:18.933983Z", "fetched_at": "2025-07-11T15:20:51.905443+00:00", "symbol": "ADA-USD"}, {"trade_id": 143000133, "side": "buy", "size": "335.60613393", "price": "0.76070000", "time": "2025-07-11T15:20:18.868643Z", "fetched_at": "2025-07-11T15:20:51.905443+00:00", "symbol": "ADA-USD"}, {"trade_id": 143000132, "side": "buy", "size": "1519.65185000", "price": "0.76070000", "time": "2025-07-11T15:20:18.868643Z", "fetched_at": "2025-07-11T15:20:51.905443+00:00", "symbol": "ADA-USD"}, {"trade_id": 143000131, "side": "buy", "size": "657.21378047", "price": "0.76070000", "time": "2025-07-11T15:20:18.868643Z", "fetched_at": "2025-07-11T15:20:51.905443+00:00", "symbol": "ADA-USD"}, {"trade_id": 143000130, "side": "buy", "size": "260.26416813", "price": "0.76070000", "time": "2025-07-11T15:20:18.868643Z", "fetched_at": "2025-07-11T15:20:51.905443+00:00", "symbol": "ADA-USD"}, {"trade_id": 143000129, "side": "buy", "size": "400.00000000", "price": "0.76070000", "time": "2025-07-11T15:20:18.868643Z", "fetched_at": "2025-07-11T15:20:51.905443+00:00", "symbol": "ADA-USD"}, {"trade_id": 143000128, "side": "buy", "size": "391.50000000", "price": "0.76070000", "time": "2025-07-11T15:20:18.868643Z", "fetched_at": "2025-07-11T15:20:51.905443+00:00", "symbol": "ADA-USD"}, {"trade_id": 143000127, "side": "buy", "size": "391.50000000", "price": "0.76080000", "time": "2025-07-11T15:20:18.868643Z", "fetched_at": "2025-07-11T15:20:51.905443+00:00", "symbol": "ADA-USD"}, {"trade_id": 143000126, "side": "buy", "size": "5.90021747", "price": "0.76090000", "time": "2025-07-11T15:20:18.868643Z", "fetched_at": "2025-07-11T15:20:51.905443+00:00", "symbol": "ADA-USD"}, {"trade_id": 143000125, "side": "buy", "size": "129.07893000", "price": "0.76090000", "time": "2025-07-11T15:20:18.868643Z", "fetched_at": "2025-07-11T15:20:51.905443+00:00", "symbol": "ADA-USD"}, {"trade_id": 143000124, "side": "buy", "size": "125.32780000", "price": "0.76090000", "time": "2025-07-11T15:20:18.868643Z", "fetched_at": "2025-07-11T15:20:51.905443+00:00", "symbol": "ADA-USD"}, {"trade_id": 143000123, "side": "buy", "size": "121.19357000", "price": "0.76090000", "time": "2025-07-11T15:20:18.868643Z", "fetched_at": "2025-07-11T15:20:51.905443+00:00", "symbol": "ADA-USD"}, {"trade_id": 143000122, "side": "buy", "size": "51.00306000", "price": "0.76090000", "time": "2025-07-11T15:20:18.868643Z", "fetched_at": "2025-07-11T15:20:51.905443+00:00", "symbol": "ADA-USD"}, {"trade_id": 143000121, "side": "sell", "size": "13.14793775", "price": "0.76090000", "time": "2025-07-11T15:20:18.814299Z", "fetched_at": "2025-07-11T15:20:51.905443+00:00", "symbol": "ADA-USD"}, {"trade_id": 143000120, "side": "sell", "size": "1.50000000", "price": "0.76080000", "time": "2025-07-11T15:20:18.749211Z", "fetched_at": "2025-07-11T15:20:51.905443+00:00", "symbol": "ADA-USD"}, {"trade_id": 143000119, "side": "sell", "size": "13.14793775", "price": "0.76070000", "time": "2025-07-11T15:20:18.596012Z", "fetched_at": "2025-07-11T15:20:51.905443+00:00", "symbol": "ADA-USD"}, {"trade_id": 143000118, "side": "buy", "size": "181.79036000", "price": "0.76070000", "time": "2025-07-11T15:20:18.530243Z", "fetched_at": "2025-07-11T15:20:51.905443+00:00", "symbol": "ADA-USD"}, {"trade_id": 143000117, "side": "sell", "size": "13.14793746", "price": "0.76060000", "time": "2025-07-11T15:20:18.522474Z", "fetched_at": "2025-07-11T15:20:51.905443+00:00", "symbol": "ADA-USD"}, {"trade_id": 143000116, "side": "buy", "size": "13.14751512", "price": "0.76060000", "time": "2025-07-11T15:20:17.525919Z", "fetched_at": "2025-07-11T15:20:51.905443+00:00", "symbol": "ADA-USD"}, {"trade_id": 143000115, "side": "buy", "size": "50.00000000", "price": "0.76060000", "time": "2025-07-11T15:20:17.525919Z", "fetched_at": "2025-07-11T15:20:51.905443+00:00", "symbol": "ADA-USD"}, {"trade_id": 143000114, "side": "sell", "size": "13.14311431", "price": "0.76060000", "time": "2025-07-11T15:20:17.393531Z", "fetched_at": "2025-07-11T15:20:51.905443+00:00", "symbol": "ADA-USD"}, {"trade_id": 143000113, "side": "buy", "size": "13.14405889", "price": "0.76080000", "time": "2025-07-11T15:20:15.962917Z", "fetched_at": "2025-07-11T15:20:51.905443+00:00", "symbol": "ADA-USD"}, {"trade_id": 143000112, "side": "buy", "size": "13.14405889", "price": "0.76080000", "time": "2025-07-11T15:20:15.952404Z", "fetched_at": "2025-07-11T15:20:51.905443+00:00", "symbol": "ADA-USD"}, {"trade_id": 143000111, "side": "sell", "size": "922.92395043", "price": "0.76120000", "time": "2025-07-11T15:20:15.238361Z", "fetched_at": "2025-07-11T15:20:51.905443+00:00", "symbol": "ADA-USD"}, {"trade_id": 143000110, "side": "sell", "size": "755.60445280", "price": "0.76120000", "time": "2025-07-11T15:20:15.238361Z", "fetched_at": "2025-07-11T15:20:51.905443+00:00", "symbol": "ADA-USD"}, {"trade_id": 143000109, "side": "sell", "size": "1.50000000", "price": "0.76120000", "time": "2025-07-11T15:20:15.238361Z", "fetched_at": "2025-07-11T15:20:51.905443+00:00", "symbol": "ADA-USD"}, {"trade_id": 143000108, "side": "sell", "size": "1518.13479000", "price": "0.76120000", "time": "2025-07-11T15:20:15.238361Z", "fetched_at": "2025-07-11T15:20:51.905443+00:00", "symbol": "ADA-USD"}, {"trade_id": 143000107, "side": "sell", "size": "655.15803538", "price": "0.76110000", "time": "2025-07-11T15:20:15.238361Z", "fetched_at": "2025-07-11T15:20:51.905443+00:00", "symbol": "ADA-USD"}, {"trade_id": 143000106, "side": "sell", "size": "1519.40979000", "price": "0.76110000", "time": "2025-07-11T15:20:15.238361Z", "fetched_at": "2025-07-11T15:20:51.905443+00:00", "symbol": "ADA-USD"}, {"trade_id": 143000105, "side": "sell", "size": "391.50000000", "price": "0.76110000", "time": "2025-07-11T15:20:15.238361Z", "fetched_at": "2025-07-11T15:20:51.905443+00:00", "symbol": "ADA-USD"}, {"trade_id": 143000104, "side": "sell", "size": "1.50000000", "price": "0.76100000", "time": "2025-07-11T15:20:15.238361Z", "fetched_at": "2025-07-11T15:20:51.905443+00:00", "symbol": "ADA-USD"}, {"trade_id": 143000103, "side": "sell", "size": "786.18132741", "price": "0.76090000", "time": "2025-07-11T15:20:15.238361Z", "fetched_at": "2025-07-11T15:20:51.905443+00:00", "symbol": "ADA-USD"}, {"trade_id": 143000102, "side": "sell", "size": "13.14966932", "price": "0.76090000", "time": "2025-07-11T15:20:15.238361Z", "fetched_at": "2025-07-11T15:20:51.905443+00:00", "symbol": "ADA-USD"}, {"trade_id": 143000101, "side": "sell", "size": "13.14966932", "price": "0.76080000", "time": "2025-07-11T15:20:14.892731Z", "fetched_at": "2025-07-11T15:20:51.905443+00:00", "symbol": "ADA-USD"}, {"trade_id": 143000100, "side": "sell", "size": "13.14966932", "price": "0.76080000", "time": "2025-07-11T15:20:14.882759Z", "fetched_at": "2025-07-11T15:20:51.905443+00:00", "symbol": "ADA-USD"}, {"trade_id": 143000099, "side": "sell", "size": "1.50000000", "price": "0.76080000", "time": "2025-07-11T15:20:14.882759Z", "fetched_at": "2025-07-11T15:20:51.905443+00:00", "symbol": "ADA-USD"}, {"trade_id": 143000098, "side": "sell", "size": "13.14652798", "price": "0.76060000", "time": "2025-07-11T15:20:14.756048Z", "fetched_at": "2025-07-11T15:20:51.905443+00:00", "symbol": "ADA-USD"}, {"trade_id": 143000097, "side": "buy", "size": "49.45048168", "price": "0.76060000", "time": "2025-07-11T15:20:13.885476Z", "fetched_at": "2025-07-11T15:20:51.905443+00:00", "symbol": "ADA-USD"}, {"trade_id": 143000096, "side": "sell", "size": "13.15077193", "price": "0.76060000", "time": "2025-07-11T15:20:13.879575Z", "fetched_at": "2025-07-11T15:20:51.905443+00:00", "symbol": "ADA-USD"}, {"trade_id": 143000095, "side": "sell", "size": "50.00000000", "price": "0.76060000", "time": "2025-07-11T15:20:13.879575Z", "fetched_at": "2025-07-11T15:20:51.905443+00:00", "symbol": "ADA-USD"}, {"trade_id": 143000094, "side": "sell", "size": "531.51133696", "price": "0.76060000", "time": "2025-07-11T15:20:13.879575Z", "fetched_at": "2025-07-11T15:20:51.905443+00:00", "symbol": "ADA-USD"}, {"trade_id": 143000093, "side": "sell", "size": "90.96944314", "price": "0.76050000", "time": "2025-07-11T15:20:13.879575Z", "fetched_at": "2025-07-11T15:20:51.905443+00:00", "symbol": "ADA-USD"}, {"trade_id": 143000092, "side": "buy", "size": "657.25847416", "price": "0.76070000", "time": "2025-07-11T15:20:13.748978Z", "fetched_at": "2025-07-11T15:20:51.905443+00:00", "symbol": "ADA-USD"}, {"trade_id": 143000091, "side": "buy", "size": "183.64005998", "price": "0.76070000", "time": "2025-07-11T15:20:13.748978Z", "fetched_at": "2025-07-11T15:20:51.905443+00:00", "symbol": "ADA-USD"}, {"trade_id": 143000090, "side": "buy", "size": "13.14405889", "price": "0.76080000", "time": "2025-07-11T15:20:13.748978Z", "fetched_at": "2025-07-11T15:20:51.905443+00:00", "symbol": "ADA-USD"}, {"trade_id": 143000089, "side": "sell", "size": "13.15077193", "price": "0.76090000", "time": "2025-07-11T15:20:13.671221Z", "fetched_at": "2025-07-11T15:20:51.905443+00:00", "symbol": "ADA-USD"}, {"trade_id": 143000088, "side": "buy", "size": "76.62410815", "price": "0.76070000", "time": "2025-07-11T15:20:13.414563Z", "fetched_at": "2025-07-11T15:20:51.905443+00:00", "symbol": "ADA-USD"}, {"trade_id": 143000087, "side": "buy", "size": "391.50000000", "price": "0.76070000", "time": "2025-07-11T15:20:13.414563Z", "fetched_at": "2025-07-11T15:20:51.905443+00:00", "symbol": "ADA-USD"}, {"trade_id": 143000086, "side": "buy", "size": "13.14578678", "price": "0.76070000", "time": "2025-07-11T15:20:13.414563Z", "fetched_at": "2025-07-11T15:20:51.905443+00:00", "symbol": "ADA-USD"}, {"trade_id": 143000085, "side": "buy", "size": "129.07893000", "price": "0.76080000", "time": "2025-07-11T15:20:13.414563Z", "fetched_at": "2025-07-11T15:20:51.905443+00:00", "symbol": "ADA-USD"}, {"trade_id": 143000084, "side": "buy", "size": "121.19357000", "price": "0.76080000", "time": "2025-07-11T15:20:13.414563Z", "fetched_at": "2025-07-11T15:20:51.905443+00:00", "symbol": "ADA-USD"}, {"trade_id": 143000083, "side": "buy", "size": "36.35228807", "price": "0.76080000", "time": "2025-07-11T15:20:13.414563Z", "fetched_at": "2025-07-11T15:20:51.905443+00:00", "symbol": "ADA-USD"}, {"trade_id": 143000082, "side": "sell", "size": "13.15077193", "price": "0.76080000", "time": "2025-07-11T15:20:13.371066Z", "fetched_at": "2025-07-11T15:20:51.905443+00:00", "symbol": "ADA-USD"}, {"trade_id": 143000081, "side": "sell", "size": "1.50000000", "price": "0.76080000", "time": "2025-07-11T15:20:13.371066Z", "fetched_at": "2025-07-11T15:20:51.905443+00:00", "symbol": "ADA-USD"}, {"trade_id": 143000080, "side": "sell", "size": "13.15484494", "price": "0.76070000", "time": "2025-07-11T15:20:13.308856Z", "fetched_at": "2025-07-11T15:20:51.905443+00:00", "symbol": "ADA-USD"}, {"trade_id": 143000079, "side": "sell", "size": "1.50000000", "price": "0.76070000", "time": "2025-07-11T15:20:13.308856Z", "fetched_at": "2025-07-11T15:20:51.905443+00:00", "symbol": "ADA-USD"}, {"trade_id": 143000078, "side": "buy", "size": "13.14751512", "price": "0.76060000", "time": "2025-07-11T15:20:12.996051Z", "fetched_at": "2025-07-11T15:20:51.905443+00:00", "symbol": "ADA-USD"}, {"trade_id": 143000077, "side": "buy", "size": "260.26416813", "price": "0.76050000", "time": "2025-07-11T15:20:12.986871Z", "fetched_at": "2025-07-11T15:20:51.905443+00:00", "symbol": "ADA-USD"}, {"trade_id": 143000076, "side": "buy", "size": "51.00306000", "price": "0.76060000", "time": "2025-07-11T15:20:12.983165Z", "fetched_at": "2025-07-11T15:20:51.905443+00:00", "symbol": "ADA-USD"}, {"trade_id": 143000075, "side": "buy", "size": "13.14751512", "price": "0.76060000", "time": "2025-07-11T15:20:12.983165Z", "fetched_at": "2025-07-11T15:20:51.905443+00:00", "symbol": "ADA-USD"}, {"trade_id": 143000074, "side": "sell", "size": "1.50000000", "price": "0.76060000", "time": "2025-07-11T15:20:12.844922Z", "fetched_at": "2025-07-11T15:20:51.905443+00:00", "symbol": "ADA-USD"}, {"trade_id": 143000073, "side": "sell", "size": "13.15484457", "price": "0.76050000", "time": "2025-07-11T15:20:12.844922Z", "fetched_at": "2025-07-11T15:20:51.905443+00:00", "symbol": "ADA-USD"}, {"trade_id": 143000072, "side": "sell", "size": "13.15413828", "price": "0.76040000", "time": "2025-07-11T15:20:12.173125Z", "fetched_at": "2025-07-11T15:20:51.905443+00:00", "symbol": "ADA-USD"}, {"trade_id": 143000071, "side": "sell", "size": "13.15413828", "price": "0.76030000", "time": "2025-07-11T15:20:11.623173Z", "fetched_at": "2025-07-11T15:20:51.905443+00:00", "symbol": "ADA-USD"}, {"trade_id": 143000070, "side": "buy", "size": "46.67800000", "price": "0.76040000", "time": "2025-07-11T15:20:11.365547Z", "fetched_at": "2025-07-11T15:20:51.905443+00:00", "symbol": "ADA-USD"}, {"trade_id": 143000069, "side": "buy", "size": "121.19357000", "price": "0.76040000", "time": "2025-07-11T15:20:11.365547Z", "fetched_at": "2025-07-11T15:20:51.905443+00:00", "symbol": "ADA-USD"}, {"trade_id": 143000068, "side": "buy", "size": "129.07893000", "price": "0.76040000", "time": "2025-07-11T15:20:11.365547Z", "fetched_at": "2025-07-11T15:20:51.905443+00:00", "symbol": "ADA-USD"}, {"trade_id": 143000067, "side": "sell", "size": "13.15486627", "price": "0.76040000", "time": "2025-07-11T15:20:11.280336Z", "fetched_at": "2025-07-11T15:20:51.905443+00:00", "symbol": "ADA-USD"}, {"trade_id": 143000066, "side": "sell", "size": "4801.49296038", "price": "0.76040000", "time": "2025-07-11T15:20:11.267846Z", "fetched_at": "2025-07-11T15:20:51.905443+00:00", "symbol": "ADA-USD"}, {"trade_id": 143000065, "side": "buy", "size": "13.15443305", "price": "0.76020000", "time": "2025-07-11T15:20:10.599254Z", "fetched_at": "2025-07-11T15:20:51.905443+00:00", "symbol": "ADA-USD"}, {"trade_id": 143000064, "side": "sell", "size": "60.64629543", "price": "0.76020000", "time": "2025-07-11T15:20:10.496175Z", "fetched_at": "2025-07-11T15:20:51.905443+00:00", "symbol": "ADA-USD"}, {"trade_id": 143000063, "side": "buy", "size": "13.15270289", "price": "0.76030000", "time": "2025-07-11T15:20:10.483319Z", "fetched_at": "2025-07-11T15:20:51.905443+00:00", "symbol": "ADA-USD"}, {"trade_id": 143000062, "side": "buy", "size": "8685.04198812", "price": "0.75980000", "time": "2025-07-11T15:20:10.285766Z", "fetched_at": "2025-07-11T15:20:51.905443+00:00", "symbol": "ADA-USD"}, {"trade_id": 143000061, "side": "buy", "size": "5857.40000000", "price": "0.75980000", "time": "2025-07-11T15:20:10.285766Z", "fetched_at": "2025-07-11T15:20:51.905443+00:00", "symbol": "ADA-USD"}, {"trade_id": 143000060, "side": "buy", "size": "645.27525318", "price": "0.75980000", "time": "2025-07-11T15:20:10.285766Z", "fetched_at": "2025-07-11T15:20:51.905443+00:00", "symbol": "ADA-USD"}, {"trade_id": 143000059, "side": "buy", "size": "400.00000000", "price": "0.75980000", "time": "2025-07-11T15:20:10.285766Z", "fetched_at": "2025-07-11T15:20:51.905443+00:00", "symbol": "ADA-USD"}, {"trade_id": 143000058, "side": "buy", "size": "1.50000000", "price": "0.75980000", "time": "2025-07-11T15:20:10.285766Z", "fetched_at": "2025-07-11T15:20:51.905443+00:00", "symbol": "ADA-USD"}, {"trade_id": 143000057, "side": "buy", "size": "1510.31531000", "price": "0.75980000", "time": "2025-07-11T15:20:10.285766Z", "fetched_at": "2025-07-11T15:20:51.905443+00:00", "symbol": "ADA-USD"}, {"trade_id": 143000056, "side": "buy", "size": "260.26416813", "price": "0.75980000", "time": "2025-07-11T15:20:10.285766Z", "fetched_at": "2025-07-11T15:20:51.905443+00:00", "symbol": "ADA-USD"}, {"trade_id": 143000055, "side": "buy", "size": "391.50000000", "price": "0.75980000", "time": "2025-07-11T15:20:10.285766Z", "fetched_at": "2025-07-11T15:20:51.905443+00:00", "symbol": "ADA-USD"}, {"trade_id": 143000054, "side": "buy", "size": "764.02823006", "price": "0.75990000", "time": "2025-07-11T15:20:10.285766Z", "fetched_at": "2025-07-11T15:20:51.905443+00:00", "symbol": "ADA-USD"}, {"trade_id": 143000053, "side": "buy", "size": "1520.54963000", "price": "0.75990000", "time": "2025-07-11T15:20:10.285766Z", "fetched_at": "2025-07-11T15:20:51.905443+00:00", "symbol": "ADA-USD"}, {"trade_id": 143000052, "side": "buy", "size": "391.50000000", "price": "0.75990000", "time": "2025-07-11T15:20:10.285766Z", "fetched_at": "2025-07-11T15:20:51.905443+00:00", "symbol": "ADA-USD"}, {"trade_id": 143000051, "side": "buy", "size": "1520.54963000", "price": "0.76000000", "time": "2025-07-11T15:20:10.285766Z", "fetched_at": "2025-07-11T15:20:51.905443+00:00", "symbol": "ADA-USD"}, {"trade_id": 143000050, "side": "buy", "size": "1520.68900000", "price": "0.76000000", "time": "2025-07-11T15:20:10.285766Z", "fetched_at": "2025-07-11T15:20:51.905443+00:00", "symbol": "ADA-USD"}, {"trade_id": 143000049, "side": "buy", "size": "1522.51624000", "price": "0.76000000", "time": "2025-07-11T15:20:10.285766Z", "fetched_at": "2025-07-11T15:20:51.905443+00:00", "symbol": "ADA-USD"}, {"trade_id": 143000048, "side": "buy", "size": "1521.26242000", "price": "0.76000000", "time": "2025-07-11T15:20:10.285766Z", "fetched_at": "2025-07-11T15:20:51.905443+00:00", "symbol": "ADA-USD"}, {"trade_id": 143000047, "side": "buy", "size": "260.26416813", "price": "0.76000000", "time": "2025-07-11T15:20:10.285766Z", "fetched_at": "2025-07-11T15:20:51.905443+00:00", "symbol": "ADA-USD"}, {"trade_id": 143000046, "side": "buy", "size": "391.50000000", "price": "0.76000000", "time": "2025-07-11T15:20:10.285766Z", "fetched_at": "2025-07-11T15:20:51.905443+00:00", "symbol": "ADA-USD"}, {"trade_id": 143000045, "side": "buy", "size": "1.50000000", "price": "0.76000000", "time": "2025-07-11T15:20:10.285766Z", "fetched_at": "2025-07-11T15:20:51.905443+00:00", "symbol": "ADA-USD"}, {"trade_id": 143000044, "side": "buy", "size": "1520.68900000", "price": "0.76010000", "time": "2025-07-11T15:20:10.285766Z", "fetched_at": "2025-07-11T15:20:51.905443+00:00", "symbol": "ADA-USD"}, {"trade_id": 143000043, "side": "buy", "size": "1520.54963000", "price": "0.76010000", "time": "2025-07-11T15:20:10.285766Z", "fetched_at": "2025-07-11T15:20:51.905443+00:00", "symbol": "ADA-USD"}, {"trade_id": 143000042, "side": "buy", "size": "1521.26242000", "price": "0.76010000", "time": "2025-07-11T15:20:10.285766Z", "fetched_at": "2025-07-11T15:20:51.905443+00:00", "symbol": "ADA-USD"}, {"trade_id": 143000041, "side": "buy", "size": "391.50000000", "price": "0.76010000", "time": "2025-07-11T15:20:10.285766Z", "fetched_at": "2025-07-11T15:20:51.905443+00:00", "symbol": "ADA-USD"}, {"trade_id": 143000040, "side": "buy", "size": "391.50000000", "price": "0.76020000", "time": "2025-07-11T15:20:10.285766Z", "fetched_at": "2025-07-11T15:20:51.905443+00:00", "symbol": "ADA-USD"}, {"trade_id": 143000039, "side": "buy", "size": "129.07893000", "price": "0.76030000", "time": "2025-07-11T15:20:10.285766Z", "fetched_at": "2025-07-11T15:20:51.905443+00:00", "symbol": "ADA-USD"}, {"trade_id": 143000038, "side": "buy", "size": "13.15270289", "price": "0.76030000", "time": "2025-07-11T15:20:10.285766Z", "fetched_at": "2025-07-11T15:20:51.905443+00:00", "symbol": "ADA-USD"}, {"trade_id": 143000037, "side": "buy", "size": "125.32780000", "price": "0.76030000", "time": "2025-07-11T15:20:10.285766Z", "fetched_at": "2025-07-11T15:20:51.905443+00:00", "symbol": "ADA-USD"}, {"trade_id": 143000036, "side": "buy", "size": "121.19357000", "price": "0.76030000", "time": "2025-07-11T15:20:10.285766Z", "fetched_at": "2025-07-11T15:20:51.905443+00:00", "symbol": "ADA-USD"}, {"trade_id": 143000035, "side": "buy", "size": "13.15097318", "price": "0.76040000", "time": "2025-07-11T15:20:10.057949Z", "fetched_at": "2025-07-11T15:20:51.905443+00:00", "symbol": "ADA-USD"}, {"trade_id": 143000034, "side": "sell", "size": "13.14654209", "price": "0.76040000", "time": "2025-07-11T15:20:09.870989Z", "fetched_at": "2025-07-11T15:20:51.905443+00:00", "symbol": "ADA-USD"}, {"trade_id": 143000033, "side": "sell", "size": "3137.28122419", "price": "0.76040000", "time": "2025-07-11T15:20:09.867952Z", "fetched_at": "2025-07-11T15:20:51.905443+00:00", "symbol": "ADA-USD"}, {"trade_id": 143000032, "side": "sell", "size": "838.60144779", "price": "0.76040000", "time": "2025-07-11T15:20:09.867879Z", "fetched_at": "2025-07-11T15:20:51.905443+00:00", "symbol": "ADA-USD"}, {"trade_id": 143000031, "side": "sell", "size": "68.10133000", "price": "0.76020000", "time": "2025-07-11T15:20:09.468639Z", "fetched_at": "2025-07-11T15:20:51.905443+00:00", "symbol": "ADA-USD"}, {"trade_id": 143000030, "side": "buy", "size": "260.26416000", "price": "0.76020000", "time": "2025-07-11T15:20:09.461825Z", "fetched_at": "2025-07-11T15:20:51.905443+00:00", "symbol": "ADA-USD"}, {"trade_id": 143000029, "side": "buy", "size": "13.15270289", "price": "0.76030000", "time": "2025-07-11T15:20:09.453799Z", "fetched_at": "2025-07-11T15:20:51.905443+00:00", "symbol": "ADA-USD"}, {"trade_id": 143000028, "side": "buy", "size": "5858.30000000", "price": "0.76030000", "time": "2025-07-11T15:20:09.453799Z", "fetched_at": "2025-07-11T15:20:51.905443+00:00", "symbol": "ADA-USD"}, {"trade_id": 143000027, "side": "buy", "size": "13.14924392", "price": "0.76050000", "time": "2025-07-11T15:20:09.175730Z", "fetched_at": "2025-07-11T15:20:51.905443+00:00", "symbol": "ADA-USD"}, {"trade_id": 143000026, "side": "sell", "size": "68.10133000", "price": "0.76070000", "time": "2025-07-11T15:20:08.411615Z", "fetched_at": "2025-07-11T15:20:51.905443+00:00", "symbol": "ADA-USD"}, {"trade_id": 143000025, "side": "sell", "size": "13.15146802", "price": "0.76060000", "time": "2025-07-11T15:20:08.411584Z", "fetched_at": "2025-07-11T15:20:51.905443+00:00", "symbol": "ADA-USD"}, {"trade_id": 143000024, "side": "sell", "size": "13.15146802", "price": "0.76050000", "time": "2025-07-11T15:20:07.918987Z", "fetched_at": "2025-07-11T15:20:51.905443+00:00", "symbol": "ADA-USD"}, {"trade_id": 143000023, "side": "sell", "size": "59.78216900", "price": "0.76050000", "time": "2025-07-11T15:20:07.564190Z", "fetched_at": "2025-07-11T15:20:51.905443+00:00", "symbol": "ADA-USD"}, {"trade_id": 143000022, "side": "sell", "size": "13.15148901", "price": "0.76040000", "time": "2025-07-11T15:20:07.196747Z", "fetched_at": "2025-07-11T15:20:51.905443+00:00", "symbol": "ADA-USD"}, {"trade_id": 143000021, "side": "sell", "size": "68.10133000", "price": "0.76040000", "time": "2025-07-11T15:20:07.172074Z", "fetched_at": "2025-07-11T15:20:51.905443+00:00", "symbol": "ADA-USD"}, {"trade_id": 143000020, "side": "sell", "size": "13.15148901", "price": "0.76040000", "time": "2025-07-11T15:20:06.908842Z", "fetched_at": "2025-07-11T15:20:51.905443+00:00", "symbol": "ADA-USD"}, {"trade_id": 143000019, "side": "sell", "size": "13.14126078", "price": "0.76040000", "time": "2025-07-11T15:20:06.859867Z", "fetched_at": "2025-07-11T15:20:51.905443+00:00", "symbol": "ADA-USD"}, {"trade_id": 143000018, "side": "sell", "size": "98.02971025", "price": "0.76040000", "time": "2025-07-11T15:20:06.822724Z", "fetched_at": "2025-07-11T15:20:51.905443+00:00", "symbol": "ADA-USD"}, {"trade_id": 143000017, "side": "sell", "size": "711.92066952", "price": "0.76040000", "time": "2025-07-11T15:20:06.813463Z", "fetched_at": "2025-07-11T15:20:51.905443+00:00", "symbol": "ADA-USD"}, {"trade_id": 143000016, "side": "sell", "size": "13.14126078", "price": "0.76040000", "time": "2025-07-11T15:20:06.813463Z", "fetched_at": "2025-07-11T15:20:51.905443+00:00", "symbol": "ADA-USD"}, {"trade_id": 143000015, "side": "buy", "size": "1706.70737805", "price": "0.76000000", "time": "2025-07-11T15:20:06.190129Z", "fetched_at": "2025-07-11T15:20:51.905443+00:00", "symbol": "ADA-USD"}, {"trade_id": 143000014, "side": "buy", "size": "260.26416813", "price": "0.76000000", "time": "2025-07-11T15:20:06.190129Z", "fetched_at": "2025-07-11T15:20:51.905443+00:00", "symbol": "ADA-USD"}, {"trade_id": 143000013, "side": "buy", "size": "1.50000000", "price": "0.76000000", "time": "2025-07-11T15:20:06.190129Z", "fetched_at": "2025-07-11T15:20:51.905443+00:00", "symbol": "ADA-USD"}, {"trade_id": 143000012, "side": "buy", "size": "2626.31578947", "price": "0.76000000", "time": "2025-07-11T15:20:06.190129Z", "fetched_at": "2025-07-11T15:20:51.905443+00:00", "symbol": "ADA-USD"}, {"trade_id": 143000011, "side": "buy", "size": "657.73484505", "price": "0.76010000", "time": "2025-07-11T15:20:06.190129Z", "fetched_at": "2025-07-11T15:20:51.905443+00:00", "symbol": "ADA-USD"}, {"trade_id": 143000010, "side": "buy", "size": "1401.58036000", "price": "0.76010000", "time": "2025-07-11T15:20:06.190129Z", "fetched_at": "2025-07-11T15:20:51.905443+00:00", "symbol": "ADA-USD"}, {"trade_id": 143000009, "side": "buy", "size": "1395.92305000", "price": "0.76010000", "time": "2025-07-11T15:20:06.190129Z", "fetched_at": "2025-07-11T15:20:51.905443+00:00", "symbol": "ADA-USD"}, {"trade_id": 143000008, "side": "buy", "size": "1519.34327000", "price": "0.76010000", "time": "2025-07-11T15:20:06.190129Z", "fetched_at": "2025-07-11T15:20:51.905443+00:00", "symbol": "ADA-USD"}, {"trade_id": 143000007, "side": "buy", "size": "1519.46635000", "price": "0.76010000", "time": "2025-07-11T15:20:06.190129Z", "fetched_at": "2025-07-11T15:20:51.905443+00:00", "symbol": "ADA-USD"}, {"trade_id": 143000006, "side": "buy", "size": "391.50000000", "price": "0.76010000", "time": "2025-07-11T15:20:06.190129Z", "fetched_at": "2025-07-11T15:20:51.905443+00:00", "symbol": "ADA-USD"}, {"trade_id": 143000005, "side": "buy", "size": "125.32780000", "price": "0.76010000", "time": "2025-07-11T15:20:06.190129Z", "fetched_at": "2025-07-11T15:20:51.905443+00:00", "symbol": "ADA-USD"}, {"trade_id": 143000004, "side": "buy", "size": "121.19357000", "price": "0.76010000", "time": "2025-07-11T15:20:06.190129Z", "fetched_at": "2025-07-11T15:20:51.905443+00:00", "symbol": "ADA-USD"}, {"trade_id": 143000003, "side": "buy", "size": "260.26416813", "price": "0.76020000", "time": "2025-07-11T15:20:06.190129Z", "fetched_at": "2025-07-11T15:20:51.905443+00:00", "symbol": "ADA-USD"}, {"trade_id": 143000002, "side": "buy", "size": "89.31348828", "price": "0.76020000", "time": "2025-07-11T15:20:06.190129Z", "fetched_at": "2025-07-11T15:20:51.905443+00:00", "symbol": "ADA-USD"}, {"trade_id": 143000001, "side": "buy", "size": "51.00306000", "price": "0.76030000", "time": "2025-07-11T15:20:06.190129Z", "fetched_at": "2025-07-11T15:20:51.905443+00:00", "symbol": "ADA-USD"}, {"trade_id": 143000000, "side": "buy", "size": "13.15270289", "price": "0.76030000", "time": "2025-07-11T15:20:06.190129Z", "fetched_at": "2025-07-11T15:20:51.905443+00:00", "symbol": "ADA-USD"}, {"trade_id": 142999999, "side": "buy", "size": "125.32780000", "price": "0.76030000", "time": "2025-07-11T15:20:06.190129Z", "fetched_at": "2025-07-11T15:20:51.905443+00:00", "symbol": "ADA-USD"}, {"trade_id": 142999998, "side": "buy", "size": "193.61840000", "price": "0.76030000", "time": "2025-07-11T15:20:06.190129Z", "fetched_at": "2025-07-11T15:20:51.905443+00:00", "symbol": "ADA-USD"}, {"trade_id": 142999997, "side": "sell", "size": "13.14126078", "price": "0.76020000", "time": "2025-07-11T15:20:06.016096Z", "fetched_at": "2025-07-11T15:20:51.905443+00:00", "symbol": "ADA-USD"}, {"trade_id": 142999996, "side": "buy", "size": "13.15443305", "price": "0.76020000", "time": "2025-07-11T15:20:05.601005Z", "fetched_at": "2025-07-11T15:20:51.905443+00:00", "symbol": "ADA-USD"}, {"trade_id": 142999995, "side": "buy", "size": "13.15270289", "price": "0.76030000", "time": "2025-07-11T15:20:05.459968Z", "fetched_at": "2025-07-11T15:20:51.905443+00:00", "symbol": "ADA-USD"}, {"trade_id": 142999994, "side": "buy", "size": "13.15270289", "price": "0.76030000", "time": "2025-07-11T15:20:05.452253Z", "fetched_at": "2025-07-11T15:20:51.905443+00:00", "symbol": "ADA-USD"}, {"trade_id": 142999993, "side": "buy", "size": "50.00000000", "price": "0.76030000", "time": "2025-07-11T15:20:05.378088Z", "fetched_at": "2025-07-11T15:20:51.905443+00:00", "symbol": "ADA-USD"}, {"trade_id": 142999992, "side": "buy", "size": "391.50000000", "price": "0.76030000", "time": "2025-07-11T15:20:05.378088Z", "fetched_at": "2025-07-11T15:20:51.905443+00:00", "symbol": "ADA-USD"}, {"trade_id": 142999991, "side": "buy", "size": "13.15097318", "price": "0.76040000", "time": "2025-07-11T15:20:05.375878Z", "fetched_at": "2025-07-11T15:20:51.905443+00:00", "symbol": "ADA-USD"}, {"trade_id": 142999990, "side": "buy", "size": "169.68291318", "price": "0.76040000", "time": "2025-07-11T15:20:05.375878Z", "fetched_at": "2025-07-11T15:20:51.905443+00:00", "symbol": "ADA-USD"}, {"trade_id": 142999989, "side": "buy", "size": "391.50000000", "price": "0.76050000", "time": "2025-07-11T15:20:04.991686Z", "fetched_at": "2025-07-11T15:20:51.905443+00:00", "symbol": "ADA-USD"}, {"trade_id": 142999988, "side": "buy", "size": "13.14924392", "price": "0.76050000", "time": "2025-07-11T15:20:04.991686Z", "fetched_at": "2025-07-11T15:20:51.905443+00:00", "symbol": "ADA-USD"}, {"trade_id": 142999987, "side": "buy", "size": "260.26416813", "price": "0.76060000", "time": "2025-07-11T15:20:04.832069Z", "fetched_at": "2025-07-11T15:20:51.905443+00:00", "symbol": "ADA-USD"}, {"trade_id": 142999986, "side": "buy", "size": "391.50000000", "price": "0.76060000", "time": "2025-07-11T15:20:04.832069Z", "fetched_at": "2025-07-11T15:20:51.905443+00:00", "symbol": "ADA-USD"}, {"trade_id": 142999985, "side": "buy", "size": "50.00000000", "price": "0.76070000", "time": "2025-07-11T15:20:04.828228Z", "fetched_at": "2025-07-11T15:20:51.905443+00:00", "symbol": "ADA-USD"}, {"trade_id": 142999984, "side": "buy", "size": "391.50000000", "price": "0.76070000", "time": "2025-07-11T15:20:04.828228Z", "fetched_at": "2025-07-11T15:20:51.905443+00:00", "symbol": "ADA-USD"}, {"trade_id": 142999983, "side": "buy", "size": "13.14405889", "price": "0.76080000", "time": "2025-07-11T15:20:04.828228Z", "fetched_at": "2025-07-11T15:20:51.905443+00:00", "symbol": "ADA-USD"}, {"trade_id": 142999982, "side": "sell", "size": "13.14460180", "price": "0.76090000", "time": "2025-07-11T15:20:04.244953Z", "fetched_at": "2025-07-11T15:20:51.905443+00:00", "symbol": "ADA-USD"}, {"trade_id": 142999981, "side": "sell", "size": "13.14810346", "price": "0.76110000", "time": "2025-07-11T15:20:03.137702Z", "fetched_at": "2025-07-11T15:20:51.905443+00:00", "symbol": "ADA-USD"}, {"trade_id": 142999980, "side": "sell", "size": "13.14810346", "price": "0.76110000", "time": "2025-07-11T15:20:03.123903Z", "fetched_at": "2025-07-11T15:20:51.905443+00:00", "symbol": "ADA-USD"}, {"trade_id": 142999979, "side": "sell", "size": "13.13259748", "price": "0.76090000", "time": "2025-07-11T15:20:03.046126Z", "fetched_at": "2025-07-11T15:20:51.905443+00:00", "symbol": "ADA-USD"}, {"trade_id": 142999978, "side": "buy", "size": "68.10133000", "price": "0.76080000", "time": "2025-07-11T15:20:02.161267Z", "fetched_at": "2025-07-11T15:20:51.905443+00:00", "symbol": "ADA-USD"}, {"trade_id": 142999977, "side": "sell", "size": "13.13259731", "price": "0.76080000", "time": "2025-07-11T15:20:02.148858Z", "fetched_at": "2025-07-11T15:20:51.905443+00:00", "symbol": "ADA-USD"}, {"trade_id": 142999976, "side": "sell", "size": "13.13259731", "price": "0.76060000", "time": "2025-07-11T15:20:01.788816Z", "fetched_at": "2025-07-11T15:20:51.905443+00:00", "symbol": "ADA-USD"}, {"trade_id": 142999975, "side": "sell", "size": "30.38062308", "price": "0.76060000", "time": "2025-07-11T15:20:01.788816Z", "fetched_at": "2025-07-11T15:20:51.905443+00:00", "symbol": "ADA-USD"}, {"trade_id": 142999974, "side": "buy", "size": "121.19357000", "price": "0.76050000", "time": "2025-07-11T15:20:01.364049Z", "fetched_at": "2025-07-11T15:20:51.905443+00:00", "symbol": "ADA-USD"}, {"trade_id": 142999973, "side": "buy", "size": "125.32780000", "price": "0.76040000", "time": "2025-07-11T15:20:01.350270Z", "fetched_at": "2025-07-11T15:20:51.905443+00:00", "symbol": "ADA-USD"}, {"trade_id": 142999972, "side": "buy", "size": "129.07893000", "price": "0.76040000", "time": "2025-07-11T15:20:01.350270Z", "fetched_at": "2025-07-11T15:20:51.905443+00:00", "symbol": "ADA-USD"}, {"trade_id": 142999971, "side": "sell", "size": "13.13258971", "price": "0.76050000", "time": "2025-07-11T15:20:01.348880Z", "fetched_at": "2025-07-11T15:20:51.905443+00:00", "symbol": "ADA-USD"}, {"trade_id": 142999970, "side": "sell", "size": "50.00000000", "price": "0.76050000", "time": "2025-07-11T15:20:01.348880Z", "fetched_at": "2025-07-11T15:20:51.905443+00:00", "symbol": "ADA-USD"}, {"trade_id": 142999969, "side": "sell", "size": "657.48200687", "price": "0.76050000", "time": "2025-07-11T15:20:01.348880Z", "fetched_at": "2025-07-11T15:20:51.905443+00:00", "symbol": "ADA-USD"}, {"trade_id": 142999968, "side": "buy", "size": "121.19357000", "price": "0.76040000", "time": "2025-07-11T15:20:01.338489Z", "fetched_at": "2025-07-11T15:20:51.905443+00:00", "symbol": "ADA-USD"}, {"trade_id": 142999967, "side": "buy", "size": "125.32780000", "price": "0.76040000", "time": "2025-07-11T15:20:01.338489Z", "fetched_at": "2025-07-11T15:20:51.905443+00:00", "symbol": "ADA-USD"}, {"trade_id": 142999966, "side": "buy", "size": "129.07893000", "price": "0.76040000", "time": "2025-07-11T15:20:01.328124Z", "fetched_at": "2025-07-11T15:20:51.905443+00:00", "symbol": "ADA-USD"}, {"trade_id": 142999965, "side": "buy", "size": "187.99170000", "price": "0.76040000", "time": "2025-07-11T15:20:01.323301Z", "fetched_at": "2025-07-11T15:20:51.905443+00:00", "symbol": "ADA-USD"}, {"trade_id": 142999964, "side": "sell", "size": "13.13258971", "price": "0.76040000", "time": "2025-07-11T15:20:01.305874Z", "fetched_at": "2025-07-11T15:20:51.905443+00:00", "symbol": "ADA-USD"}, {"trade_id": 142999963, "side": "sell", "size": "733.06687642", "price": "0.76040000", "time": "2025-07-11T15:20:01.305874Z", "fetched_at": "2025-07-11T15:20:51.905443+00:00", "symbol": "ADA-USD"}, {"trade_id": 142999962, "side": "sell", "size": "0.00014682", "price": "0.76030000", "time": "2025-07-11T15:20:01.249934Z", "fetched_at": "2025-07-11T15:20:51.905443+00:00", "symbol": "ADA-USD"}, {"trade_id": 142999961, "side": "sell", "size": "13.13244289", "price": "0.76030000", "time": "2025-07-11T15:20:01.247056Z", "fetched_at": "2025-07-11T15:20:51.905443+00:00", "symbol": "ADA-USD"}, {"trade_id": 142999960, "side": "sell", "size": "37.85035711", "price": "0.76030000", "time": "2025-07-11T15:20:01.247056Z", "fetched_at": "2025-07-11T15:20:51.905443+00:00", "symbol": "ADA-USD"}, {"trade_id": 142999959, "side": "buy", "size": "13.15443305", "price": "0.76020000", "time": "2025-07-11T15:20:01.172639Z", "fetched_at": "2025-07-11T15:20:51.905443+00:00", "symbol": "ADA-USD"}, {"trade_id": 142999958, "side": "buy", "size": "1.50000000", "price": "0.76020000", "time": "2025-07-11T15:20:01.148900Z", "fetched_at": "2025-07-11T15:20:51.905443+00:00", "symbol": "ADA-USD"}, {"trade_id": 142999957, "side": "buy", "size": "13.15270289", "price": "0.76030000", "time": "2025-07-11T15:20:01.135531Z", "fetched_at": "2025-07-11T15:20:51.905443+00:00", "symbol": "ADA-USD"}, {"trade_id": 142999956, "side": "buy", "size": "13.15097318", "price": "0.76040000", "time": "2025-07-11T15:20:01.102153Z", "fetched_at": "2025-07-11T15:20:51.905443+00:00", "symbol": "ADA-USD"}, {"trade_id": 142999955, "side": "buy", "size": "1.50000000", "price": "0.76040000", "time": "2025-07-11T15:20:01.085693Z", "fetched_at": "2025-07-11T15:20:51.905443+00:00", "symbol": "ADA-USD"}, {"trade_id": 142999954, "side": "buy", "size": "1.50000000", "price": "0.76060000", "time": "2025-07-11T15:20:01.061693Z", "fetched_at": "2025-07-11T15:20:51.905443+00:00", "symbol": "ADA-USD"}, {"trade_id": 142999953, "side": "buy", "size": "13.14578678", "price": "0.76070000", "time": "2025-07-11T15:20:01.042750Z", "fetched_at": "2025-07-11T15:20:51.905443+00:00", "symbol": "ADA-USD"}, {"trade_id": 142999952, "side": "buy", "size": "864.98559131", "price": "0.76080000", "time": "2025-07-11T15:20:00.960314Z", "fetched_at": "2025-07-11T15:20:51.905443+00:00", "symbol": "ADA-USD"}, {"trade_id": 142999951, "side": "buy", "size": "1.50000000", "price": "0.76080000", "time": "2025-07-11T15:20:00.960314Z", "fetched_at": "2025-07-11T15:20:51.905443+00:00", "symbol": "ADA-USD"}, {"trade_id": 142999950, "side": "buy", "size": "657.09866869", "price": "0.76090000", "time": "2025-07-11T15:20:00.960314Z", "fetched_at": "2025-07-11T15:20:51.905443+00:00", "symbol": "ADA-USD"}, {"trade_id": 142999949, "side": "buy", "size": "50.00000000", "price": "0.76090000", "time": "2025-07-11T15:20:00.960314Z", "fetched_at": "2025-07-11T15:20:51.905443+00:00", "symbol": "ADA-USD"}, {"trade_id": 142999948, "side": "buy", "size": "1.50000000", "price": "0.76100000", "time": "2025-07-11T15:20:00.960314Z", "fetched_at": "2025-07-11T15:20:51.905443+00:00", "symbol": "ADA-USD"}, {"trade_id": 142999947, "side": "buy", "size": "1.50000000", "price": "0.76110000", "time": "2025-07-11T15:20:00.958537Z", "fetched_at": "2025-07-11T15:20:51.905443+00:00", "symbol": "ADA-USD"}, {"trade_id": 142999946, "side": "buy", "size": "1.50000000", "price": "0.76120000", "time": "2025-07-11T15:20:00.948094Z", "fetched_at": "2025-07-11T15:20:51.905443+00:00", "symbol": "ADA-USD"}, {"trade_id": 142999945, "side": "buy", "size": "13.13542625", "price": "0.76130000", "time": "2025-07-11T15:20:00.934635Z", "fetched_at": "2025-07-11T15:20:51.905443+00:00", "symbol": "ADA-USD"}, {"trade_id": 142999944, "side": "buy", "size": "294.89724046", "price": "0.76140000", "time": "2025-07-11T15:19:59.588492Z", "fetched_at": "2025-07-11T15:20:51.905443+00:00", "symbol": "ADA-USD"}, {"trade_id": 142999943, "side": "buy", "size": "178.62697654", "price": "0.76140000", "time": "2025-07-11T15:19:59.588492Z", "fetched_at": "2025-07-11T15:20:51.905443+00:00", "symbol": "ADA-USD"}, {"trade_id": 142999942, "side": "sell", "size": "13.13441345", "price": "0.76160000", "time": "2025-07-11T15:19:59.110947Z", "fetched_at": "2025-07-11T15:20:51.905443+00:00", "symbol": "ADA-USD"}, {"trade_id": 142999941, "side": "sell", "size": "1.50000000", "price": "0.76160000", "time": "2025-07-11T15:19:59.110947Z", "fetched_at": "2025-07-11T15:20:51.905443+00:00", "symbol": "ADA-USD"}, {"trade_id": 142999940, "side": "sell", "size": "13.13441258", "price": "0.76140000", "time": "2025-07-11T15:19:59.025717Z", "fetched_at": "2025-07-11T15:20:51.905443+00:00", "symbol": "ADA-USD"}, {"trade_id": 142999939, "side": "sell", "size": "13.13441258", "price": "0.76130000", "time": "2025-07-11T15:19:58.770148Z", "fetched_at": "2025-07-11T15:20:51.905443+00:00", "symbol": "ADA-USD"}, {"trade_id": 142999938, "side": "buy", "size": "126.42539013", "price": "0.76110000", "time": "2025-07-11T15:19:58.685255Z", "fetched_at": "2025-07-11T15:20:51.905443+00:00", "symbol": "ADA-USD"}, {"trade_id": 142999937, "side": "buy", "size": "121.19357000", "price": "0.76120000", "time": "2025-07-11T15:19:58.685255Z", "fetched_at": "2025-07-11T15:20:51.905443+00:00", "symbol": "ADA-USD"}, {"trade_id": 142999936, "side": "buy", "size": "13.13715187", "price": "0.76120000", "time": "2025-07-11T15:19:58.685255Z", "fetched_at": "2025-07-11T15:20:51.905443+00:00", "symbol": "ADA-USD"}, {"trade_id": 142999935, "side": "buy", "size": "181.79036000", "price": "0.76120000", "time": "2025-07-11T15:19:58.162311Z", "fetched_at": "2025-07-11T15:20:51.905443+00:00", "symbol": "ADA-USD"}, {"trade_id": 142999934, "side": "sell", "size": "13.13433780", "price": "0.76110000", "time": "2025-07-11T15:19:58.156753Z", "fetched_at": "2025-07-11T15:20:51.905443+00:00", "symbol": "ADA-USD"}, {"trade_id": 142999933, "side": "buy", "size": "13.13887794", "price": "0.76110000", "time": "2025-07-11T15:19:57.955564Z", "fetched_at": "2025-07-11T15:20:51.905443+00:00", "symbol": "ADA-USD"}, {"trade_id": 142999932, "side": "buy", "size": "1.50000000", "price": "0.76110000", "time": "2025-07-11T15:19:57.955564Z", "fetched_at": "2025-07-11T15:20:51.905443+00:00", "symbol": "ADA-USD"}, {"trade_id": 142999931, "side": "buy", "size": "13.13715187", "price": "0.76120000", "time": "2025-07-11T15:19:57.772983Z", "fetched_at": "2025-07-11T15:20:51.905443+00:00", "symbol": "ADA-USD"}, {"trade_id": 142999930, "side": "buy", "size": "1.50000000", "price": "0.76120000", "time": "2025-07-11T15:19:57.763312Z", "fetched_at": "2025-07-11T15:20:51.905443+00:00", "symbol": "ADA-USD"}, {"trade_id": 142999929, "side": "buy", "size": "13.13542625", "price": "0.76130000", "time": "2025-07-11T15:19:57.751694Z", "fetched_at": "2025-07-11T15:20:51.905443+00:00", "symbol": "ADA-USD"}, {"trade_id": 142999928, "side": "sell", "size": "12.74556200", "price": "0.76150000", "time": "2025-07-11T15:19:57.223530Z", "fetched_at": "2025-07-11T15:20:51.905443+00:00", "symbol": "ADA-USD"}, {"trade_id": 142999927, "side": "sell", "size": "51.00306000", "price": "0.76150000", "time": "2025-07-11T15:19:57.223530Z", "fetched_at": "2025-07-11T15:20:51.905443+00:00", "symbol": "ADA-USD"}, {"trade_id": 142999926, "side": "buy", "size": "13.13197637", "price": "0.76150000", "time": "2025-07-11T15:19:57.121488Z", "fetched_at": "2025-07-11T15:20:51.905443+00:00", "symbol": "ADA-USD"}, {"trade_id": 142999925, "side": "buy", "size": "51.00306000", "price": "0.76160000", "time": "2025-07-11T15:19:57.108655Z", "fetched_at": "2025-07-11T15:20:51.905443+00:00", "symbol": "ADA-USD"}, {"trade_id": 142999924, "side": "sell", "size": "13.13413525", "price": "0.76160000", "time": "2025-07-11T15:19:56.991059Z", "fetched_at": "2025-07-11T15:20:51.905443+00:00", "symbol": "ADA-USD"}, {"trade_id": 142999923, "side": "sell", "size": "13.13011447", "price": "0.76140000", "time": "2025-07-11T15:19:56.012992Z", "fetched_at": "2025-07-11T15:20:51.905443+00:00", "symbol": "ADA-USD"}, {"trade_id": 142999922, "side": "sell", "size": "13.13011447", "price": "0.76130000", "time": "2025-07-11T15:19:55.941784Z", "fetched_at": "2025-07-11T15:20:51.905443+00:00", "symbol": "ADA-USD"}, {"trade_id": 142999921, "side": "sell", "size": "51.00306000", "price": "0.76130000", "time": "2025-07-11T15:19:55.927152Z", "fetched_at": "2025-07-11T15:20:51.905443+00:00", "symbol": "ADA-USD"}, {"trade_id": 142999920, "side": "buy", "size": "1.50000000", "price": "0.76120000", "time": "2025-07-11T15:19:55.821285Z", "fetched_at": "2025-07-11T15:20:51.905443+00:00", "symbol": "ADA-USD"}, {"trade_id": 142999919, "side": "buy", "size": "1.50000000", "price": "0.76130000", "time": "2025-07-11T15:19:55.821285Z", "fetched_at": "2025-07-11T15:20:51.905443+00:00", "symbol": "ADA-USD"}, {"trade_id": 142999918, "side": "buy", "size": "1.50000000", "price": "0.76140000", "time": "2025-07-11T15:19:55.795357Z", "fetched_at": "2025-07-11T15:20:51.905443+00:00", "symbol": "ADA-USD"}, {"trade_id": 142999917, "side": "sell", "size": "234.21917371", "price": "0.76150000", "time": "2025-07-11T15:19:55.581280Z", "fetched_at": "2025-07-11T15:20:51.905443+00:00", "symbol": "ADA-USD"}, {"trade_id": 142999916, "side": "sell", "size": "13.13011447", "price": "0.76150000", "time": "2025-07-11T15:19:55.581280Z", "fetched_at": "2025-07-11T15:20:51.905443+00:00", "symbol": "ADA-USD"}, {"trade_id": 142999915, "side": "sell", "size": "701.64765182", "price": "0.76150000", "time": "2025-07-11T15:19:55.581280Z", "fetched_at": "2025-07-11T15:20:51.905443+00:00", "symbol": "ADA-USD"}, {"trade_id": 142999914, "side": "sell", "size": "51.00306000", "price": "0.76150000", "time": "2025-07-11T15:19:55.581280Z", "fetched_at": "2025-07-11T15:20:51.905443+00:00", "symbol": "ADA-USD"}, {"trade_id": 142999913, "side": "buy", "size": "13.13197637", "price": "0.76150000", "time": "2025-07-11T15:19:55.515033Z", "fetched_at": "2025-07-11T15:20:51.905443+00:00", "symbol": "ADA-USD"}, {"trade_id": 142999912, "side": "sell", "size": "37.75842800", "price": "0.76170000", "time": "2025-07-11T15:19:54.891803Z", "fetched_at": "2025-07-11T15:20:51.905443+00:00", "symbol": "ADA-USD"}, {"trade_id": 142999911, "side": "sell", "size": "13.13086900", "price": "0.76170000", "time": "2025-07-11T15:19:54.891803Z", "fetched_at": "2025-07-11T15:20:51.905443+00:00", "symbol": "ADA-USD"}, {"trade_id": 142999910, "side": "sell", "size": "68.10133000", "price": "0.76160000", "time": "2025-07-11T15:19:54.470997Z", "fetched_at": "2025-07-11T15:20:51.905443+00:00", "symbol": "ADA-USD"}, {"trade_id": 142999909, "side": "sell", "size": "13.13086900", "price": "0.76170000", "time": "2025-07-11T15:19:54.397869Z", "fetched_at": "2025-07-11T15:20:51.905443+00:00", "symbol": "ADA-USD"}, {"trade_id": 142999908, "side": "sell", "size": "13.13092868", "price": "0.76160000", "time": "2025-07-11T15:19:53.659530Z", "fetched_at": "2025-07-11T15:20:51.905443+00:00", "symbol": "ADA-USD"}, {"trade_id": 142999907, "side": "sell", "size": "13.13092868", "price": "0.76160000", "time": "2025-07-11T15:19:53.648561Z", "fetched_at": "2025-07-11T15:20:51.905443+00:00", "symbol": "ADA-USD"}, {"trade_id": 142999906, "side": "sell", "size": "13.13592576", "price": "0.76160000", "time": "2025-07-11T15:19:52.004935Z", "fetched_at": "2025-07-11T15:20:51.905443+00:00", "symbol": "ADA-USD"}, {"trade_id": 142999905, "side": "sell", "size": "336.53459576", "price": "0.76160000", "time": "2025-07-11T15:19:51.995004Z", "fetched_at": "2025-07-11T15:20:51.905443+00:00", "symbol": "ADA-USD"}, {"trade_id": 142999904, "side": "sell", "size": "54.96540424", "price": "0.76160000", "time": "2025-07-11T15:19:51.983447Z", "fetched_at": "2025-07-11T15:20:51.905443+00:00", "symbol": "ADA-USD"}, {"trade_id": 142999903, "side": "sell", "size": "13.13592576", "price": "0.76160000", "time": "2025-07-11T15:19:51.983447Z", "fetched_at": "2025-07-11T15:20:51.905443+00:00", "symbol": "ADA-USD"}, {"trade_id": 142999902, "side": "buy", "size": "181.79036000", "price": "0.76140000", "time": "2025-07-11T15:19:51.910975Z", "fetched_at": "2025-07-11T15:20:51.905443+00:00", "symbol": "ADA-USD"}, {"trade_id": 142999901, "side": "sell", "size": "809.35514631", "price": "0.76160000", "time": "2025-07-11T15:19:51.910697Z", "fetched_at": "2025-07-11T15:20:51.905443+00:00", "symbol": "ADA-USD"}, {"trade_id": 142999900, "side": "sell", "size": "1.50000000", "price": "0.76160000", "time": "2025-07-11T15:19:51.910697Z", "fetched_at": "2025-07-11T15:20:51.905443+00:00", "symbol": "ADA-USD"}, {"trade_id": 142999899, "side": "sell", "size": "502.41469771", "price": "0.76160000", "time": "2025-07-11T15:19:51.910697Z", "fetched_at": "2025-07-11T15:20:51.905443+00:00", "symbol": "ADA-USD"}, {"trade_id": 142999898, "side": "sell", "size": "1520.95585000", "price": "0.76160000", "time": "2025-07-11T15:19:51.910697Z", "fetched_at": "2025-07-11T15:20:51.905443+00:00", "symbol": "ADA-USD"}, {"trade_id": 142999897, "side": "sell", "size": "503.39316726", "price": "0.76160000", "time": "2025-07-11T15:19:51.910697Z", "fetched_at": "2025-07-11T15:20:51.905443+00:00", "symbol": "ADA-USD"}, {"trade_id": 142999896, "side": "sell", "size": "886.02173755", "price": "0.76150000", "time": "2025-07-11T15:19:51.906705Z", "fetched_at": "2025-07-11T15:20:51.905443+00:00", "symbol": "ADA-USD"}, {"trade_id": 142999895, "side": "sell", "size": "260.26416813", "price": "0.76150000", "time": "2025-07-11T15:19:51.906705Z", "fetched_at": "2025-07-11T15:20:51.905443+00:00", "symbol": "ADA-USD"}, {"trade_id": 142999894, "side": "sell", "size": "335.23897882", "price": "0.76150000", "time": "2025-07-11T15:19:51.906705Z", "fetched_at": "2025-07-11T15:20:51.905443+00:00", "symbol": "ADA-USD"}, {"trade_id": 142999893, "side": "sell", "size": "469.42275758", "price": "0.76150000", "time": "2025-07-11T15:19:51.906705Z", "fetched_at": "2025-07-11T15:20:51.905443+00:00", "symbol": "ADA-USD"}, {"trade_id": 142999892, "side": "sell", "size": "393.91177993", "price": "0.76150000", "time": "2025-07-11T15:19:51.906705Z", "fetched_at": "2025-07-11T15:20:51.905443+00:00", "symbol": "ADA-USD"}, {"trade_id": 142999891, "side": "sell", "size": "656.69991757", "price": "0.76140000", "time": "2025-07-11T15:19:51.906609Z", "fetched_at": "2025-07-11T15:20:51.905443+00:00", "symbol": "ADA-USD"}, {"trade_id": 142999890, "side": "sell", "size": "849.41639366", "price": "0.76140000", "time": "2025-07-11T15:19:51.902925Z", "fetched_at": "2025-07-11T15:20:51.905443+00:00", "symbol": "ADA-USD"}, {"trade_id": 142999889, "side": "sell", "size": "3115.90243363", "price": "0.76140000", "time": "2025-07-11T15:19:51.898220Z", "fetched_at": "2025-07-11T15:20:51.905443+00:00", "symbol": "ADA-USD"}, {"trade_id": 142999888, "side": "sell", "size": "260.26416813", "price": "0.76130000", "time": "2025-07-11T15:19:51.898220Z", "fetched_at": "2025-07-11T15:20:51.905443+00:00", "symbol": "ADA-USD"}, {"trade_id": 142999887, "side": "sell", "size": "3021.62669034", "price": "0.76130000", "time": "2025-07-11T15:19:51.898220Z", "fetched_at": "2025-07-11T15:20:51.905443+00:00", "symbol": "ADA-USD"}, {"trade_id": 142999886, "side": "sell", "size": "503.39316726", "price": "0.76130000", "time": "2025-07-11T15:19:51.898220Z", "fetched_at": "2025-07-11T15:20:51.905443+00:00", "symbol": "ADA-USD"}, {"trade_id": 142999885, "side": "sell", "size": "503.39316726", "price": "0.76120000", "time": "2025-07-11T15:19:51.898220Z", "fetched_at": "2025-07-11T15:20:51.905443+00:00", "symbol": "ADA-USD"}, {"trade_id": 142999884, "side": "sell", "size": "400.00000000", "price": "0.76120000", "time": "2025-07-11T15:19:51.898220Z", "fetched_at": "2025-07-11T15:20:51.905443+00:00", "symbol": "ADA-USD"}, {"trade_id": 142999883, "side": "sell", "size": "391.50000000", "price": "0.76120000", "time": "2025-07-11T15:19:51.898220Z", "fetched_at": "2025-07-11T15:20:51.905443+00:00", "symbol": "ADA-USD"}, {"trade_id": 142999882, "side": "sell", "size": "13.12934826", "price": "0.76110000", "time": "2025-07-11T15:19:51.898220Z", "fetched_at": "2025-07-11T15:20:51.905443+00:00", "symbol": "ADA-USD"}, {"trade_id": 142999881, "side": "sell", "size": "12.75492000", "price": "0.76110000", "time": "2025-07-11T15:19:51.750770Z", "fetched_at": "2025-07-11T15:20:51.905443+00:00", "symbol": "ADA-USD"}, {"trade_id": 142999880, "side": "buy", "size": "13.13887794", "price": "0.76110000", "time": "2025-07-11T15:19:51.628310Z", "fetched_at": "2025-07-11T15:20:51.905443+00:00", "symbol": "ADA-USD"}, {"trade_id": 142999879, "side": "buy", "size": "1.50000000", "price": "0.76110000", "time": "2025-07-11T15:19:51.469821Z", "fetched_at": "2025-07-11T15:20:51.905443+00:00", "symbol": "ADA-USD"}, {"trade_id": 142999878, "side": "buy", "size": "13.13715187", "price": "0.76120000", "time": "2025-07-11T15:19:51.459710Z", "fetched_at": "2025-07-11T15:20:51.905443+00:00", "symbol": "ADA-USD"}, {"trade_id": 142999877, "side": "sell", "size": "0.86690400", "price": "0.76140000", "time": "2025-07-11T15:19:51.215038Z", "fetched_at": "2025-07-11T15:20:51.905443+00:00", "symbol": "ADA-USD"}, {"trade_id": 142999876, "side": "buy", "size": "0.00002063", "price": "0.76130000", "time": "2025-07-11T15:19:51.084026Z", "fetched_at": "2025-07-11T15:20:51.905443+00:00", "symbol": "ADA-USD"}, {"trade_id": 142999875, "side": "buy", "size": "13.13715187", "price": "0.76120000", "time": "2025-07-11T15:19:50.668142Z", "fetched_at": "2025-07-11T15:20:51.905443+00:00", "symbol": "ADA-USD"}, {"trade_id": 142999874, "side": "buy", "size": "1.50000000", "price": "0.76120000", "time": "2025-07-11T15:19:50.668142Z", "fetched_at": "2025-07-11T15:20:51.905443+00:00", "symbol": "ADA-USD"}, {"trade_id": 142999873, "side": "buy", "size": "1.50000000", "price": "0.76140000", "time": "2025-07-11T15:19:50.576057Z", "fetched_at": "2025-07-11T15:20:51.905443+00:00", "symbol": "ADA-USD"}, {"trade_id": 142999872, "side": "buy", "size": "1.50000000", "price": "0.76150000", "time": "2025-07-11T15:19:50.200088Z", "fetched_at": "2025-07-11T15:20:51.905443+00:00", "symbol": "ADA-USD"}, {"trade_id": 142999871, "side": "sell", "size": "50.00000000", "price": "0.76160000", "time": "2025-07-11T15:19:49.842285Z", "fetched_at": "2025-07-11T15:20:51.905443+00:00", "symbol": "ADA-USD"}, {"trade_id": 142999870, "side": "buy", "size": "0.00000518", "price": "0.76160000", "time": "2025-07-11T15:19:49.832833Z", "fetched_at": "2025-07-11T15:20:51.905443+00:00", "symbol": "ADA-USD"}, {"trade_id": 142999869, "side": "buy", "size": "13.13024693", "price": "0.76160000", "time": "2025-07-11T15:19:49.832718Z", "fetched_at": "2025-07-11T15:20:51.905443+00:00", "symbol": "ADA-USD"}, {"trade_id": 142999868, "side": "buy", "size": "30.38062307", "price": "0.76160000", "time": "2025-07-11T15:19:49.832718Z", "fetched_at": "2025-07-11T15:20:51.905443+00:00", "symbol": "ADA-USD"}, {"trade_id": 142999867, "side": "buy", "size": "1.50000000", "price": "0.76160000", "time": "2025-07-11T15:19:49.832718Z", "fetched_at": "2025-07-11T15:20:51.905443+00:00", "symbol": "ADA-USD"}, {"trade_id": 142999866, "side": "buy", "size": "1.50000000", "price": "0.76170000", "time": "2025-07-11T15:19:49.751340Z", "fetched_at": "2025-07-11T15:20:51.905443+00:00", "symbol": "ADA-USD"}, {"trade_id": 142999865, "side": "buy", "size": "13.12680494", "price": "0.76180000", "time": "2025-07-11T15:19:49.280122Z", "fetched_at": "2025-07-11T15:20:51.905443+00:00", "symbol": "ADA-USD"}, {"trade_id": 142999864, "side": "buy", "size": "1.50000000", "price": "0.76180000", "time": "2025-07-11T15:19:49.280122Z", "fetched_at": "2025-07-11T15:20:51.905443+00:00", "symbol": "ADA-USD"}, {"trade_id": 142999863, "side": "buy", "size": "1.50000000", "price": "0.76200000", "time": "2025-07-11T15:19:49.169412Z", "fetched_at": "2025-07-11T15:20:51.905443+00:00", "symbol": "ADA-USD"}, {"trade_id": 142999862, "side": "sell", "size": "129.95536900", "price": "0.76210000", "time": "2025-07-11T15:19:48.718484Z", "fetched_at": "2025-07-11T15:20:51.905443+00:00", "symbol": "ADA-USD"}, {"trade_id": 142999861, "side": "sell", "size": "68.10133000", "price": "0.76220000", "time": "2025-07-11T15:19:48.474823Z", "fetched_at": "2025-07-11T15:20:51.905443+00:00", "symbol": "ADA-USD"}, {"trade_id": 142999860, "side": "buy", "size": "50.00000000", "price": "0.76220000", "time": "2025-07-11T15:19:48.462002Z", "fetched_at": "2025-07-11T15:20:51.905443+00:00", "symbol": "ADA-USD"}, {"trade_id": 142999859, "side": "buy", "size": "391.50000000", "price": "0.76220000", "time": "2025-07-11T15:19:48.462002Z", "fetched_at": "2025-07-11T15:20:51.905443+00:00", "symbol": "ADA-USD"}, {"trade_id": 142999858, "side": "buy", "size": "13.11991604", "price": "0.76220000", "time": "2025-07-11T15:19:48.462002Z", "fetched_at": "2025-07-11T15:20:51.905443+00:00", "symbol": "ADA-USD"}, {"trade_id": 142999857, "side": "sell", "size": "13.12062288", "price": "0.76240000", "time": "2025-07-11T15:19:47.620194Z", "fetched_at": "2025-07-11T15:20:51.905443+00:00", "symbol": "ADA-USD"}, {"trade_id": 142999856, "side": "sell", "size": "1.50000000", "price": "0.76240000", "time": "2025-07-11T15:19:47.620194Z", "fetched_at": "2025-07-11T15:20:51.905443+00:00", "symbol": "ADA-USD"}, {"trade_id": 142999855, "side": "sell", "size": "13.12235410", "price": "0.76230000", "time": "2025-07-11T15:19:47.508780Z", "fetched_at": "2025-07-11T15:20:51.905443+00:00", "symbol": "ADA-USD"}, {"trade_id": 142999854, "side": "sell", "size": "13.12235410", "price": "0.76220000", "time": "2025-07-11T15:19:47.324971Z", "fetched_at": "2025-07-11T15:20:51.905443+00:00", "symbol": "ADA-USD"}, {"trade_id": 142999853, "side": "buy", "size": "13.11991604", "price": "0.76220000", "time": "2025-07-11T15:19:46.674025Z", "fetched_at": "2025-07-11T15:20:51.905443+00:00", "symbol": "ADA-USD"}, {"trade_id": 142999852, "side": "buy", "size": "13.11991604", "price": "0.76220000", "time": "2025-07-11T15:19:46.587833Z", "fetched_at": "2025-07-11T15:20:51.905443+00:00", "symbol": "ADA-USD"}, {"trade_id": 142999851, "side": "buy", "size": "100.00000000", "price": "0.76230000", "time": "2025-07-11T15:19:46.228788Z", "fetched_at": "2025-07-11T15:20:51.905443+00:00", "symbol": "ADA-USD"}, {"trade_id": 142999850, "side": "buy", "size": "0.00002157", "price": "0.76230000", "time": "2025-07-11T15:19:45.978424Z", "fetched_at": "2025-07-11T15:20:51.905443+00:00", "symbol": "ADA-USD"}, {"trade_id": 142999849, "side": "sell", "size": "13.11720077", "price": "0.76210000", "time": "2025-07-11T15:19:45.916962Z", "fetched_at": "2025-07-11T15:20:51.905443+00:00", "symbol": "ADA-USD"}, {"trade_id": 142999848, "side": "sell", "size": "68.10133000", "price": "0.76210000", "time": "2025-07-11T15:19:45.374930Z", "fetched_at": "2025-07-11T15:20:51.905443+00:00", "symbol": "ADA-USD"}, {"trade_id": 142999847, "side": "sell", "size": "2286.53228237", "price": "0.76240000", "time": "2025-07-11T15:19:45.295985Z", "fetched_at": "2025-07-11T15:20:51.905443+00:00", "symbol": "ADA-USD"}, {"trade_id": 142999846, "side": "sell", "size": "655.83346042", "price": "0.76240000", "time": "2025-07-11T15:19:45.295985Z", "fetched_at": "2025-07-11T15:20:51.905443+00:00", "symbol": "ADA-USD"}, {"trade_id": 142999845, "side": "sell", "size": "679.96497926", "price": "0.76240000", "time": "2025-07-11T15:19:45.295985Z", "fetched_at": "2025-07-11T15:20:51.905443+00:00", "symbol": "ADA-USD"}, {"trade_id": 142999844, "side": "sell", "size": "812.43049953", "price": "0.76240000", "time": "2025-07-11T15:19:45.295985Z", "fetched_at": "2025-07-11T15:20:51.905443+00:00", "symbol": "ADA-USD"}, {"trade_id": 142999843, "side": "sell", "size": "286.21925252", "price": "0.76240000", "time": "2025-07-11T15:19:45.295985Z", "fetched_at": "2025-07-11T15:20:51.905443+00:00", "symbol": "ADA-USD"}, {"trade_id": 142999842, "side": "sell", "size": "503.39316726", "price": "0.76240000", "time": "2025-07-11T15:19:45.295985Z", "fetched_at": "2025-07-11T15:20:51.905443+00:00", "symbol": "ADA-USD"}, {"trade_id": 142999841, "side": "sell", "size": "400.00000000", "price": "0.76230000", "time": "2025-07-11T15:19:45.295985Z", "fetched_at": "2025-07-11T15:20:51.905443+00:00", "symbol": "ADA-USD"}, {"trade_id": 142999840, "side": "sell", "size": "3828.90589655", "price": "0.76230000", "time": "2025-07-11T15:19:45.295985Z", "fetched_at": "2025-07-11T15:20:51.905443+00:00", "symbol": "ADA-USD"}, {"trade_id": 142999839, "side": "sell", "size": "503.39316726", "price": "0.76230000", "time": "2025-07-11T15:19:45.295985Z", "fetched_at": "2025-07-11T15:20:51.905443+00:00", "symbol": "ADA-USD"}, {"trade_id": 142999838, "side": "sell", "size": "774.71434977", "price": "0.76220000", "time": "2025-07-11T15:19:45.295985Z", "fetched_at": "2025-07-11T15:20:51.905443+00:00", "symbol": "ADA-USD"}, {"trade_id": 142999837, "side": "sell", "size": "51.00306000", "price": "0.76220000", "time": "2025-07-11T15:19:45.295985Z", "fetched_at": "2025-07-11T15:20:51.905443+00:00", "symbol": "ADA-USD"}, {"trade_id": 142999836, "side": "sell", "size": "13.11389029", "price": "0.76220000", "time": "2025-07-11T15:19:45.295985Z", "fetched_at": "2025-07-11T15:20:51.905443+00:00", "symbol": "ADA-USD"}, {"trade_id": 142999835, "side": "sell", "size": "684.61969877", "price": "0.76220000", "time": "2025-07-11T15:19:45.295985Z", "fetched_at": "2025-07-11T15:20:51.905443+00:00", "symbol": "ADA-USD"}, {"trade_id": 142999834, "side": "buy", "size": "421.62435894", "price": "0.76200000", "time": "2025-07-11T15:19:45.148815Z", "fetched_at": "2025-07-11T15:20:51.905443+00:00", "symbol": "ADA-USD"}, {"trade_id": 142999833, "side": "buy", "size": "503.39316726", "price": "0.76200000", "time": "2025-07-11T15:19:45.148815Z", "fetched_at": "2025-07-11T15:20:51.905443+00:00", "symbol": "ADA-USD"}, {"trade_id": 142999832, "side": "buy", "size": "391.50000000", "price": "0.76200000", "time": "2025-07-11T15:19:45.148815Z", "fetched_at": "2025-07-11T15:20:51.905443+00:00", "symbol": "ADA-USD"}, {"trade_id": 142999831, "side": "buy", "size": "9.57097280", "price": "0.76210000", "time": "2025-07-11T15:19:45.148815Z", "fetched_at": "2025-07-11T15:20:51.905443+00:00", "symbol": "ADA-USD"}, {"trade_id": 142999830, "side": "buy", "size": "0.01312163", "price": "0.76210000", "time": "2025-07-11T15:19:45.101652Z", "fetched_at": "2025-07-11T15:20:51.905443+00:00", "symbol": "ADA-USD"}, {"trade_id": 142999829, "side": "buy", "size": "2.65057079", "price": "0.76210000", "time": "2025-07-11T15:19:45.084974Z", "fetched_at": "2025-07-11T15:20:51.905443+00:00", "symbol": "ADA-USD"}, {"trade_id": 142999828, "side": "buy", "size": "8.22820349", "price": "0.76230000", "time": "2025-07-11T15:19:44.836181Z", "fetched_at": "2025-07-11T15:20:51.905443+00:00", "symbol": "ADA-USD"}, {"trade_id": 142999827, "side": "buy", "size": "0.00002144", "price": "0.76230000", "time": "2025-07-11T15:19:44.676869Z", "fetched_at": "2025-07-11T15:20:51.905443+00:00", "symbol": "ADA-USD"}, {"trade_id": 142999826, "side": "sell", "size": "68.10133000", "price": "0.76240000", "time": "2025-07-11T15:19:44.178637Z", "fetched_at": "2025-07-11T15:20:51.905443+00:00", "symbol": "ADA-USD"}, {"trade_id": 142999825, "side": "sell", "size": "13.11547965", "price": "0.76250000", "time": "2025-07-11T15:19:43.679583Z", "fetched_at": "2025-07-11T15:20:51.905443+00:00", "symbol": "ADA-USD"}, {"trade_id": 142999824, "side": "sell", "size": "13.11545353", "price": "0.76230000", "time": "2025-07-11T15:19:43.597849Z", "fetched_at": "2025-07-11T15:20:51.905443+00:00", "symbol": "ADA-USD"}, {"trade_id": 142999823, "side": "buy", "size": "13.11819494", "price": "0.76230000", "time": "2025-07-11T15:19:43.368717Z", "fetched_at": "2025-07-11T15:20:51.905443+00:00", "symbol": "ADA-USD"}, {"trade_id": 142999822, "side": "sell", "size": "68.10133000", "price": "0.76240000", "time": "2025-07-11T15:19:43.141739Z", "fetched_at": "2025-07-11T15:20:51.905443+00:00", "symbol": "ADA-USD"}, {"trade_id": 142999821, "side": "sell", "size": "161.30923200", "price": "0.76250000", "time": "2025-07-11T15:19:42.555314Z", "fetched_at": "2025-07-11T15:20:51.905443+00:00", "symbol": "ADA-USD"}, {"trade_id": 142999820, "side": "sell", "size": "1.50000000", "price": "0.76250000", "time": "2025-07-11T15:19:42.555314Z", "fetched_at": "2025-07-11T15:20:51.905443+00:00", "symbol": "ADA-USD"}, {"trade_id": 142999819, "side": "sell", "size": "13.11881621", "price": "0.76240000", "time": "2025-07-11T15:19:42.435334Z", "fetched_at": "2025-07-11T15:20:51.905443+00:00", "symbol": "ADA-USD"}, {"trade_id": 142999818, "side": "sell", "size": "13.12918696", "price": "0.76240000", "time": "2025-07-11T15:19:41.703183Z", "fetched_at": "2025-07-11T15:20:51.905443+00:00", "symbol": "ADA-USD"}, {"trade_id": 142999817, "side": "sell", "size": "1.50000000", "price": "0.76240000", "time": "2025-07-11T15:19:41.703183Z", "fetched_at": "2025-07-11T15:20:51.905443+00:00", "symbol": "ADA-USD"}, {"trade_id": 142999816, "side": "sell", "size": "1.66697453", "price": "0.76240000", "time": "2025-07-11T15:19:41.703183Z", "fetched_at": "2025-07-11T15:20:51.905443+00:00", "symbol": "ADA-USD"}, {"trade_id": 142999815, "side": "sell", "size": "13.12588756", "price": "0.76230000", "time": "2025-07-11T15:19:41.547819Z", "fetched_at": "2025-07-11T15:20:51.905443+00:00", "symbol": "ADA-USD"}, {"trade_id": 142999814, "side": "sell", "size": "1.50000000", "price": "0.76230000", "time": "2025-07-11T15:19:41.547819Z", "fetched_at": "2025-07-11T15:20:51.905443+00:00", "symbol": "ADA-USD"}, {"trade_id": 142999813, "side": "sell", "size": "1.50000000", "price": "0.76220000", "time": "2025-07-11T15:19:41.181007Z", "fetched_at": "2025-07-11T15:20:51.905443+00:00", "symbol": "ADA-USD"}, {"trade_id": 142999812, "side": "sell", "size": "13.12588756", "price": "0.76210000", "time": "2025-07-11T15:19:41.168687Z", "fetched_at": "2025-07-11T15:20:51.905443+00:00", "symbol": "ADA-USD"}, {"trade_id": 142999811, "side": "sell", "size": "1.50000000", "price": "0.76210000", "time": "2025-07-11T15:19:41.168687Z", "fetched_at": "2025-07-11T15:20:51.905443+00:00", "symbol": "ADA-USD"}, {"trade_id": 142999810, "side": "sell", "size": "13.12588756", "price": "0.76200000", "time": "2025-07-11T15:19:41.128101Z", "fetched_at": "2025-07-11T15:20:51.905443+00:00", "symbol": "ADA-USD"}, {"trade_id": 142999809, "side": "sell", "size": "13.12576092", "price": "0.76180000", "time": "2025-07-11T15:19:41.082119Z", "fetched_at": "2025-07-11T15:20:51.905443+00:00", "symbol": "ADA-USD"}, {"trade_id": 142999808, "side": "buy", "size": "0.00002050", "price": "0.76170000", "time": "2025-07-11T15:19:40.828059Z", "fetched_at": "2025-07-11T15:20:51.905443+00:00", "symbol": "ADA-USD"}, {"trade_id": 142999807, "side": "buy", "size": "0.01312852", "price": "0.76170000", "time": "2025-07-11T15:19:40.285940Z", "fetched_at": "2025-07-11T15:20:51.905443+00:00", "symbol": "ADA-USD"}, {"trade_id": 142999806, "side": "buy", "size": "197.19913041", "price": "0.76160000", "time": "2025-07-11T15:19:40.268743Z", "fetched_at": "2025-07-11T15:20:51.905443+00:00", "symbol": "ADA-USD"}, {"trade_id": 142999805, "side": "buy", "size": "13.12852830", "price": "0.76170000", "time": "2025-07-11T15:19:40.268743Z", "fetched_at": "2025-07-11T15:20:51.905443+00:00", "symbol": "ADA-USD"}, {"trade_id": 142999804, "side": "buy", "size": "121.19357000", "price": "0.76170000", "time": "2025-07-11T15:19:40.268743Z", "fetched_at": "2025-07-11T15:20:51.905443+00:00", "symbol": "ADA-USD"}, {"trade_id": 142999803, "side": "sell", "size": "25.35528311", "price": "0.76180000", "time": "2025-07-11T15:19:40.150107Z", "fetched_at": "2025-07-11T15:20:51.905443+00:00", "symbol": "ADA-USD"}, {"trade_id": 142999802, "side": "sell", "size": "42.74604689", "price": "0.76180000", "time": "2025-07-11T15:19:40.150107Z", "fetched_at": "2025-07-11T15:20:51.905443+00:00", "symbol": "ADA-USD"}, {"trade_id": 142999801, "side": "sell", "size": "68.10133000", "price": "0.76170000", "time": "2025-07-11T15:19:39.873077Z", "fetched_at": "2025-07-11T15:20:51.905443+00:00", "symbol": "ADA-USD"}, {"trade_id": 142999800, "side": "buy", "size": "13.12852830", "price": "0.76170000", "time": "2025-07-11T15:19:39.819484Z", "fetched_at": "2025-07-11T15:20:51.905443+00:00", "symbol": "ADA-USD"}, {"trade_id": 142999799, "side": "buy", "size": "0.00000147", "price": "0.76180000", "time": "2025-07-11T15:19:39.731818Z", "fetched_at": "2025-07-11T15:20:51.905443+00:00", "symbol": "ADA-USD"}, {"trade_id": 142999798, "side": "buy", "size": "227.47148000", "price": "0.76180000", "time": "2025-07-11T15:19:39.729457Z", "fetched_at": "2025-07-11T15:20:51.905443+00:00", "symbol": "ADA-USD"}, {"trade_id": 142999797, "side": "buy", "size": "0.00002023", "price": "0.76180000", "time": "2025-07-11T15:19:39.598071Z", "fetched_at": "2025-07-11T15:20:51.905443+00:00", "symbol": "ADA-USD"}, {"trade_id": 142999796, "side": "sell", "size": "318.89402930", "price": "0.76210000", "time": "2025-07-11T15:19:39.027484Z", "fetched_at": "2025-07-11T15:20:51.905443+00:00", "symbol": "ADA-USD"}, {"trade_id": 142999795, "side": "sell", "size": "13.12656670", "price": "0.76200000", "time": "2025-07-11T15:19:39.027484Z", "fetched_at": "2025-07-11T15:20:51.905443+00:00", "symbol": "ADA-USD"}, {"trade_id": 142999794, "side": "sell", "size": "1.50000000", "price": "0.76200000", "time": "2025-07-11T15:19:39.027484Z", "fetched_at": "2025-07-11T15:20:51.905443+00:00", "symbol": "ADA-USD"}, {"trade_id": 142999793, "side": "sell", "size": "13.12930061", "price": "0.76190000", "time": "2025-07-11T15:19:38.985682Z", "fetched_at": "2025-07-11T15:20:51.905443+00:00", "symbol": "ADA-USD"}, {"trade_id": 142999792, "side": "sell", "size": "13.12930061", "price": "0.76190000", "time": "2025-07-11T15:19:38.532808Z", "fetched_at": "2025-07-11T15:20:51.905443+00:00", "symbol": "ADA-USD"}, {"trade_id": 142999791, "side": "sell", "size": "13.12930061", "price": "0.76190000", "time": "2025-07-11T15:19:38.431355Z", "fetched_at": "2025-07-11T15:20:51.905443+00:00", "symbol": "ADA-USD"}, {"trade_id": 142999790, "side": "sell", "size": "1.50000000", "price": "0.76190000", "time": "2025-07-11T15:19:38.431355Z", "fetched_at": "2025-07-11T15:20:51.905443+00:00", "symbol": "ADA-USD"}