[{"trade_id": 143063782, "side": "sell", "size": "13.27351500", "price": "0.72790000", "time": "2025-07-11T17:39:32.000144Z", "fetched_at": "2025-07-11T17:39:34.477592+00:00", "symbol": "ADA-USD"}, {"trade_id": 143063781, "side": "sell", "size": "90.18678758", "price": "0.72790000", "time": "2025-07-11T17:39:31.782975Z", "fetched_at": "2025-07-11T17:39:34.477592+00:00", "symbol": "ADA-USD"}, {"trade_id": 143063780, "side": "sell", "size": "2.47507220", "price": "0.72780000", "time": "2025-07-11T17:39:31.150624Z", "fetched_at": "2025-07-11T17:39:34.477592+00:00", "symbol": "ADA-USD"}, {"trade_id": 143063779, "side": "sell", "size": "2.78478487", "price": "0.72790000", "time": "2025-07-11T17:39:30.381133Z", "fetched_at": "2025-07-11T17:39:34.477592+00:00", "symbol": "ADA-USD"}, {"trade_id": 143063778, "side": "sell", "size": "458.44771779", "price": "0.72790000", "time": "2025-07-11T17:39:29.970828Z", "fetched_at": "2025-07-11T17:39:34.477592+00:00", "symbol": "ADA-USD"}, {"trade_id": 143063777, "side": "sell", "size": "3.03718398", "price": "0.72790000", "time": "2025-07-11T17:39:29.970828Z", "fetched_at": "2025-07-11T17:39:34.477592+00:00", "symbol": "ADA-USD"}, {"trade_id": 143063776, "side": "sell", "size": "1.60000000", "price": "0.72790000", "time": "2025-07-11T17:39:29.970828Z", "fetched_at": "2025-07-11T17:39:34.477592+00:00", "symbol": "ADA-USD"}, {"trade_id": 143063775, "side": "sell", "size": "8.39452707", "price": "0.72790000", "time": "2025-07-11T17:39:28.691573Z", "fetched_at": "2025-07-11T17:39:34.477592+00:00", "symbol": "ADA-USD"}, {"trade_id": 143063774, "side": "sell", "size": "2.30125993", "price": "0.72780000", "time": "2025-07-11T17:39:28.691573Z", "fetched_at": "2025-07-11T17:39:34.477592+00:00", "symbol": "ADA-USD"}, {"trade_id": 143063773, "side": "sell", "size": "1.60000000", "price": "0.72780000", "time": "2025-07-11T17:39:28.691573Z", "fetched_at": "2025-07-11T17:39:34.477592+00:00", "symbol": "ADA-USD"}, {"trade_id": 143063772, "side": "sell", "size": "2.49347296", "price": "0.72770000", "time": "2025-07-11T17:39:28.543132Z", "fetched_at": "2025-07-11T17:39:34.477592+00:00", "symbol": "ADA-USD"}, {"trade_id": 143063771, "side": "sell", "size": "1.60000000", "price": "0.72770000", "time": "2025-07-11T17:39:28.543132Z", "fetched_at": "2025-07-11T17:39:34.477592+00:00", "symbol": "ADA-USD"}, {"trade_id": 143063770, "side": "sell", "size": "4.54876095", "price": "0.72760000", "time": "2025-07-11T17:39:27.740439Z", "fetched_at": "2025-07-11T17:39:34.477592+00:00", "symbol": "ADA-USD"}, {"trade_id": 143063769, "side": "sell", "size": "1.60000000", "price": "0.72760000", "time": "2025-07-11T17:39:27.740439Z", "fetched_at": "2025-07-11T17:39:34.477592+00:00", "symbol": "ADA-USD"}, {"trade_id": 143063768, "side": "sell", "size": "4.54876095", "price": "0.72750000", "time": "2025-07-11T17:39:26.729605Z", "fetched_at": "2025-07-11T17:39:34.477592+00:00", "symbol": "ADA-USD"}, {"trade_id": 143063767, "side": "sell", "size": "1.60000000", "price": "0.72750000", "time": "2025-07-11T17:39:26.729605Z", "fetched_at": "2025-07-11T17:39:34.477592+00:00", "symbol": "ADA-USD"}, {"trade_id": 143063766, "side": "sell", "size": "3437.38055103", "price": "0.72740000", "time": "2025-07-11T17:39:26.583069Z", "fetched_at": "2025-07-11T17:39:34.477592+00:00", "symbol": "ADA-USD"}, {"trade_id": 143063765, "side": "sell", "size": "5.12521734", "price": "0.72740000", "time": "2025-07-11T17:39:26.583069Z", "fetched_at": "2025-07-11T17:39:34.477592+00:00", "symbol": "ADA-USD"}, {"trade_id": 143063764, "side": "sell", "size": "136.28380081", "price": "0.72740000", "time": "2025-07-11T17:39:26.583069Z", "fetched_at": "2025-07-11T17:39:34.477592+00:00", "symbol": "ADA-USD"}, {"trade_id": 143063763, "side": "sell", "size": "134.59480000", "price": "0.72740000", "time": "2025-07-11T17:39:25.910626Z", "fetched_at": "2025-07-11T17:39:34.477592+00:00", "symbol": "ADA-USD"}, {"trade_id": 143063762, "side": "sell", "size": "1.60000000", "price": "0.72740000", "time": "2025-07-11T17:39:25.910626Z", "fetched_at": "2025-07-11T17:39:34.477592+00:00", "symbol": "ADA-USD"}, {"trade_id": 143063761, "side": "sell", "size": "0.00001227", "price": "0.72730000", "time": "2025-07-11T17:39:23.504112Z", "fetched_at": "2025-07-11T17:39:34.477592+00:00", "symbol": "ADA-USD"}, {"trade_id": 143063760, "side": "sell", "size": "5.98908127", "price": "0.72730000", "time": "2025-07-11T17:39:23.502371Z", "fetched_at": "2025-07-11T17:39:34.477592+00:00", "symbol": "ADA-USD"}, {"trade_id": 143063759, "side": "sell", "size": "43.54816873", "price": "0.72730000", "time": "2025-07-11T17:39:23.502371Z", "fetched_at": "2025-07-11T17:39:34.477592+00:00", "symbol": "ADA-USD"}, {"trade_id": 143063758, "side": "sell", "size": "1.60000000", "price": "0.72730000", "time": "2025-07-11T17:39:23.502371Z", "fetched_at": "2025-07-11T17:39:34.477592+00:00", "symbol": "ADA-USD"}, {"trade_id": 143063757, "side": "sell", "size": "6.92331747", "price": "0.72720000", "time": "2025-07-11T17:39:22.776075Z", "fetched_at": "2025-07-11T17:39:34.477592+00:00", "symbol": "ADA-USD"}, {"trade_id": 143063756, "side": "sell", "size": "1.60000000", "price": "0.72720000", "time": "2025-07-11T17:39:22.776075Z", "fetched_at": "2025-07-11T17:39:34.477592+00:00", "symbol": "ADA-USD"}, {"trade_id": 143063755, "side": "buy", "size": "27.82225175", "price": "0.72710000", "time": "2025-07-11T17:39:22.546474Z", "fetched_at": "2025-07-11T17:39:34.477592+00:00", "symbol": "ADA-USD"}, {"trade_id": 143063754, "side": "buy", "size": "699.89626725", "price": "0.72710000", "time": "2025-07-11T17:39:22.546474Z", "fetched_at": "2025-07-11T17:39:34.477592+00:00", "symbol": "ADA-USD"}, {"trade_id": 143063753, "side": "buy", "size": "51.00306000", "price": "0.72710000", "time": "2025-07-11T17:39:22.546474Z", "fetched_at": "2025-07-11T17:39:34.477592+00:00", "symbol": "ADA-USD"}, {"trade_id": 143063752, "side": "buy", "size": "149.63114000", "price": "0.72710000", "time": "2025-07-11T17:39:22.546474Z", "fetched_at": "2025-07-11T17:39:34.477592+00:00", "symbol": "ADA-USD"}, {"trade_id": 143063751, "side": "buy", "size": "158.28542000", "price": "0.72710000", "time": "2025-07-11T17:39:22.546474Z", "fetched_at": "2025-07-11T17:39:34.477592+00:00", "symbol": "ADA-USD"}, {"trade_id": 143063750, "side": "buy", "size": "391.50000000", "price": "0.72710000", "time": "2025-07-11T17:39:22.546474Z", "fetched_at": "2025-07-11T17:39:34.477592+00:00", "symbol": "ADA-USD"}, {"trade_id": 143063749, "side": "buy", "size": "50.00000000", "price": "0.72710000", "time": "2025-07-11T17:39:22.546474Z", "fetched_at": "2025-07-11T17:39:34.477592+00:00", "symbol": "ADA-USD"}, {"trade_id": 143063748, "side": "sell", "size": "8.34582408", "price": "0.72710000", "time": "2025-07-11T17:39:22.173366Z", "fetched_at": "2025-07-11T17:39:34.477592+00:00", "symbol": "ADA-USD"}, {"trade_id": 143063747, "side": "sell", "size": "1.60000000", "price": "0.72710000", "time": "2025-07-11T17:39:22.173366Z", "fetched_at": "2025-07-11T17:39:34.477592+00:00", "symbol": "ADA-USD"}, {"trade_id": 143063746, "side": "sell", "size": "5.20693100", "price": "0.72700000", "time": "2025-07-11T17:39:20.783028Z", "fetched_at": "2025-07-11T17:39:34.477592+00:00", "symbol": "ADA-USD"}, {"trade_id": 143063745, "side": "sell", "size": "1.60000000", "price": "0.72700000", "time": "2025-07-11T17:39:20.783028Z", "fetched_at": "2025-07-11T17:39:34.477592+00:00", "symbol": "ADA-USD"}, {"trade_id": 143063744, "side": "buy", "size": "241.83488288", "price": "0.72690000", "time": "2025-07-11T17:39:20.660108Z", "fetched_at": "2025-07-11T17:39:34.477592+00:00", "symbol": "ADA-USD"}, {"trade_id": 143063743, "side": "buy", "size": "270.25048460", "price": "0.72690000", "time": "2025-07-11T17:39:20.660108Z", "fetched_at": "2025-07-11T17:39:34.477592+00:00", "symbol": "ADA-USD"}, {"trade_id": 143063742, "side": "sell", "size": "16.57383530", "price": "0.72690000", "time": "2025-07-11T17:39:18.803606Z", "fetched_at": "2025-07-11T17:39:34.477592+00:00", "symbol": "ADA-USD"}, {"trade_id": 143063741, "side": "buy", "size": "80.60428400", "price": "0.72680000", "time": "2025-07-11T17:39:17.194497Z", "fetched_at": "2025-07-11T17:39:34.477592+00:00", "symbol": "ADA-USD"}, {"trade_id": 143063740, "side": "buy", "size": "1.03000000", "price": "0.72680000", "time": "2025-07-11T17:39:17.047375Z", "fetched_at": "2025-07-11T17:39:34.477592+00:00", "symbol": "ADA-USD"}, {"trade_id": 143063739, "side": "sell", "size": "16.57609550", "price": "0.72690000", "time": "2025-07-11T17:39:14.679101Z", "fetched_at": "2025-07-11T17:39:34.477592+00:00", "symbol": "ADA-USD"}, {"trade_id": 143063738, "side": "sell", "size": "16.57609550", "price": "0.72680000", "time": "2025-07-11T17:39:14.459758Z", "fetched_at": "2025-07-11T17:39:34.477592+00:00", "symbol": "ADA-USD"}, {"trade_id": 143063737, "side": "sell", "size": "16.57609550", "price": "0.72680000", "time": "2025-07-11T17:39:14.445207Z", "fetched_at": "2025-07-11T17:39:34.477592+00:00", "symbol": "ADA-USD"}, {"trade_id": 143063736, "side": "sell", "size": "16.57388853", "price": "0.72680000", "time": "2025-07-11T17:39:14.130249Z", "fetched_at": "2025-07-11T17:39:34.477592+00:00", "symbol": "ADA-USD"}, {"trade_id": 143063735, "side": "buy", "size": "6383.73379050", "price": "0.72700000", "time": "2025-07-11T17:39:13.200284Z", "fetched_at": "2025-07-11T17:39:34.477592+00:00", "symbol": "ADA-USD"}, {"trade_id": 143063734, "side": "buy", "size": "154.25830000", "price": "0.72700000", "time": "2025-07-11T17:39:13.164589Z", "fetched_at": "2025-07-11T17:39:34.477592+00:00", "symbol": "ADA-USD"}, {"trade_id": 143063733, "side": "buy", "size": "391.50000000", "price": "0.72700000", "time": "2025-07-11T17:39:13.159656Z", "fetched_at": "2025-07-11T17:39:34.477592+00:00", "symbol": "ADA-USD"}, {"trade_id": 143063732, "side": "buy", "size": "391.50000000", "price": "0.72700000", "time": "2025-07-11T17:39:13.159518Z", "fetched_at": "2025-07-11T17:39:34.477592+00:00", "symbol": "ADA-USD"}, {"trade_id": 143063731, "side": "buy", "size": "391.50000000", "price": "0.72700000", "time": "2025-07-11T17:39:13.155982Z", "fetched_at": "2025-07-11T17:39:34.477592+00:00", "symbol": "ADA-USD"}, {"trade_id": 143063730, "side": "buy", "size": "1118.63130000", "price": "0.72700000", "time": "2025-07-11T17:39:13.151452Z", "fetched_at": "2025-07-11T17:39:34.477592+00:00", "symbol": "ADA-USD"}, {"trade_id": 143063729, "side": "buy", "size": "51.00306000", "price": "0.72700000", "time": "2025-07-11T17:39:13.151328Z", "fetched_at": "2025-07-11T17:39:34.477592+00:00", "symbol": "ADA-USD"}, {"trade_id": 143063728, "side": "buy", "size": "2332.43170000", "price": "0.72700000", "time": "2025-07-11T17:39:13.151139Z", "fetched_at": "2025-07-11T17:39:34.477592+00:00", "symbol": "ADA-USD"}, {"trade_id": 143063727, "side": "buy", "size": "54281.41068641", "price": "0.72700000", "time": "2025-07-11T17:39:13.147448Z", "fetched_at": "2025-07-11T17:39:34.477592+00:00", "symbol": "ADA-USD"}, {"trade_id": 143063726, "side": "buy", "size": "1249.78527829", "price": "0.72700000", "time": "2025-07-11T17:39:13.146634Z", "fetched_at": "2025-07-11T17:39:34.477592+00:00", "symbol": "ADA-USD"}, {"trade_id": 143063725, "side": "sell", "size": "3021.42821741", "price": "0.72700000", "time": "2025-07-11T17:39:13.141184Z", "fetched_at": "2025-07-11T17:39:34.477592+00:00", "symbol": "ADA-USD"}, {"trade_id": 143063724, "side": "sell", "size": "671.80317816", "price": "0.72700000", "time": "2025-07-11T17:39:13.141184Z", "fetched_at": "2025-07-11T17:39:34.477592+00:00", "symbol": "ADA-USD"}, {"trade_id": 143063723, "side": "sell", "size": "1607.63123000", "price": "0.72700000", "time": "2025-07-11T17:39:13.141184Z", "fetched_at": "2025-07-11T17:39:34.477592+00:00", "symbol": "ADA-USD"}, {"trade_id": 143063722, "side": "sell", "size": "595.60466001", "price": "0.72700000", "time": "2025-07-11T17:39:13.141184Z", "fetched_at": "2025-07-11T17:39:34.477592+00:00", "symbol": "ADA-USD"}, {"trade_id": 143063721, "side": "sell", "size": "672.15629100", "price": "0.72700000", "time": "2025-07-11T17:39:13.141184Z", "fetched_at": "2025-07-11T17:39:34.477592+00:00", "symbol": "ADA-USD"}, {"trade_id": 143063720, "side": "sell", "size": "611.48481752", "price": "0.72690000", "time": "2025-07-11T17:39:13.141184Z", "fetched_at": "2025-07-11T17:39:34.477592+00:00", "symbol": "ADA-USD"}, {"trade_id": 143063719, "side": "sell", "size": "2062.35714000", "price": "0.72690000", "time": "2025-07-11T17:39:13.141184Z", "fetched_at": "2025-07-11T17:39:34.477592+00:00", "symbol": "ADA-USD"}, {"trade_id": 143063718, "side": "sell", "size": "1608.18419000", "price": "0.72690000", "time": "2025-07-11T17:39:13.141184Z", "fetched_at": "2025-07-11T17:39:34.477592+00:00", "symbol": "ADA-USD"}, {"trade_id": 143063717, "side": "sell", "size": "672.15629100", "price": "0.72690000", "time": "2025-07-11T17:39:13.141184Z", "fetched_at": "2025-07-11T17:39:34.477592+00:00", "symbol": "ADA-USD"}, {"trade_id": 143063716, "side": "sell", "size": "649.13346479", "price": "0.72690000", "time": "2025-07-11T17:39:13.141184Z", "fetched_at": "2025-07-11T17:39:34.477592+00:00", "symbol": "ADA-USD"}, {"trade_id": 143063715, "side": "sell", "size": "282.73041572", "price": "0.72690000", "time": "2025-07-11T17:39:13.141184Z", "fetched_at": "2025-07-11T17:39:34.477592+00:00", "symbol": "ADA-USD"}, {"trade_id": 143063714, "side": "sell", "size": "391.50000000", "price": "0.72690000", "time": "2025-07-11T17:39:13.141184Z", "fetched_at": "2025-07-11T17:39:34.477592+00:00", "symbol": "ADA-USD"}, {"trade_id": 143063713, "side": "sell", "size": "391.50000000", "price": "0.72680000", "time": "2025-07-11T17:39:13.141184Z", "fetched_at": "2025-07-11T17:39:34.477592+00:00", "symbol": "ADA-USD"}, {"trade_id": 143063712, "side": "sell", "size": "16.57598919", "price": "0.72680000", "time": "2025-07-11T17:39:13.141184Z", "fetched_at": "2025-07-11T17:39:34.477592+00:00", "symbol": "ADA-USD"}, {"trade_id": 143063711, "side": "buy", "size": "12.49120000", "price": "0.72680000", "time": "2025-07-11T17:39:12.275403Z", "fetched_at": "2025-07-11T17:39:34.477592+00:00", "symbol": "ADA-USD"}, {"trade_id": 143063710, "side": "buy", "size": "15.18169739", "price": "0.72680000", "time": "2025-07-11T17:39:11.561675Z", "fetched_at": "2025-07-11T17:39:34.477592+00:00", "symbol": "ADA-USD"}, {"trade_id": 143063709, "side": "buy", "size": "0.00002085", "price": "0.72700000", "time": "2025-07-11T17:39:10.878104Z", "fetched_at": "2025-07-11T17:39:34.477592+00:00", "symbol": "ADA-USD"}, {"trade_id": 143063708, "side": "buy", "size": "15.17750000", "price": "0.72700000", "time": "2025-07-11T17:39:10.878052Z", "fetched_at": "2025-07-11T17:39:34.477592+00:00", "symbol": "ADA-USD"}, {"trade_id": 143063707, "side": "buy", "size": "0.00000690", "price": "0.72710000", "time": "2025-07-11T17:39:10.200550Z", "fetched_at": "2025-07-11T17:39:34.477592+00:00", "symbol": "ADA-USD"}, {"trade_id": 143063706, "side": "buy", "size": "16.56830000", "price": "0.72710000", "time": "2025-07-11T17:39:10.200535Z", "fetched_at": "2025-07-11T17:39:34.477592+00:00", "symbol": "ADA-USD"}, {"trade_id": 143063705, "side": "sell", "size": "108.71770420", "price": "0.72720000", "time": "2025-07-11T17:39:09.897173Z", "fetched_at": "2025-07-11T17:39:34.477592+00:00", "symbol": "ADA-USD"}, {"trade_id": 143063704, "side": "sell", "size": "1.60000000", "price": "0.72720000", "time": "2025-07-11T17:39:09.897173Z", "fetched_at": "2025-07-11T17:39:34.477592+00:00", "symbol": "ADA-USD"}, {"trade_id": 143063703, "side": "sell", "size": "16.58293653", "price": "0.72710000", "time": "2025-07-11T17:39:09.678618Z", "fetched_at": "2025-07-11T17:39:34.477592+00:00", "symbol": "ADA-USD"}, {"trade_id": 143063702, "side": "sell", "size": "1.60000000", "price": "0.72710000", "time": "2025-07-11T17:39:09.678618Z", "fetched_at": "2025-07-11T17:39:34.477592+00:00", "symbol": "ADA-USD"}, {"trade_id": 143063701, "side": "sell", "size": "16.58293653", "price": "0.72700000", "time": "2025-07-11T17:39:09.536236Z", "fetched_at": "2025-07-11T17:39:34.477592+00:00", "symbol": "ADA-USD"}, {"trade_id": 143063700, "side": "sell", "size": "919.82890719", "price": "0.72700000", "time": "2025-07-11T17:39:09.530626Z", "fetched_at": "2025-07-11T17:39:34.477592+00:00", "symbol": "ADA-USD"}, {"trade_id": 143063699, "side": "sell", "size": "1.60000000", "price": "0.72700000", "time": "2025-07-11T17:39:09.530626Z", "fetched_at": "2025-07-11T17:39:34.477592+00:00", "symbol": "ADA-USD"}, {"trade_id": 143063698, "side": "sell", "size": "693.06798548", "price": "0.72700000", "time": "2025-07-11T17:39:09.530626Z", "fetched_at": "2025-07-11T17:39:34.477592+00:00", "symbol": "ADA-USD"}, {"trade_id": 143063697, "side": "sell", "size": "672.15629100", "price": "0.72700000", "time": "2025-07-11T17:39:09.530626Z", "fetched_at": "2025-07-11T17:39:34.477592+00:00", "symbol": "ADA-USD"}, {"trade_id": 143063696, "side": "sell", "size": "391.50000000", "price": "0.72700000", "time": "2025-07-11T17:39:09.530626Z", "fetched_at": "2025-07-11T17:39:34.477592+00:00", "symbol": "ADA-USD"}, {"trade_id": 143063695, "side": "sell", "size": "1.60000000", "price": "0.72690000", "time": "2025-07-11T17:39:09.530626Z", "fetched_at": "2025-07-11T17:39:34.477592+00:00", "symbol": "ADA-USD"}, {"trade_id": 143063694, "side": "sell", "size": "1320.24681633", "price": "0.72690000", "time": "2025-07-11T17:39:09.530626Z", "fetched_at": "2025-07-11T17:39:34.477592+00:00", "symbol": "ADA-USD"}, {"trade_id": 143063693, "side": "sell", "size": "1.60000000", "price": "0.72680000", "time": "2025-07-11T17:39:09.093460Z", "fetched_at": "2025-07-11T17:39:34.477592+00:00", "symbol": "ADA-USD"}, {"trade_id": 143063692, "side": "sell", "size": "65.39367462", "price": "0.72680000", "time": "2025-07-11T17:39:09.093460Z", "fetched_at": "2025-07-11T17:39:34.477592+00:00", "symbol": "ADA-USD"}, {"trade_id": 143063691, "side": "sell", "size": "326.10632538", "price": "0.72680000", "time": "2025-07-11T17:39:09.092308Z", "fetched_at": "2025-07-11T17:39:34.477592+00:00", "symbol": "ADA-USD"}, {"trade_id": 143063690, "side": "sell", "size": "16.58071854", "price": "0.72670000", "time": "2025-07-11T17:39:09.087128Z", "fetched_at": "2025-07-11T17:39:34.477592+00:00", "symbol": "ADA-USD"}, {"trade_id": 143063689, "side": "sell", "size": "391.50000000", "price": "0.72660000", "time": "2025-07-11T17:39:08.993362Z", "fetched_at": "2025-07-11T17:39:34.477592+00:00", "symbol": "ADA-USD"}, {"trade_id": 143063688, "side": "sell", "size": "1.60000000", "price": "0.72670000", "time": "2025-07-11T17:39:08.824404Z", "fetched_at": "2025-07-11T17:39:34.477592+00:00", "symbol": "ADA-USD"}, {"trade_id": 143063687, "side": "sell", "size": "1931.69237948", "price": "0.72660000", "time": "2025-07-11T17:39:08.759171Z", "fetched_at": "2025-07-11T17:39:34.477592+00:00", "symbol": "ADA-USD"}, {"trade_id": 143063686, "side": "sell", "size": "672.15629100", "price": "0.72660000", "time": "2025-07-11T17:39:08.759171Z", "fetched_at": "2025-07-11T17:39:34.477592+00:00", "symbol": "ADA-USD"}, {"trade_id": 143063685, "side": "sell", "size": "50.00000000", "price": "0.72660000", "time": "2025-07-11T17:39:08.759171Z", "fetched_at": "2025-07-11T17:39:34.477592+00:00", "symbol": "ADA-USD"}, {"trade_id": 143063684, "side": "sell", "size": "391.50000000", "price": "0.72660000", "time": "2025-07-11T17:39:08.759171Z", "fetched_at": "2025-07-11T17:39:34.477592+00:00", "symbol": "ADA-USD"}, {"trade_id": 143063683, "side": "sell", "size": "16.58071854", "price": "0.72650000", "time": "2025-07-11T17:39:08.759171Z", "fetched_at": "2025-07-11T17:39:34.477592+00:00", "symbol": "ADA-USD"}, {"trade_id": 143063682, "side": "buy", "size": "297.38036432", "price": "0.72640000", "time": "2025-07-11T17:39:05.913975Z", "fetched_at": "2025-07-11T17:39:34.477592+00:00", "symbol": "ADA-USD"}, {"trade_id": 143063681, "side": "buy", "size": "677.28712162", "price": "0.72640000", "time": "2025-07-11T17:39:05.913975Z", "fetched_at": "2025-07-11T17:39:34.477592+00:00", "symbol": "ADA-USD"}, {"trade_id": 143063680, "side": "buy", "size": "1.60000000", "price": "0.72640000", "time": "2025-07-11T17:39:05.913975Z", "fetched_at": "2025-07-11T17:39:34.477592+00:00", "symbol": "ADA-USD"}, {"trade_id": 143063679, "side": "buy", "size": "0.00000032", "price": "0.72640000", "time": "2025-07-11T17:39:05.913975Z", "fetched_at": "2025-07-11T17:39:34.477592+00:00", "symbol": "ADA-USD"}, {"trade_id": 143063678, "side": "buy", "size": "9.38325991", "price": "0.72640000", "time": "2025-07-11T17:39:05.913975Z", "fetched_at": "2025-07-11T17:39:34.477592+00:00", "symbol": "ADA-USD"}, {"trade_id": 143063677, "side": "buy", "size": "1.60000000", "price": "0.72650000", "time": "2025-07-11T17:39:05.913975Z", "fetched_at": "2025-07-11T17:39:34.477592+00:00", "symbol": "ADA-USD"}, {"trade_id": 143063676, "side": "buy", "size": "12.05492184", "price": "0.72660000", "time": "2025-07-11T17:39:05.913975Z", "fetched_at": "2025-07-11T17:39:34.477592+00:00", "symbol": "ADA-USD"}, {"trade_id": 143063675, "side": "buy", "size": "4.12768299", "price": "0.72660000", "time": "2025-07-11T17:39:05.913975Z", "fetched_at": "2025-07-11T17:39:34.477592+00:00", "symbol": "ADA-USD"}, {"trade_id": 143063674, "side": "sell", "size": "16.57849015", "price": "0.72670000", "time": "2025-07-11T17:39:04.995571Z", "fetched_at": "2025-07-11T17:39:34.477592+00:00", "symbol": "ADA-USD"}, {"trade_id": 143063673, "side": "sell", "size": "3015.70566417", "price": "0.72670000", "time": "2025-07-11T17:39:04.924454Z", "fetched_at": "2025-07-11T17:39:34.477592+00:00", "symbol": "ADA-USD"}, {"trade_id": 143063672, "side": "sell", "size": "443.63468663", "price": "0.72670000", "time": "2025-07-11T17:39:04.924454Z", "fetched_at": "2025-07-11T17:39:34.477592+00:00", "symbol": "ADA-USD"}, {"trade_id": 143063671, "side": "sell", "size": "672.15629100", "price": "0.72670000", "time": "2025-07-11T17:39:04.924454Z", "fetched_at": "2025-07-11T17:39:34.477592+00:00", "symbol": "ADA-USD"}, {"trade_id": 143063670, "side": "sell", "size": "16.57620298", "price": "0.72660000", "time": "2025-07-11T17:39:04.924454Z", "fetched_at": "2025-07-11T17:39:34.477592+00:00", "symbol": "ADA-USD"}, {"trade_id": 143063669, "side": "buy", "size": "0.00001610", "price": "0.72660000", "time": "2025-07-11T17:39:04.243714Z", "fetched_at": "2025-07-11T17:39:34.477592+00:00", "symbol": "ADA-USD"}, {"trade_id": 143063668, "side": "buy", "size": "12.22488185", "price": "0.72660000", "time": "2025-07-11T17:39:04.224901Z", "fetched_at": "2025-07-11T17:39:34.477592+00:00", "symbol": "ADA-USD"}, {"trade_id": 143063667, "side": "buy", "size": "419.73541815", "price": "0.72660000", "time": "2025-07-11T17:39:04.224901Z", "fetched_at": "2025-07-11T17:39:34.477592+00:00", "symbol": "ADA-USD"}, {"trade_id": 143063666, "side": "buy", "size": "399.86458185", "price": "0.72660000", "time": "2025-07-11T17:39:04.191129Z", "fetched_at": "2025-07-11T17:39:34.477592+00:00", "symbol": "ADA-USD"}, {"trade_id": 143063665, "side": "buy", "size": "12.16434090", "price": "0.72660000", "time": "2025-07-11T17:39:04.191129Z", "fetched_at": "2025-07-11T17:39:34.477592+00:00", "symbol": "ADA-USD"}, {"trade_id": 143063664, "side": "buy", "size": "412.02892275", "price": "0.72650000", "time": "2025-07-11T17:39:04.021577Z", "fetched_at": "2025-07-11T17:39:34.477592+00:00", "symbol": "ADA-USD"}, {"trade_id": 143063663, "side": "buy", "size": "1.60000000", "price": "0.72650000", "time": "2025-07-11T17:39:04.021577Z", "fetched_at": "2025-07-11T17:39:34.477592+00:00", "symbol": "ADA-USD"}, {"trade_id": 143063662, "side": "buy", "size": "0.00651497", "price": "0.72650000", "time": "2025-07-11T17:39:04.021577Z", "fetched_at": "2025-07-11T17:39:34.477592+00:00", "symbol": "ADA-USD"}, {"trade_id": 143063661, "side": "buy", "size": "0.00022116", "price": "0.72650000", "time": "2025-07-11T17:39:04.021577Z", "fetched_at": "2025-07-11T17:39:34.477592+00:00", "symbol": "ADA-USD"}, {"trade_id": 143063660, "side": "buy", "size": "12.16434090", "price": "0.72660000", "time": "2025-07-11T17:39:04.021577Z", "fetched_at": "2025-07-11T17:39:34.477592+00:00", "symbol": "ADA-USD"}, {"trade_id": 143063659, "side": "buy", "size": "1.60000000", "price": "0.72660000", "time": "2025-07-11T17:39:04.021577Z", "fetched_at": "2025-07-11T17:39:34.477592+00:00", "symbol": "ADA-USD"}, {"trade_id": 143063658, "side": "buy", "size": "0.00000022", "price": "0.72660000", "time": "2025-07-11T17:39:04.021577Z", "fetched_at": "2025-07-11T17:39:34.477592+00:00", "symbol": "ADA-USD"}, {"trade_id": 143063657, "side": "buy", "size": "1.60000000", "price": "0.72670000", "time": "2025-07-11T17:39:04.021577Z", "fetched_at": "2025-07-11T17:39:34.477592+00:00", "symbol": "ADA-USD"}, {"trade_id": 143063656, "side": "sell", "size": "16.57170306", "price": "0.72680000", "time": "2025-07-11T17:39:02.478269Z", "fetched_at": "2025-07-11T17:39:34.477592+00:00", "symbol": "ADA-USD"}, {"trade_id": 143063655, "side": "sell", "size": "16.57170039", "price": "0.72680000", "time": "2025-07-11T17:39:02.180774Z", "fetched_at": "2025-07-11T17:39:34.477592+00:00", "symbol": "ADA-USD"}, {"trade_id": 143063654, "side": "buy", "size": "0.10000000", "price": "0.72690000", "time": "2025-07-11T17:39:01.290264Z", "fetched_at": "2025-07-11T17:39:34.477592+00:00", "symbol": "ADA-USD"}, {"trade_id": 143063653, "side": "sell", "size": "530.57832508", "price": "0.72700000", "time": "2025-07-11T17:39:00.246433Z", "fetched_at": "2025-07-11T17:39:34.477592+00:00", "symbol": "ADA-USD"}, {"trade_id": 143063652, "side": "sell", "size": "391.50000000", "price": "0.72700000", "time": "2025-07-11T17:39:00.246433Z", "fetched_at": "2025-07-11T17:39:34.477592+00:00", "symbol": "ADA-USD"}, {"trade_id": 143063651, "side": "sell", "size": "50.00000000", "price": "0.72700000", "time": "2025-07-11T17:39:00.246433Z", "fetched_at": "2025-07-11T17:39:34.477592+00:00", "symbol": "ADA-USD"}, {"trade_id": 143063650, "side": "sell", "size": "16.57386929", "price": "0.72700000", "time": "2025-07-11T17:39:00.246433Z", "fetched_at": "2025-07-11T17:39:34.477592+00:00", "symbol": "ADA-USD"}, {"trade_id": 143063649, "side": "sell", "size": "372.92117963", "price": "0.72700000", "time": "2025-07-11T17:39:00.246433Z", "fetched_at": "2025-07-11T17:39:34.477592+00:00", "symbol": "ADA-USD"}, {"trade_id": 143063648, "side": "sell", "size": "16.56709935", "price": "0.72690000", "time": "2025-07-11T17:38:59.428884Z", "fetched_at": "2025-07-11T17:39:34.477592+00:00", "symbol": "ADA-USD"}, {"trade_id": 143063647, "side": "buy", "size": "7.71895231", "price": "0.72670000", "time": "2025-07-11T17:38:58.730067Z", "fetched_at": "2025-07-11T17:39:34.477592+00:00", "symbol": "ADA-USD"}, {"trade_id": 143063646, "side": "buy", "size": "1.60000000", "price": "0.72670000", "time": "2025-07-11T17:38:58.730067Z", "fetched_at": "2025-07-11T17:39:34.477592+00:00", "symbol": "ADA-USD"}, {"trade_id": 143063645, "side": "buy", "size": "0.02102394", "price": "0.72670000", "time": "2025-07-11T17:38:58.730067Z", "fetched_at": "2025-07-11T17:39:34.477592+00:00", "symbol": "ADA-USD"}, {"trade_id": 143063644, "side": "buy", "size": "0.01161768", "price": "0.72670000", "time": "2025-07-11T17:38:58.730067Z", "fetched_at": "2025-07-11T17:39:34.477592+00:00", "symbol": "ADA-USD"}, {"trade_id": 143063643, "side": "buy", "size": "0.16202583", "price": "0.72670000", "time": "2025-07-11T17:38:58.730067Z", "fetched_at": "2025-07-11T17:39:34.477592+00:00", "symbol": "ADA-USD"}, {"trade_id": 143063642, "side": "buy", "size": "0.00005955", "price": "0.72680000", "time": "2025-07-11T17:38:58.730067Z", "fetched_at": "2025-07-11T17:39:34.477592+00:00", "symbol": "ADA-USD"}, {"trade_id": 143063641, "side": "buy", "size": "1.60000000", "price": "0.72680000", "time": "2025-07-11T17:38:58.730067Z", "fetched_at": "2025-07-11T17:39:34.477592+00:00", "symbol": "ADA-USD"}, {"trade_id": 143063640, "side": "buy", "size": "0.00048845", "price": "0.72680000", "time": "2025-07-11T17:38:58.730067Z", "fetched_at": "2025-07-11T17:39:34.477592+00:00", "symbol": "ADA-USD"}, {"trade_id": 143063639, "side": "buy", "size": "0.00000024", "price": "0.72680000", "time": "2025-07-11T17:38:58.730067Z", "fetched_at": "2025-07-11T17:39:34.477592+00:00", "symbol": "ADA-USD"}, {"trade_id": 143063638, "side": "buy", "size": "1.60000000", "price": "0.72690000", "time": "2025-07-11T17:38:58.117735Z", "fetched_at": "2025-07-11T17:39:34.477592+00:00", "symbol": "ADA-USD"}, {"trade_id": 143063637, "side": "sell", "size": "0.10000000", "price": "0.72710000", "time": "2025-07-11T17:38:57.776720Z", "fetched_at": "2025-07-11T17:39:34.477592+00:00", "symbol": "ADA-USD"}, {"trade_id": 143063636, "side": "buy", "size": "4599.51924232", "price": "0.72700000", "time": "2025-07-11T17:38:57.659165Z", "fetched_at": "2025-07-11T17:39:34.477592+00:00", "symbol": "ADA-USD"}, {"trade_id": 143063635, "side": "sell", "size": "1.95398200", "price": "0.72720000", "time": "2025-07-11T17:38:57.508016Z", "fetched_at": "2025-07-11T17:39:34.477592+00:00", "symbol": "ADA-USD"}, {"trade_id": 143063634, "side": "sell", "size": "1.60000000", "price": "0.72720000", "time": "2025-07-11T17:38:57.508016Z", "fetched_at": "2025-07-11T17:39:34.477592+00:00", "symbol": "ADA-USD"}, {"trade_id": 143063633, "side": "sell", "size": "51.52992010", "price": "0.72710000", "time": "2025-07-11T17:38:56.733418Z", "fetched_at": "2025-07-11T17:39:34.477592+00:00", "symbol": "ADA-USD"}, {"trade_id": 143063632, "side": "sell", "size": "16.57140990", "price": "0.72710000", "time": "2025-07-11T17:38:56.733418Z", "fetched_at": "2025-07-11T17:39:34.477592+00:00", "symbol": "ADA-USD"}, {"trade_id": 143063631, "side": "sell", "size": "16.57148939", "price": "0.72710000", "time": "2025-07-11T17:38:55.829338Z", "fetched_at": "2025-07-11T17:39:34.477592+00:00", "symbol": "ADA-USD"}, {"trade_id": 143063630, "side": "sell", "size": "16.57148939", "price": "0.72700000", "time": "2025-07-11T17:38:55.226367Z", "fetched_at": "2025-07-11T17:39:34.477592+00:00", "symbol": "ADA-USD"}, {"trade_id": 143063629, "side": "buy", "size": "1428.80085329", "price": "0.72690000", "time": "2025-07-11T17:38:54.631045Z", "fetched_at": "2025-07-11T17:39:34.477592+00:00", "symbol": "ADA-USD"}, {"trade_id": 143063628, "side": "buy", "size": "400.00000000", "price": "0.72690000", "time": "2025-07-11T17:38:54.631045Z", "fetched_at": "2025-07-11T17:39:34.477592+00:00", "symbol": "ADA-USD"}, {"trade_id": 143063627, "side": "buy", "size": "1.60000000", "price": "0.72690000", "time": "2025-07-11T17:38:54.631045Z", "fetched_at": "2025-07-11T17:39:34.477592+00:00", "symbol": "ADA-USD"}, {"trade_id": 143063626, "side": "buy", "size": "0.00000019", "price": "0.72690000", "time": "2025-07-11T17:38:54.631045Z", "fetched_at": "2025-07-11T17:39:34.477592+00:00", "symbol": "ADA-USD"}, {"trade_id": 143063625, "side": "buy", "size": "4.74246801", "price": "0.72690000", "time": "2025-07-11T17:38:54.631045Z", "fetched_at": "2025-07-11T17:39:34.477592+00:00", "symbol": "ADA-USD"}, {"trade_id": 143063624, "side": "buy", "size": "63.08467824", "price": "0.72690000", "time": "2025-07-11T17:38:54.631045Z", "fetched_at": "2025-07-11T17:39:34.477592+00:00", "symbol": "ADA-USD"}, {"trade_id": 143063623, "side": "buy", "size": "658.47986845", "price": "0.72700000", "time": "2025-07-11T17:38:54.631045Z", "fetched_at": "2025-07-11T17:39:34.477592+00:00", "symbol": "ADA-USD"}, {"trade_id": 143063622, "side": "buy", "size": "11.78142982", "price": "0.72700000", "time": "2025-07-11T17:38:54.631045Z", "fetched_at": "2025-07-11T17:39:34.477592+00:00", "symbol": "ADA-USD"}, {"trade_id": 143063621, "side": "buy", "size": "158.28542000", "price": "0.72700000", "time": "2025-07-11T17:38:54.631045Z", "fetched_at": "2025-07-11T17:39:34.477592+00:00", "symbol": "ADA-USD"}, {"trade_id": 143063620, "side": "buy", "size": "51.00306000", "price": "0.72700000", "time": "2025-07-11T17:38:54.631045Z", "fetched_at": "2025-07-11T17:39:34.477592+00:00", "symbol": "ADA-USD"}, {"trade_id": 143063619, "side": "sell", "size": "3425.03480187", "price": "0.72700000", "time": "2025-07-11T17:38:54.393177Z", "fetched_at": "2025-07-11T17:39:34.477592+00:00", "symbol": "ADA-USD"}, {"trade_id": 143063618, "side": "buy", "size": "12.49623065", "price": "0.72700000", "time": "2025-07-11T17:38:52.749383Z", "fetched_at": "2025-07-11T17:39:34.477592+00:00", "symbol": "ADA-USD"}, {"trade_id": 143063617, "side": "buy", "size": "1.60000000", "price": "0.72700000", "time": "2025-07-11T17:38:52.749383Z", "fetched_at": "2025-07-11T17:39:34.477592+00:00", "symbol": "ADA-USD"}, {"trade_id": 143063616, "side": "buy", "size": "954.56539113", "price": "0.72700000", "time": "2025-07-11T17:38:52.749383Z", "fetched_at": "2025-07-11T17:39:34.477592+00:00", "symbol": "ADA-USD"}, {"trade_id": 143063615, "side": "buy", "size": "1.60000000", "price": "0.72710000", "time": "2025-07-11T17:38:52.749383Z", "fetched_at": "2025-07-11T17:39:34.477592+00:00", "symbol": "ADA-USD"}, {"trade_id": 143063614, "side": "sell", "size": "6.51119000", "price": "0.72730000", "time": "2025-07-11T17:38:51.877043Z", "fetched_at": "2025-07-11T17:39:34.477592+00:00", "symbol": "ADA-USD"}, {"trade_id": 143063613, "side": "sell", "size": "48.57156716", "price": "0.72740000", "time": "2025-07-11T17:38:51.378586Z", "fetched_at": "2025-07-11T17:39:34.477592+00:00", "symbol": "ADA-USD"}, {"trade_id": 143063612, "side": "sell", "size": "16.56716884", "price": "0.72730000", "time": "2025-07-11T17:38:51.378586Z", "fetched_at": "2025-07-11T17:39:34.477592+00:00", "symbol": "ADA-USD"}, {"trade_id": 143063611, "side": "sell", "size": "16.56486543", "price": "0.72730000", "time": "2025-07-11T17:38:51.059858Z", "fetched_at": "2025-07-11T17:39:34.477592+00:00", "symbol": "ADA-USD"}, {"trade_id": 143063610, "side": "sell", "size": "16.56486543", "price": "0.72720000", "time": "2025-07-11T17:38:50.752922Z", "fetched_at": "2025-07-11T17:39:34.477592+00:00", "symbol": "ADA-USD"}, {"trade_id": 143063609, "side": "buy", "size": "68.99568300", "price": "0.72710000", "time": "2025-07-11T17:38:50.454929Z", "fetched_at": "2025-07-11T17:39:34.477592+00:00", "symbol": "ADA-USD"}, {"trade_id": 143063608, "side": "buy", "size": "51.00306000", "price": "0.72710000", "time": "2025-07-11T17:38:50.454929Z", "fetched_at": "2025-07-11T17:39:34.477592+00:00", "symbol": "ADA-USD"}, {"trade_id": 143063607, "side": "buy", "size": "158.28542000", "price": "0.72720000", "time": "2025-07-11T17:38:50.454929Z", "fetched_at": "2025-07-11T17:39:34.477592+00:00", "symbol": "ADA-USD"}, {"trade_id": 143063606, "side": "sell", "size": "16.56486543", "price": "0.72710000", "time": "2025-07-11T17:38:50.439295Z", "fetched_at": "2025-07-11T17:39:34.477592+00:00", "symbol": "ADA-USD"}, {"trade_id": 143063605, "side": "sell", "size": "134.30609808", "price": "0.72710000", "time": "2025-07-11T17:38:49.615722Z", "fetched_at": "2025-07-11T17:39:34.477592+00:00", "symbol": "ADA-USD"}, {"trade_id": 143063604, "side": "sell", "size": "16.56485108", "price": "0.72710000", "time": "2025-07-11T17:38:49.615722Z", "fetched_at": "2025-07-11T17:39:34.477592+00:00", "symbol": "ADA-USD"}, {"trade_id": 143063603, "side": "buy", "size": "4.12087912", "price": "0.72720000", "time": "2025-07-11T17:38:48.934873Z", "fetched_at": "2025-07-11T17:39:34.477592+00:00", "symbol": "ADA-USD"}, {"trade_id": 143063602, "side": "sell", "size": "16.56952251", "price": "0.72720000", "time": "2025-07-11T17:38:45.772117Z", "fetched_at": "2025-07-11T17:39:34.477592+00:00", "symbol": "ADA-USD"}, {"trade_id": 143063601, "side": "sell", "size": "16.56928165", "price": "0.72710000", "time": "2025-07-11T17:38:45.062457Z", "fetched_at": "2025-07-11T17:39:34.477592+00:00", "symbol": "ADA-USD"}, {"trade_id": 143063600, "side": "sell", "size": "276.66111318", "price": "0.72710000", "time": "2025-07-11T17:38:44.865970Z", "fetched_at": "2025-07-11T17:39:34.477592+00:00", "symbol": "ADA-USD"}, {"trade_id": 143063599, "side": "sell", "size": "16.56258479", "price": "0.72710000", "time": "2025-07-11T17:38:44.865970Z", "fetched_at": "2025-07-11T17:39:34.477592+00:00", "symbol": "ADA-USD"}, {"trade_id": 143063598, "side": "sell", "size": "274.31079413", "price": "0.72710000", "time": "2025-07-11T17:38:44.865970Z", "fetched_at": "2025-07-11T17:39:34.477592+00:00", "symbol": "ADA-USD"}, {"trade_id": 143063597, "side": "buy", "size": "1174.50000000", "price": "0.72700000", "time": "2025-07-11T17:38:44.634255Z", "fetched_at": "2025-07-11T17:39:34.477592+00:00", "symbol": "ADA-USD"}, {"trade_id": 143063596, "side": "buy", "size": "6976.53871787", "price": "0.72700000", "time": "2025-07-11T17:38:44.630052Z", "fetched_at": "2025-07-11T17:39:34.477592+00:00", "symbol": "ADA-USD"}, {"trade_id": 143063595, "side": "buy", "size": "1.60000000", "price": "0.72700000", "time": "2025-07-11T17:38:44.630052Z", "fetched_at": "2025-07-11T17:39:34.477592+00:00", "symbol": "ADA-USD"}, {"trade_id": 143063594, "side": "buy", "size": "5551.32408922", "price": "0.72700000", "time": "2025-07-11T17:38:44.630052Z", "fetched_at": "2025-07-11T17:39:34.477592+00:00", "symbol": "ADA-USD"}, {"trade_id": 143063593, "side": "buy", "size": "68.10133000", "price": "0.72700000", "time": "2025-07-11T17:38:44.537735Z", "fetched_at": "2025-07-11T17:39:34.477592+00:00", "symbol": "ADA-USD"}, {"trade_id": 143063592, "side": "buy", "size": "68.10133000", "price": "0.72700000", "time": "2025-07-11T17:38:44.537604Z", "fetched_at": "2025-07-11T17:39:34.477592+00:00", "symbol": "ADA-USD"}, {"trade_id": 143063591, "side": "buy", "size": "819.20000000", "price": "0.72710000", "time": "2025-07-11T17:38:44.018609Z", "fetched_at": "2025-07-11T17:39:34.477592+00:00", "symbol": "ADA-USD"}, {"trade_id": 143063590, "side": "buy", "size": "8.65265164", "price": "0.72710000", "time": "2025-07-11T17:38:44.018609Z", "fetched_at": "2025-07-11T17:39:34.477592+00:00", "symbol": "ADA-USD"}, {"trade_id": 143063589, "side": "sell", "size": "135.73991751", "price": "0.72730000", "time": "2025-07-11T17:38:43.124432Z", "fetched_at": "2025-07-11T17:39:34.477592+00:00", "symbol": "ADA-USD"}, {"trade_id": 143063588, "side": "sell", "size": "683.46008249", "price": "0.72730000", "time": "2025-07-11T17:38:43.124432Z", "fetched_at": "2025-07-11T17:39:34.477592+00:00", "symbol": "ADA-USD"}, {"trade_id": 143063587, "side": "sell", "size": "14.91226300", "price": "0.72750000", "time": "2025-07-11T17:38:42.799364Z", "fetched_at": "2025-07-11T17:39:34.477592+00:00", "symbol": "ADA-USD"}, {"trade_id": 143063586, "side": "sell", "size": "16.56910185", "price": "0.72740000", "time": "2025-07-11T17:38:42.285391Z", "fetched_at": "2025-07-11T17:39:34.477592+00:00", "symbol": "ADA-USD"}, {"trade_id": 143063585, "side": "sell", "size": "116.89559428", "price": "0.72740000", "time": "2025-07-11T17:38:42.285391Z", "fetched_at": "2025-07-11T17:39:34.477592+00:00", "symbol": "ADA-USD"}, {"trade_id": 143063584, "side": "buy", "size": "7.12928766", "price": "0.72730000", "time": "2025-07-11T17:38:41.830625Z", "fetched_at": "2025-07-11T17:39:34.477592+00:00", "symbol": "ADA-USD"}, {"trade_id": 143063583, "side": "buy", "size": "50.00000000", "price": "0.72730000", "time": "2025-07-11T17:38:41.825369Z", "fetched_at": "2025-07-11T17:39:34.477592+00:00", "symbol": "ADA-USD"}, {"trade_id": 143063582, "side": "buy", "size": "7.12928766", "price": "0.72730000", "time": "2025-07-11T17:38:41.825369Z", "fetched_at": "2025-07-11T17:39:34.477592+00:00", "symbol": "ADA-USD"}, {"trade_id": 143063581, "side": "sell", "size": "16.55560038", "price": "0.72720000", "time": "2025-07-11T17:38:41.666685Z", "fetched_at": "2025-07-11T17:39:34.477592+00:00", "symbol": "ADA-USD"}, {"trade_id": 143063580, "side": "sell", "size": "16.55560038", "price": "0.72720000", "time": "2025-07-11T17:38:41.590474Z", "fetched_at": "2025-07-11T17:39:34.477592+00:00", "symbol": "ADA-USD"}, {"trade_id": 143063579, "side": "sell", "size": "6149.09498482", "price": "0.72720000", "time": "2025-07-11T17:38:41.590474Z", "fetched_at": "2025-07-11T17:39:34.477592+00:00", "symbol": "ADA-USD"}, {"trade_id": 143063578, "side": "sell", "size": "4035.50501518", "price": "0.72720000", "time": "2025-07-11T17:38:41.543879Z", "fetched_at": "2025-07-11T17:39:34.477592+00:00", "symbol": "ADA-USD"}, {"trade_id": 143063577, "side": "sell", "size": "2728.29529078", "price": "0.72720000", "time": "2025-07-11T17:38:41.543879Z", "fetched_at": "2025-07-11T17:39:34.477592+00:00", "symbol": "ADA-USD"}, {"trade_id": 143063576, "side": "sell", "size": "672.15629100", "price": "0.72720000", "time": "2025-07-11T17:38:41.543879Z", "fetched_at": "2025-07-11T17:39:34.477592+00:00", "symbol": "ADA-USD"}, {"trade_id": 143063575, "side": "buy", "size": "4312.47325078", "price": "0.72700000", "time": "2025-07-11T17:38:40.875196Z", "fetched_at": "2025-07-11T17:39:34.477592+00:00", "symbol": "ADA-USD"}, {"trade_id": 143063574, "side": "buy", "size": "0.03373637", "price": "0.72700000", "time": "2025-07-11T17:38:40.875196Z", "fetched_at": "2025-07-11T17:39:34.477592+00:00", "symbol": "ADA-USD"}, {"trade_id": 143063573, "side": "buy", "size": "99.30287294", "price": "0.72710000", "time": "2025-07-11T17:38:40.734285Z", "fetched_at": "2025-07-11T17:39:34.477592+00:00", "symbol": "ADA-USD"}, {"trade_id": 143063572, "side": "buy", "size": "1.60000000", "price": "0.72710000", "time": "2025-07-11T17:38:40.734285Z", "fetched_at": "2025-07-11T17:39:34.477592+00:00", "symbol": "ADA-USD"}, {"trade_id": 143063571, "side": "buy", "size": "673.69013991", "price": "0.72710000", "time": "2025-07-11T17:38:40.734285Z", "fetched_at": "2025-07-11T17:39:34.477592+00:00", "symbol": "ADA-USD"}, {"trade_id": 143063570, "side": "buy", "size": "68.01401116", "price": "0.72710000", "time": "2025-07-11T17:38:40.647514Z", "fetched_at": "2025-07-11T17:39:34.477592+00:00", "symbol": "ADA-USD"}, {"trade_id": 143063569, "side": "buy", "size": "0.08731884", "price": "0.72710000", "time": "2025-07-11T17:38:40.647514Z", "fetched_at": "2025-07-11T17:39:34.477592+00:00", "symbol": "ADA-USD"}, {"trade_id": 143063568, "side": "buy", "size": "1.60000000", "price": "0.72720000", "time": "2025-07-11T17:38:40.647339Z", "fetched_at": "2025-07-11T17:39:34.477592+00:00", "symbol": "ADA-USD"}, {"trade_id": 143063567, "side": "buy", "size": "0.00000922", "price": "0.72720000", "time": "2025-07-11T17:38:40.647339Z", "fetched_at": "2025-07-11T17:39:34.477592+00:00", "symbol": "ADA-USD"}, {"trade_id": 143063566, "side": "buy", "size": "1.40073502", "price": "0.72720000", "time": "2025-07-11T17:38:40.647339Z", "fetched_at": "2025-07-11T17:39:34.477592+00:00", "symbol": "ADA-USD"}, {"trade_id": 143063565, "side": "buy", "size": "0.00024038", "price": "0.72720000", "time": "2025-07-11T17:38:40.647339Z", "fetched_at": "2025-07-11T17:39:34.477592+00:00", "symbol": "ADA-USD"}, {"trade_id": 143063564, "side": "buy", "size": "0.63527096", "price": "0.72720000", "time": "2025-07-11T17:38:40.647339Z", "fetched_at": "2025-07-11T17:39:34.477592+00:00", "symbol": "ADA-USD"}, {"trade_id": 143063563, "side": "buy", "size": "7.87845710", "price": "0.72730000", "time": "2025-07-11T17:38:40.588760Z", "fetched_at": "2025-07-11T17:39:34.477592+00:00", "symbol": "ADA-USD"}, {"trade_id": 143063562, "side": "buy", "size": "1.60000000", "price": "0.72730000", "time": "2025-07-11T17:38:40.588760Z", "fetched_at": "2025-07-11T17:39:34.477592+00:00", "symbol": "ADA-USD"}, {"trade_id": 143063561, "side": "buy", "size": "0.00153665", "price": "0.72730000", "time": "2025-07-11T17:38:40.588760Z", "fetched_at": "2025-07-11T17:39:34.477592+00:00", "symbol": "ADA-USD"}, {"trade_id": 143063560, "side": "buy", "size": "0.04651682", "price": "0.72730000", "time": "2025-07-11T17:38:40.588760Z", "fetched_at": "2025-07-11T17:39:34.477592+00:00", "symbol": "ADA-USD"}, {"trade_id": 143063559, "side": "buy", "size": "10.70003793", "price": "0.72740000", "time": "2025-07-11T17:38:40.315867Z", "fetched_at": "2025-07-11T17:39:34.477592+00:00", "symbol": "ADA-USD"}, {"trade_id": 143063558, "side": "buy", "size": "1.60000000", "price": "0.72740000", "time": "2025-07-11T17:38:40.315867Z", "fetched_at": "2025-07-11T17:39:34.477592+00:00", "symbol": "ADA-USD"}, {"trade_id": 143063557, "side": "buy", "size": "10.89858936", "price": "0.72750000", "time": "2025-07-11T17:38:40.152910Z", "fetched_at": "2025-07-11T17:39:34.477592+00:00", "symbol": "ADA-USD"}, {"trade_id": 143063556, "side": "buy", "size": "806.10000000", "price": "0.72750000", "time": "2025-07-11T17:38:40.042714Z", "fetched_at": "2025-07-11T17:39:34.477592+00:00", "symbol": "ADA-USD"}, {"trade_id": 143063555, "side": "buy", "size": "1.60000000", "price": "0.72750000", "time": "2025-07-11T17:38:40.042714Z", "fetched_at": "2025-07-11T17:39:34.477592+00:00", "symbol": "ADA-USD"}, {"trade_id": 143063554, "side": "buy", "size": "0.00054599", "price": "0.72750000", "time": "2025-07-11T17:38:40.042714Z", "fetched_at": "2025-07-11T17:39:34.477592+00:00", "symbol": "ADA-USD"}, {"trade_id": 143063553, "side": "buy", "size": "10.89709148", "price": "0.72760000", "time": "2025-07-11T17:38:40.038725Z", "fetched_at": "2025-07-11T17:39:34.477592+00:00", "symbol": "ADA-USD"}, {"trade_id": 143063552, "side": "buy", "size": "1.60000000", "price": "0.72760000", "time": "2025-07-11T17:38:40.038725Z", "fetched_at": "2025-07-11T17:39:34.477592+00:00", "symbol": "ADA-USD"}, {"trade_id": 143063551, "side": "buy", "size": "0.00014653", "price": "0.72760000", "time": "2025-07-11T17:38:40.038725Z", "fetched_at": "2025-07-11T17:39:34.477592+00:00", "symbol": "ADA-USD"}, {"trade_id": 143063550, "side": "buy", "size": "11.24210947", "price": "0.72770000", "time": "2025-07-11T17:38:39.914523Z", "fetched_at": "2025-07-11T17:39:34.477592+00:00", "symbol": "ADA-USD"}, {"trade_id": 143063549, "side": "buy", "size": "1.60000000", "price": "0.72770000", "time": "2025-07-11T17:38:39.914523Z", "fetched_at": "2025-07-11T17:39:34.477592+00:00", "symbol": "ADA-USD"}, {"trade_id": 143063548, "side": "buy", "size": "0.00007335", "price": "0.72790000", "time": "2025-07-11T17:38:39.162011Z", "fetched_at": "2025-07-11T17:39:34.477592+00:00", "symbol": "ADA-USD"}, {"trade_id": 143063547, "side": "buy", "size": "11.82690000", "price": "0.72790000", "time": "2025-07-11T17:38:39.161750Z", "fetched_at": "2025-07-11T17:39:34.477592+00:00", "symbol": "ADA-USD"}, {"trade_id": 143063546, "side": "sell", "size": "11.05000000", "price": "0.72800000", "time": "2025-07-11T17:38:36.469136Z", "fetched_at": "2025-07-11T17:39:34.477592+00:00", "symbol": "ADA-USD"}, {"trade_id": 143063545, "side": "buy", "size": "160.07822525", "price": "0.72780000", "time": "2025-07-11T17:38:35.115087Z", "fetched_at": "2025-07-11T17:39:34.477592+00:00", "symbol": "ADA-USD"}, {"trade_id": 143063544, "side": "buy", "size": "400.00000000", "price": "0.72780000", "time": "2025-07-11T17:38:35.115087Z", "fetched_at": "2025-07-11T17:39:34.477592+00:00", "symbol": "ADA-USD"}, {"trade_id": 143063543, "side": "buy", "size": "1.60000000", "price": "0.72780000", "time": "2025-07-11T17:38:35.115087Z", "fetched_at": "2025-07-11T17:39:34.477592+00:00", "symbol": "ADA-USD"}, {"trade_id": 143063542, "side": "buy", "size": "8.96525627", "price": "0.72790000", "time": "2025-07-11T17:38:35.115087Z", "fetched_at": "2025-07-11T17:39:34.477592+00:00", "symbol": "ADA-USD"}, {"trade_id": 143063541, "side": "buy", "size": "782.49331848", "price": "0.72790000", "time": "2025-07-11T17:38:35.115087Z", "fetched_at": "2025-07-11T17:39:34.477592+00:00", "symbol": "ADA-USD"}, {"trade_id": 143063540, "side": "buy", "size": "1.60000000", "price": "0.72790000", "time": "2025-07-11T17:38:35.115087Z", "fetched_at": "2025-07-11T17:39:34.477592+00:00", "symbol": "ADA-USD"}, {"trade_id": 143063539, "side": "buy", "size": "1.60000000", "price": "0.72800000", "time": "2025-07-11T17:38:35.115087Z", "fetched_at": "2025-07-11T17:39:34.477592+00:00", "symbol": "ADA-USD"}, {"trade_id": 143063538, "side": "sell", "size": "6.45770400", "price": "0.72810000", "time": "2025-07-11T17:38:33.527650Z", "fetched_at": "2025-07-11T17:39:34.477592+00:00", "symbol": "ADA-USD"}, {"trade_id": 143063537, "side": "sell", "size": "68.10133000", "price": "0.72810000", "time": "2025-07-11T17:38:32.821989Z", "fetched_at": "2025-07-11T17:39:34.477592+00:00", "symbol": "ADA-USD"}, {"trade_id": 143063536, "side": "sell", "size": "16.54429698", "price": "0.72830000", "time": "2025-07-11T17:38:30.790339Z", "fetched_at": "2025-07-11T17:39:34.477592+00:00", "symbol": "ADA-USD"}, {"trade_id": 143063535, "side": "sell", "size": "68.10133000", "price": "0.72830000", "time": "2025-07-11T17:38:30.780543Z", "fetched_at": "2025-07-11T17:39:34.477592+00:00", "symbol": "ADA-USD"}, {"trade_id": 143063534, "side": "sell", "size": "3.47809500", "price": "0.72820000", "time": "2025-07-11T17:38:29.976912Z", "fetched_at": "2025-07-11T17:39:34.477592+00:00", "symbol": "ADA-USD"}, {"trade_id": 143063533, "side": "sell", "size": "20.35443559", "price": "0.72820000", "time": "2025-07-11T17:38:29.415342Z", "fetched_at": "2025-07-11T17:39:34.477592+00:00", "symbol": "ADA-USD"}, {"trade_id": 143063532, "side": "buy", "size": "575.98287243", "price": "0.72780000", "time": "2025-07-11T17:38:27.454785Z", "fetched_at": "2025-07-11T17:39:34.477592+00:00", "symbol": "ADA-USD"}, {"trade_id": 143063531, "side": "buy", "size": "1.60000000", "price": "0.72780000", "time": "2025-07-11T17:38:27.454785Z", "fetched_at": "2025-07-11T17:39:34.477592+00:00", "symbol": "ADA-USD"}, {"trade_id": 143063530, "side": "buy", "size": "737.79409794", "price": "0.72790000", "time": "2025-07-11T17:38:27.454785Z", "fetched_at": "2025-07-11T17:39:34.477592+00:00", "symbol": "ADA-USD"}, {"trade_id": 143063529, "side": "buy", "size": "10.85672963", "price": "0.72790000", "time": "2025-07-11T17:38:27.454785Z", "fetched_at": "2025-07-11T17:39:34.477592+00:00", "symbol": "ADA-USD"}, {"trade_id": 143063528, "side": "buy", "size": "1.60000000", "price": "0.72790000", "time": "2025-07-11T17:38:27.454785Z", "fetched_at": "2025-07-11T17:39:34.477592+00:00", "symbol": "ADA-USD"}, {"trade_id": 143063527, "side": "buy", "size": "1.60000000", "price": "0.72800000", "time": "2025-07-11T17:38:27.454785Z", "fetched_at": "2025-07-11T17:39:34.477592+00:00", "symbol": "ADA-USD"}, {"trade_id": 143063526, "side": "sell", "size": "27.18884600", "price": "0.72810000", "time": "2025-07-11T17:38:26.685836Z", "fetched_at": "2025-07-11T17:39:34.477592+00:00", "symbol": "ADA-USD"}, {"trade_id": 143063525, "side": "buy", "size": "12.16943493", "price": "0.72810000", "time": "2025-07-11T17:38:24.427013Z", "fetched_at": "2025-07-11T17:39:34.477592+00:00", "symbol": "ADA-USD"}, {"trade_id": 143063524, "side": "buy", "size": "178.83056507", "price": "0.72800000", "time": "2025-07-11T17:38:24.222172Z", "fetched_at": "2025-07-11T17:39:34.477592+00:00", "symbol": "ADA-USD"}, {"trade_id": 143063523, "side": "buy", "size": "12.16943493", "price": "0.72810000", "time": "2025-07-11T17:38:24.222172Z", "fetched_at": "2025-07-11T17:39:34.477592+00:00", "symbol": "ADA-USD"}, {"trade_id": 143063522, "side": "sell", "size": "6.45770400", "price": "0.72820000", "time": "2025-07-11T17:38:23.935198Z", "fetched_at": "2025-07-11T17:39:34.477592+00:00", "symbol": "ADA-USD"}, {"trade_id": 143063521, "side": "sell", "size": "16.53070438", "price": "0.72820000", "time": "2025-07-11T17:38:22.416061Z", "fetched_at": "2025-07-11T17:39:34.477592+00:00", "symbol": "ADA-USD"}, {"trade_id": 143063520, "side": "buy", "size": "73.99694000", "price": "0.72810000", "time": "2025-07-11T17:38:21.129541Z", "fetched_at": "2025-07-11T17:39:34.477592+00:00", "symbol": "ADA-USD"}, {"trade_id": 143063519, "side": "buy", "size": "51.00306000", "price": "0.72810000", "time": "2025-07-11T17:38:21.129541Z", "fetched_at": "2025-07-11T17:39:34.477592+00:00", "symbol": "ADA-USD"}, {"trade_id": 143063518, "side": "sell", "size": "16.53070438", "price": "0.72810000", "time": "2025-07-11T17:38:20.696500Z", "fetched_at": "2025-07-11T17:39:34.477592+00:00", "symbol": "ADA-USD"}, {"trade_id": 143063517, "side": "sell", "size": "5100.40000000", "price": "0.72810000", "time": "2025-07-11T17:38:20.696500Z", "fetched_at": "2025-07-11T17:39:34.477592+00:00", "symbol": "ADA-USD"}, {"trade_id": 143063516, "side": "sell", "size": "16.53070438", "price": "0.72800000", "time": "2025-07-11T17:38:20.632723Z", "fetched_at": "2025-07-11T17:39:34.477592+00:00", "symbol": "ADA-USD"}, {"trade_id": 143063515, "side": "buy", "size": "13.33189935", "price": "0.72790000", "time": "2025-07-11T17:38:18.875304Z", "fetched_at": "2025-07-11T17:39:34.477592+00:00", "symbol": "ADA-USD"}, {"trade_id": 143063514, "side": "sell", "size": "50.22187163", "price": "0.72800000", "time": "2025-07-11T17:38:18.580813Z", "fetched_at": "2025-07-11T17:39:34.477592+00:00", "symbol": "ADA-USD"}, {"trade_id": 143063513, "side": "sell", "size": "16.53070437", "price": "0.72800000", "time": "2025-07-11T17:38:18.580813Z", "fetched_at": "2025-07-11T17:39:34.477592+00:00", "symbol": "ADA-USD"}, {"trade_id": 143063512, "side": "buy", "size": "0.00014289", "price": "0.72790000", "time": "2025-07-11T17:38:15.905819Z", "fetched_at": "2025-07-11T17:39:34.477592+00:00", "symbol": "ADA-USD"}, {"trade_id": 143063511, "side": "buy", "size": "6.33108287", "price": "0.72790000", "time": "2025-07-11T17:38:15.903445Z", "fetched_at": "2025-07-11T17:39:34.477592+00:00", "symbol": "ADA-USD"}, {"trade_id": 143063510, "side": "buy", "size": "0.00011713", "price": "0.72790000", "time": "2025-07-11T17:38:15.903445Z", "fetched_at": "2025-07-11T17:39:34.477592+00:00", "symbol": "ADA-USD"}, {"trade_id": 143063509, "side": "buy", "size": "0.09988287", "price": "0.72790000", "time": "2025-07-11T17:38:15.815391Z", "fetched_at": "2025-07-11T17:39:34.477592+00:00", "symbol": "ADA-USD"}, {"trade_id": 143063508, "side": "buy", "size": "1.60000000", "price": "0.72790000", "time": "2025-07-11T17:38:15.815391Z", "fetched_at": "2025-07-11T17:39:34.477592+00:00", "symbol": "ADA-USD"}, {"trade_id": 143063507, "side": "buy", "size": "0.00011713", "price": "0.72800000", "time": "2025-07-11T17:38:15.815391Z", "fetched_at": "2025-07-11T17:39:34.477592+00:00", "symbol": "ADA-USD"}, {"trade_id": 143063506, "side": "buy", "size": "6.33023895", "price": "0.72800000", "time": "2025-07-11T17:38:15.811079Z", "fetched_at": "2025-07-11T17:39:34.477592+00:00", "symbol": "ADA-USD"}, {"trade_id": 143063505, "side": "buy", "size": "1.60000000", "price": "0.72800000", "time": "2025-07-11T17:38:15.811079Z", "fetched_at": "2025-07-11T17:39:34.477592+00:00", "symbol": "ADA-USD"}, {"trade_id": 143063504, "side": "buy", "size": "3.97696105", "price": "0.72800000", "time": "2025-07-11T17:38:15.811079Z", "fetched_at": "2025-07-11T17:39:34.477592+00:00", "symbol": "ADA-USD"}, {"trade_id": 143063503, "side": "buy", "size": "6.32948665", "price": "0.72810000", "time": "2025-07-11T17:38:15.736614Z", "fetched_at": "2025-07-11T17:39:34.477592+00:00", "symbol": "ADA-USD"}, {"trade_id": 143063502, "side": "buy", "size": "1.60000000", "price": "0.72810000", "time": "2025-07-11T17:38:15.736614Z", "fetched_at": "2025-07-11T17:39:34.477592+00:00", "symbol": "ADA-USD"}, {"trade_id": 143063501, "side": "sell", "size": "129.96971800", "price": "0.72830000", "time": "2025-07-11T17:38:14.566994Z", "fetched_at": "2025-07-11T17:39:34.477592+00:00", "symbol": "ADA-USD"}, {"trade_id": 143063500, "side": "buy", "size": "6.32774849", "price": "0.72830000", "time": "2025-07-11T17:38:13.601082Z", "fetched_at": "2025-07-11T17:39:34.477592+00:00", "symbol": "ADA-USD"}, {"trade_id": 143063499, "side": "sell", "size": "17.33996406", "price": "0.72820000", "time": "2025-07-11T17:38:12.767311Z", "fetched_at": "2025-07-11T17:39:34.477592+00:00", "symbol": "ADA-USD"}, {"trade_id": 143063498, "side": "sell", "size": "17.33996406", "price": "0.72810000", "time": "2025-07-11T17:38:12.638796Z", "fetched_at": "2025-07-11T17:39:34.477592+00:00", "symbol": "ADA-USD"}, {"trade_id": 143063497, "side": "buy", "size": "726.23830855", "price": "0.72800000", "time": "2025-07-11T17:38:12.224138Z", "fetched_at": "2025-07-11T17:39:34.477592+00:00", "symbol": "ADA-USD"}, {"trade_id": 143063496, "side": "buy", "size": "29.17965945", "price": "0.72800000", "time": "2025-07-11T17:38:12.224138Z", "fetched_at": "2025-07-11T17:39:34.477592+00:00", "symbol": "ADA-USD"}, {"trade_id": 143063495, "side": "buy", "size": "20.44272600", "price": "0.72810000", "time": "2025-07-11T17:38:11.947434Z", "fetched_at": "2025-07-11T17:39:34.477592+00:00", "symbol": "ADA-USD"}, {"trade_id": 143063494, "side": "sell", "size": "5087.10000000", "price": "0.72800000", "time": "2025-07-11T17:38:11.559283Z", "fetched_at": "2025-07-11T17:39:34.477592+00:00", "symbol": "ADA-USD"}, {"trade_id": 143063493, "side": "sell", "size": "50.53333894", "price": "0.72800000", "time": "2025-07-11T17:38:10.778329Z", "fetched_at": "2025-07-11T17:39:34.477592+00:00", "symbol": "ADA-USD"}, {"trade_id": 143063492, "side": "sell", "size": "17.33996406", "price": "0.72800000", "time": "2025-07-11T17:38:10.778329Z", "fetched_at": "2025-07-11T17:39:34.477592+00:00", "symbol": "ADA-USD"}, {"trade_id": 143063491, "side": "sell", "size": "0.10000000", "price": "0.72790000", "time": "2025-07-11T17:38:10.546522Z", "fetched_at": "2025-07-11T17:39:34.477592+00:00", "symbol": "ADA-USD"}, {"trade_id": 143063490, "side": "buy", "size": "61.68112303", "price": "0.72770000", "time": "2025-07-11T17:38:08.809213Z", "fetched_at": "2025-07-11T17:39:34.477592+00:00", "symbol": "ADA-USD"}, {"trade_id": 143063489, "side": "buy", "size": "6.33296582", "price": "0.72770000", "time": "2025-07-11T17:38:08.809213Z", "fetched_at": "2025-07-11T17:39:34.477592+00:00", "symbol": "ADA-USD"}, {"trade_id": 143063488, "side": "buy", "size": "0.08713389", "price": "0.72770000", "time": "2025-07-11T17:38:08.809213Z", "fetched_at": "2025-07-11T17:39:34.477592+00:00", "symbol": "ADA-USD"}, {"trade_id": 143063487, "side": "buy", "size": "0.00010726", "price": "0.72770000", "time": "2025-07-11T17:38:08.809213Z", "fetched_at": "2025-07-11T17:39:34.477592+00:00", "symbol": "ADA-USD"}, {"trade_id": 143063486, "side": "buy", "size": "666.72051464", "price": "0.72780000", "time": "2025-07-11T17:38:08.808954Z", "fetched_at": "2025-07-11T17:39:34.477592+00:00", "symbol": "ADA-USD"}, {"trade_id": 143063485, "side": "buy", "size": "1.60000000", "price": "0.72780000", "time": "2025-07-11T17:38:08.808954Z", "fetched_at": "2025-07-11T17:39:34.477592+00:00", "symbol": "ADA-USD"}, {"trade_id": 143063484, "side": "buy", "size": "0.00059947", "price": "0.72780000", "time": "2025-07-11T17:38:08.808954Z", "fetched_at": "2025-07-11T17:39:34.477592+00:00", "symbol": "ADA-USD"}, {"trade_id": 143063483, "side": "buy", "size": "10.65993404", "price": "0.72780000", "time": "2025-07-11T17:38:08.808954Z", "fetched_at": "2025-07-11T17:39:34.477592+00:00", "symbol": "ADA-USD"}, {"trade_id": 143063482, "side": "sell", "size": "196.02583594", "price": "0.72800000", "time": "2025-07-11T17:38:07.821418Z", "fetched_at": "2025-07-11T17:39:34.477592+00:00", "symbol": "ADA-USD"}, {"trade_id": 143063481, "side": "sell", "size": "391.50000000", "price": "0.72800000", "time": "2025-07-11T17:38:07.821418Z", "fetched_at": "2025-07-11T17:39:34.477592+00:00", "symbol": "ADA-USD"}, {"trade_id": 143063480, "side": "sell", "size": "51.00306000", "price": "0.72800000", "time": "2025-07-11T17:38:07.821418Z", "fetched_at": "2025-07-11T17:39:34.477592+00:00", "symbol": "ADA-USD"}, {"trade_id": 143063479, "side": "sell", "size": "149.63114000", "price": "0.72800000", "time": "2025-07-11T17:38:07.821418Z", "fetched_at": "2025-07-11T17:39:34.477592+00:00", "symbol": "ADA-USD"}, {"trade_id": 143063478, "side": "sell", "size": "17.33996406", "price": "0.72790000", "time": "2025-07-11T17:38:07.821418Z", "fetched_at": "2025-07-11T17:39:34.477592+00:00", "symbol": "ADA-USD"}, {"trade_id": 143063477, "side": "buy", "size": "6.32861745", "price": "0.72820000", "time": "2025-07-11T17:38:06.764455Z", "fetched_at": "2025-07-11T17:39:34.477592+00:00", "symbol": "ADA-USD"}, {"trade_id": 143063476, "side": "buy", "size": "4.40917108", "price": "0.72820000", "time": "2025-07-11T17:38:06.574891Z", "fetched_at": "2025-07-11T17:39:34.477592+00:00", "symbol": "ADA-USD"}, {"trade_id": 143063475, "side": "sell", "size": "17.33996406", "price": "0.72820000", "time": "2025-07-11T17:38:06.481291Z", "fetched_at": "2025-07-11T17:39:34.477592+00:00", "symbol": "ADA-USD"}, {"trade_id": 143063474, "side": "sell", "size": "391.50000000", "price": "0.72820000", "time": "2025-07-11T17:38:06.473157Z", "fetched_at": "2025-07-11T17:39:34.477592+00:00", "symbol": "ADA-USD"}, {"trade_id": 143063473, "side": "sell", "size": "68.10133000", "price": "0.72820000", "time": "2025-07-11T17:38:06.470723Z", "fetched_at": "2025-07-11T17:39:34.477592+00:00", "symbol": "ADA-USD"}, {"trade_id": 143063472, "side": "sell", "size": "17.33996406", "price": "0.72810000", "time": "2025-07-11T17:38:06.469563Z", "fetched_at": "2025-07-11T17:39:34.477592+00:00", "symbol": "ADA-USD"}, {"trade_id": 143063471, "side": "sell", "size": "4548.02463800", "price": "0.72810000", "time": "2025-07-11T17:38:06.469563Z", "fetched_at": "2025-07-11T17:39:34.477592+00:00", "symbol": "ADA-USD"}, {"trade_id": 143063470, "side": "sell", "size": "203.56408500", "price": "0.72810000", "time": "2025-07-11T17:38:06.249420Z", "fetched_at": "2025-07-11T17:39:34.477592+00:00", "symbol": "ADA-USD"}, {"trade_id": 143063469, "side": "buy", "size": "6.33035608", "price": "0.72800000", "time": "2025-07-11T17:38:06.089227Z", "fetched_at": "2025-07-11T17:39:34.477592+00:00", "symbol": "ADA-USD"}, {"trade_id": 143063468, "side": "buy", "size": "0.00003543", "price": "0.72800000", "time": "2025-07-11T17:38:06.089227Z", "fetched_at": "2025-07-11T17:39:34.477592+00:00", "symbol": "ADA-USD"}, {"trade_id": 143063467, "side": "buy", "size": "1.60000000", "price": "0.72800000", "time": "2025-07-11T17:38:06.089227Z", "fetched_at": "2025-07-11T17:39:34.477592+00:00", "symbol": "ADA-USD"}, {"trade_id": 143063466, "side": "buy", "size": "228.99814653", "price": "0.72800000", "time": "2025-07-11T17:38:06.089227Z", "fetched_at": "2025-07-11T17:39:34.477592+00:00", "symbol": "ADA-USD"}, {"trade_id": 143063465, "side": "sell", "size": "321.71127700", "price": "0.72810000", "time": "2025-07-11T17:38:05.675993Z", "fetched_at": "2025-07-11T17:39:34.477592+00:00", "symbol": "ADA-USD"}, {"trade_id": 143063464, "side": "buy", "size": "5.29100530", "price": "0.72800000", "time": "2025-07-11T17:38:05.259259Z", "fetched_at": "2025-07-11T17:39:34.477592+00:00", "symbol": "ADA-USD"}, {"trade_id": 143063463, "side": "buy", "size": "6.32948665", "price": "0.72810000", "time": "2025-07-11T17:38:04.198457Z", "fetched_at": "2025-07-11T17:39:34.477592+00:00", "symbol": "ADA-USD"}, {"trade_id": 143063462, "side": "buy", "size": "864.15348257", "price": "0.72800000", "time": "2025-07-11T17:38:04.101460Z", "fetched_at": "2025-07-11T17:39:34.477592+00:00", "symbol": "ADA-USD"}, {"trade_id": 143063461, "side": "buy", "size": "22.54961103", "price": "0.72800000", "time": "2025-07-11T17:38:04.101460Z", "fetched_at": "2025-07-11T17:39:34.477592+00:00", "symbol": "ADA-USD"}, {"trade_id": 143063460, "side": "buy", "size": "686.71654313", "price": "0.72810000", "time": "2025-07-11T17:38:04.100349Z", "fetched_at": "2025-07-11T17:39:34.477592+00:00", "symbol": "ADA-USD"}, {"trade_id": 143063459, "side": "buy", "size": "0.00000040", "price": "0.72810000", "time": "2025-07-11T17:38:04.100349Z", "fetched_at": "2025-07-11T17:39:34.477592+00:00", "symbol": "ADA-USD"}, {"trade_id": 143063458, "side": "buy", "size": "0.00630921", "price": "0.72810000", "time": "2025-07-11T17:38:04.100349Z", "fetched_at": "2025-07-11T17:39:34.477592+00:00", "symbol": "ADA-USD"}, {"trade_id": 143063457, "side": "buy", "size": "1284.09678438", "price": "0.72820000", "time": "2025-07-11T17:38:04.091186Z", "fetched_at": "2025-07-11T17:39:34.477592+00:00", "symbol": "ADA-USD"}, {"trade_id": 143063456, "side": "buy", "size": "685.79447414", "price": "0.72820000", "time": "2025-07-11T17:38:04.091186Z", "fetched_at": "2025-07-11T17:39:34.477592+00:00", "symbol": "ADA-USD"}, {"trade_id": 143063455, "side": "buy", "size": "1.60000000", "price": "0.72820000", "time": "2025-07-11T17:38:04.091186Z", "fetched_at": "2025-07-11T17:39:34.477592+00:00", "symbol": "ADA-USD"}, {"trade_id": 143063454, "side": "buy", "size": "6.00000000", "price": "0.72820000", "time": "2025-07-11T17:38:04.091186Z", "fetched_at": "2025-07-11T17:39:34.477592+00:00", "symbol": "ADA-USD"}, {"trade_id": 143063453, "side": "buy", "size": "0.00000024", "price": "0.72820000", "time": "2025-07-11T17:38:04.091186Z", "fetched_at": "2025-07-11T17:39:34.477592+00:00", "symbol": "ADA-USD"}, {"trade_id": 143063452, "side": "buy", "size": "6.32857883", "price": "0.72830000", "time": "2025-07-11T17:38:04.091186Z", "fetched_at": "2025-07-11T17:39:34.477592+00:00", "symbol": "ADA-USD"}, {"trade_id": 143063451, "side": "buy", "size": "0.00488616", "price": "0.72830000", "time": "2025-07-11T17:38:04.091186Z", "fetched_at": "2025-07-11T17:39:34.477592+00:00", "symbol": "ADA-USD"}, {"trade_id": 143063450, "side": "buy", "size": "0.00022060", "price": "0.72830000", "time": "2025-07-11T17:38:04.091186Z", "fetched_at": "2025-07-11T17:39:34.477592+00:00", "symbol": "ADA-USD"}, {"trade_id": 143063449, "side": "buy", "size": "1.60000000", "price": "0.72840000", "time": "2025-07-11T17:38:03.768074Z", "fetched_at": "2025-07-11T17:39:34.477592+00:00", "symbol": "ADA-USD"}, {"trade_id": 143063448, "side": "buy", "size": "0.00000016", "price": "0.72840000", "time": "2025-07-11T17:38:03.768074Z", "fetched_at": "2025-07-11T17:39:34.477592+00:00", "symbol": "ADA-USD"}, {"trade_id": 143063447, "side": "buy", "size": "6.60720405", "price": "0.72850000", "time": "2025-07-11T17:38:03.325867Z", "fetched_at": "2025-07-11T17:39:34.477592+00:00", "symbol": "ADA-USD"}, {"trade_id": 143063446, "side": "buy", "size": "0.02961925", "price": "0.72850000", "time": "2025-07-11T17:38:03.325867Z", "fetched_at": "2025-07-11T17:39:34.477592+00:00", "symbol": "ADA-USD"}, {"trade_id": 143063445, "side": "buy", "size": "6.60629722", "price": "0.72860000", "time": "2025-07-11T17:38:03.019177Z", "fetched_at": "2025-07-11T17:39:34.477592+00:00", "symbol": "ADA-USD"}, {"trade_id": 143063444, "side": "buy", "size": "1.60000000", "price": "0.72860000", "time": "2025-07-11T17:38:03.019177Z", "fetched_at": "2025-07-11T17:39:34.477592+00:00", "symbol": "ADA-USD"}, {"trade_id": 143063443, "side": "buy", "size": "0.00048722", "price": "0.72860000", "time": "2025-07-11T17:38:03.019177Z", "fetched_at": "2025-07-11T17:39:34.477592+00:00", "symbol": "ADA-USD"}, {"trade_id": 143063442, "side": "buy", "size": "1.60000000", "price": "0.72870000", "time": "2025-07-11T17:38:02.770635Z", "fetched_at": "2025-07-11T17:39:34.477592+00:00", "symbol": "ADA-USD"}, {"trade_id": 143063441, "side": "buy", "size": "11.97316798", "price": "0.72880000", "time": "2025-07-11T17:38:02.770635Z", "fetched_at": "2025-07-11T17:39:34.477592+00:00", "symbol": "ADA-USD"}, {"trade_id": 143063440, "side": "buy", "size": "1.60000000", "price": "0.72880000", "time": "2025-07-11T17:38:02.770635Z", "fetched_at": "2025-07-11T17:39:34.477592+00:00", "symbol": "ADA-USD"}, {"trade_id": 143063439, "side": "buy", "size": "0.03365139", "price": "0.72880000", "time": "2025-07-11T17:38:02.770635Z", "fetched_at": "2025-07-11T17:39:34.477592+00:00", "symbol": "ADA-USD"}, {"trade_id": 143063438, "side": "sell", "size": "363.30000000", "price": "0.72900000", "time": "2025-07-11T17:38:02.668716Z", "fetched_at": "2025-07-11T17:39:34.477592+00:00", "symbol": "ADA-USD"}, {"trade_id": 143063437, "side": "sell", "size": "50.00000000", "price": "0.72890000", "time": "2025-07-11T17:38:02.668716Z", "fetched_at": "2025-07-11T17:39:34.477592+00:00", "symbol": "ADA-USD"}, {"trade_id": 143063436, "side": "sell", "size": "391.50000000", "price": "0.72890000", "time": "2025-07-11T17:38:02.668716Z", "fetched_at": "2025-07-11T17:39:34.477592+00:00", "symbol": "ADA-USD"}, {"trade_id": 143063435, "side": "buy", "size": "1.60000000", "price": "0.72890000", "time": "2025-07-11T17:38:02.618520Z", "fetched_at": "2025-07-11T17:39:34.477592+00:00", "symbol": "ADA-USD"}, {"trade_id": 143063434, "side": "buy", "size": "12.55763353", "price": "0.72900000", "time": "2025-07-11T17:38:02.618520Z", "fetched_at": "2025-07-11T17:39:34.477592+00:00", "symbol": "ADA-USD"}, {"trade_id": 143063433, "side": "buy", "size": "499.99999882", "price": "0.72910000", "time": "2025-07-11T17:38:02.416834Z", "fetched_at": "2025-07-11T17:39:34.477592+00:00", "symbol": "ADA-USD"}, {"trade_id": 143063432, "side": "buy", "size": "12.55591118", "price": "0.72910000", "time": "2025-07-11T17:38:02.416834Z", "fetched_at": "2025-07-11T17:39:34.477592+00:00", "symbol": "ADA-USD"}, {"trade_id": 143063431, "side": "buy", "size": "674.89688056", "price": "0.72910000", "time": "2025-07-11T17:38:02.316473Z", "fetched_at": "2025-07-11T17:39:34.477592+00:00", "symbol": "ADA-USD"}, {"trade_id": 143063430, "side": "buy", "size": "115.25254654", "price": "0.72910000", "time": "2025-07-11T17:38:02.316473Z", "fetched_at": "2025-07-11T17:39:34.477592+00:00", "symbol": "ADA-USD"}, {"trade_id": 143063429, "side": "buy", "size": "11.89641944", "price": "0.72920000", "time": "2025-07-11T17:38:02.316473Z", "fetched_at": "2025-07-11T17:39:34.477592+00:00", "symbol": "ADA-USD"}, {"trade_id": 143063428, "side": "buy", "size": "348.17140578", "price": "0.72910000", "time": "2025-07-11T17:38:01.763626Z", "fetched_at": "2025-07-11T17:39:34.477592+00:00", "symbol": "ADA-USD"}, {"trade_id": 143063427, "side": "buy", "size": "51.00306000", "price": "0.72920000", "time": "2025-07-11T17:38:01.763626Z", "fetched_at": "2025-07-11T17:39:34.477592+00:00", "symbol": "ADA-USD"}, {"trade_id": 143063426, "side": "buy", "size": "149.63114000", "price": "0.72920000", "time": "2025-07-11T17:38:01.763626Z", "fetched_at": "2025-07-11T17:39:34.477592+00:00", "symbol": "ADA-USD"}, {"trade_id": 143063425, "side": "buy", "size": "663.75166797", "price": "0.72920000", "time": "2025-07-11T17:38:01.763626Z", "fetched_at": "2025-07-11T17:39:34.477592+00:00", "symbol": "ADA-USD"}, {"trade_id": 143063424, "side": "buy", "size": "11.83429225", "price": "0.72920000", "time": "2025-07-11T17:38:01.763626Z", "fetched_at": "2025-07-11T17:39:34.477592+00:00", "symbol": "ADA-USD"}, {"trade_id": 143063423, "side": "sell", "size": "166.49259900", "price": "0.72930000", "time": "2025-07-11T17:38:01.554519Z", "fetched_at": "2025-07-11T17:39:34.477592+00:00", "symbol": "ADA-USD"}, {"trade_id": 143063422, "side": "sell", "size": "66.58791300", "price": "0.72930000", "time": "2025-07-11T17:38:01.552088Z", "fetched_at": "2025-07-11T17:39:34.477592+00:00", "symbol": "ADA-USD"}, {"trade_id": 143063421, "side": "buy", "size": "5.12973220", "price": "0.72930000", "time": "2025-07-11T17:38:00.717970Z", "fetched_at": "2025-07-11T17:39:34.477592+00:00", "symbol": "ADA-USD"}, {"trade_id": 143063420, "side": "buy", "size": "46.08111900", "price": "0.72950000", "time": "2025-07-11T17:37:59.483332Z", "fetched_at": "2025-07-11T17:39:34.477592+00:00", "symbol": "ADA-USD"}, {"trade_id": 143063419, "side": "buy", "size": "500.00000000", "price": "0.72950000", "time": "2025-07-11T17:37:59.483332Z", "fetched_at": "2025-07-11T17:39:34.477592+00:00", "symbol": "ADA-USD"}, {"trade_id": 143063418, "side": "buy", "size": "6.19240737", "price": "0.72950000", "time": "2025-07-11T17:37:59.483332Z", "fetched_at": "2025-07-11T17:39:34.477592+00:00", "symbol": "ADA-USD"}, {"trade_id": 143063417, "side": "buy", "size": "223.01895202", "price": "0.72940000", "time": "2025-07-11T17:37:57.268133Z", "fetched_at": "2025-07-11T17:39:34.477592+00:00", "symbol": "ADA-USD"}, {"trade_id": 143063416, "side": "buy", "size": "11.26797166", "price": "0.72940000", "time": "2025-07-11T17:37:57.268133Z", "fetched_at": "2025-07-11T17:39:34.477592+00:00", "symbol": "ADA-USD"}, {"trade_id": 143063415, "side": "buy", "size": "620.71307632", "price": "0.72940000", "time": "2025-07-11T17:37:57.268133Z", "fetched_at": "2025-07-11T17:39:34.477592+00:00", "symbol": "ADA-USD"}, {"trade_id": 143063414, "side": "sell", "size": "22.09797200", "price": "0.72960000", "time": "2025-07-11T17:37:52.303790Z", "fetched_at": "2025-07-11T17:39:34.477592+00:00", "symbol": "ADA-USD"}, {"trade_id": 143063413, "side": "buy", "size": "78.24108600", "price": "0.72950000", "time": "2025-07-11T17:37:51.775672Z", "fetched_at": "2025-07-11T17:39:34.477592+00:00", "symbol": "ADA-USD"}, {"trade_id": 143063412, "side": "sell", "size": "25.99123000", "price": "0.72960000", "time": "2025-07-11T17:37:51.337327Z", "fetched_at": "2025-07-11T17:39:34.477592+00:00", "symbol": "ADA-USD"}, {"trade_id": 143063411, "side": "sell", "size": "389.26511536", "price": "0.72970000", "time": "2025-07-11T17:37:50.943433Z", "fetched_at": "2025-07-11T17:39:34.477592+00:00", "symbol": "ADA-USD"}, {"trade_id": 143063410, "side": "sell", "size": "13.91113064", "price": "0.72970000", "time": "2025-07-11T17:37:50.943433Z", "fetched_at": "2025-07-11T17:39:34.477592+00:00", "symbol": "ADA-USD"}, {"trade_id": 143063409, "side": "sell", "size": "135.63501800", "price": "0.72980000", "time": "2025-07-11T17:37:48.815719Z", "fetched_at": "2025-07-11T17:39:34.477592+00:00", "symbol": "ADA-USD"}, {"trade_id": 143063408, "side": "sell", "size": "1.60000000", "price": "0.72970000", "time": "2025-07-11T17:37:48.691367Z", "fetched_at": "2025-07-11T17:39:34.477592+00:00", "symbol": "ADA-USD"}, {"trade_id": 143063407, "side": "sell", "size": "12.52775164", "price": "0.72960000", "time": "2025-07-11T17:37:48.679875Z", "fetched_at": "2025-07-11T17:39:34.477592+00:00", "symbol": "ADA-USD"}, {"trade_id": 143063406, "side": "sell", "size": "68.10133000", "price": "0.72960000", "time": "2025-07-11T17:37:47.083149Z", "fetched_at": "2025-07-11T17:39:34.477592+00:00", "symbol": "ADA-USD"}, {"trade_id": 143063405, "side": "buy", "size": "262.03496909", "price": "0.72940000", "time": "2025-07-11T17:37:47.071453Z", "fetched_at": "2025-07-11T17:39:34.477592+00:00", "symbol": "ADA-USD"}, {"trade_id": 143063404, "side": "buy", "size": "58.35931890", "price": "0.72950000", "time": "2025-07-11T17:37:47.071453Z", "fetched_at": "2025-07-11T17:39:34.477592+00:00", "symbol": "ADA-USD"}, {"trade_id": 143063403, "side": "buy", "size": "17.32224632", "price": "0.72950000", "time": "2025-07-11T17:37:47.071453Z", "fetched_at": "2025-07-11T17:39:34.477592+00:00", "symbol": "ADA-USD"}, {"trade_id": 143063402, "side": "sell", "size": "51.00306000", "price": "0.72950000", "time": "2025-07-11T17:37:47.064672Z", "fetched_at": "2025-07-11T17:39:34.477592+00:00", "symbol": "ADA-USD"}, {"trade_id": 143063401, "side": "buy", "size": "140.07223406", "price": "0.72960000", "time": "2025-07-11T17:37:46.956592Z", "fetched_at": "2025-07-11T17:39:34.477592+00:00", "symbol": "ADA-USD"}, {"trade_id": 143063400, "side": "buy", "size": "51.00306000", "price": "0.72960000", "time": "2025-07-11T17:37:46.956492Z", "fetched_at": "2025-07-11T17:39:34.477592+00:00", "symbol": "ADA-USD"}, {"trade_id": 143063399, "side": "buy", "size": "179.58178000", "price": "0.72960000", "time": "2025-07-11T17:37:46.956465Z", "fetched_at": "2025-07-11T17:39:34.477592+00:00", "symbol": "ADA-USD"}, {"trade_id": 143063398, "side": "buy", "size": "3439.26385594", "price": "0.72960000", "time": "2025-07-11T17:37:46.952923Z", "fetched_at": "2025-07-11T17:39:34.477592+00:00", "symbol": "ADA-USD"}, {"trade_id": 143063397, "side": "buy", "size": "2088.07295000", "price": "0.72960000", "time": "2025-07-11T17:37:46.950669Z", "fetched_at": "2025-07-11T17:39:34.477592+00:00", "symbol": "ADA-USD"}, {"trade_id": 143063396, "side": "buy", "size": "51.00306000", "price": "0.72960000", "time": "2025-07-11T17:37:46.950331Z", "fetched_at": "2025-07-11T17:39:34.477592+00:00", "symbol": "ADA-USD"}, {"trade_id": 143063395, "side": "buy", "size": "51.00306000", "price": "0.72960000", "time": "2025-07-11T17:37:46.948765Z", "fetched_at": "2025-07-11T17:39:34.477592+00:00", "symbol": "ADA-USD"}, {"trade_id": 143063394, "side": "buy", "size": "28591.86696653", "price": "0.72890000", "time": "2025-07-11T17:37:46.939770Z", "fetched_at": "2025-07-11T17:39:34.477592+00:00", "symbol": "ADA-USD"}, {"trade_id": 143063393, "side": "buy", "size": "10063.00000000", "price": "0.72890000", "time": "2025-07-11T17:37:46.939770Z", "fetched_at": "2025-07-11T17:39:34.477592+00:00", "symbol": "ADA-USD"}, {"trade_id": 143063392, "side": "buy", "size": "685.96515297", "price": "0.72890000", "time": "2025-07-11T17:37:46.939770Z", "fetched_at": "2025-07-11T17:39:34.477592+00:00", "symbol": "ADA-USD"}, {"trade_id": 143063391, "side": "buy", "size": "699.16255365", "price": "0.72890000", "time": "2025-07-11T17:37:46.939770Z", "fetched_at": "2025-07-11T17:39:34.477592+00:00", "symbol": "ADA-USD"}, {"trade_id": 143063390, "side": "buy", "size": "1200.00000000", "price": "0.72890000", "time": "2025-07-11T17:37:46.939770Z", "fetched_at": "2025-07-11T17:39:34.477592+00:00", "symbol": "ADA-USD"}, {"trade_id": 143063389, "side": "buy", "size": "916.82601631", "price": "0.72890000", "time": "2025-07-11T17:37:46.939770Z", "fetched_at": "2025-07-11T17:39:34.477592+00:00", "symbol": "ADA-USD"}, {"trade_id": 143063388, "side": "buy", "size": "391.50000000", "price": "0.72890000", "time": "2025-07-11T17:37:46.939770Z", "fetched_at": "2025-07-11T17:39:34.477592+00:00", "symbol": "ADA-USD"}, {"trade_id": 143063387, "side": "buy", "size": "1.60000000", "price": "0.72890000", "time": "2025-07-11T17:37:46.939770Z", "fetched_at": "2025-07-11T17:39:34.477592+00:00", "symbol": "ADA-USD"}, {"trade_id": 143063386, "side": "buy", "size": "672.15629100", "price": "0.72890000", "time": "2025-07-11T17:37:46.939770Z", "fetched_at": "2025-07-11T17:39:34.477592+00:00", "symbol": "ADA-USD"}, {"trade_id": 143063385, "side": "buy", "size": "274.31079413", "price": "0.72890000", "time": "2025-07-11T17:37:46.939770Z", "fetched_at": "2025-07-11T17:39:34.477592+00:00", "symbol": "ADA-USD"}, {"trade_id": 143063384, "side": "buy", "size": "0.08709890", "price": "0.72890000", "time": "2025-07-11T17:37:46.939770Z", "fetched_at": "2025-07-11T17:39:34.477592+00:00", "symbol": "ADA-USD"}, {"trade_id": 143063383, "side": "buy", "size": "1603.33132000", "price": "0.72890000", "time": "2025-07-11T17:37:46.939770Z", "fetched_at": "2025-07-11T17:39:34.477592+00:00", "symbol": "ADA-USD"}, {"trade_id": 143063382, "side": "buy", "size": "24634.46613374", "price": "0.72900000", "time": "2025-07-11T17:37:46.939770Z", "fetched_at": "2025-07-11T17:39:34.477592+00:00", "symbol": "ADA-USD"}, {"trade_id": 143063381, "side": "buy", "size": "5905.82639010", "price": "0.72900000", "time": "2025-07-11T17:37:46.939770Z", "fetched_at": "2025-07-11T17:39:34.477592+00:00", "symbol": "ADA-USD"}, {"trade_id": 143063380, "side": "buy", "size": "1055.78887923", "price": "0.72900000", "time": "2025-07-11T17:37:46.939770Z", "fetched_at": "2025-07-11T17:39:34.477592+00:00", "symbol": "ADA-USD"}, {"trade_id": 143063379, "side": "buy", "size": "804.80000000", "price": "0.72900000", "time": "2025-07-11T17:37:46.939770Z", "fetched_at": "2025-07-11T17:39:34.477592+00:00", "symbol": "ADA-USD"}, {"trade_id": 143063378, "side": "buy", "size": "606.32170044", "price": "0.72900000", "time": "2025-07-11T17:37:46.939770Z", "fetched_at": "2025-07-11T17:39:34.477592+00:00", "symbol": "ADA-USD"}, {"trade_id": 143063377, "side": "buy", "size": "672.15629100", "price": "0.72900000", "time": "2025-07-11T17:37:46.939770Z", "fetched_at": "2025-07-11T17:39:34.477592+00:00", "symbol": "ADA-USD"}, {"trade_id": 143063376, "side": "buy", "size": "1602.45209000", "price": "0.72900000", "time": "2025-07-11T17:37:46.939770Z", "fetched_at": "2025-07-11T17:39:34.477592+00:00", "symbol": "ADA-USD"}, {"trade_id": 143063375, "side": "buy", "size": "391.50000000", "price": "0.72900000", "time": "2025-07-11T17:37:46.939770Z", "fetched_at": "2025-07-11T17:39:34.477592+00:00", "symbol": "ADA-USD"}, {"trade_id": 143063374, "side": "buy", "size": "1.60000000", "price": "0.72900000", "time": "2025-07-11T17:37:46.939770Z", "fetched_at": "2025-07-11T17:39:34.477592+00:00", "symbol": "ADA-USD"}, {"trade_id": 143063373, "side": "buy", "size": "13.89163237", "price": "0.72900000", "time": "2025-07-11T17:37:46.939770Z", "fetched_at": "2025-07-11T17:39:34.477592+00:00", "symbol": "ADA-USD"}, {"trade_id": 143063372, "side": "buy", "size": "721.49524526", "price": "0.72910000", "time": "2025-07-11T17:37:46.939770Z", "fetched_at": "2025-07-11T17:39:34.477592+00:00", "symbol": "ADA-USD"}, {"trade_id": 143063371, "side": "buy", "size": "4111.56033715", "price": "0.72910000", "time": "2025-07-11T17:37:46.939770Z", "fetched_at": "2025-07-11T17:39:34.477592+00:00", "symbol": "ADA-USD"}, {"trade_id": 143063370, "side": "buy", "size": "1363.79498506", "price": "0.72910000", "time": "2025-07-11T17:37:46.939770Z", "fetched_at": "2025-07-11T17:39:34.477592+00:00", "symbol": "ADA-USD"}, {"trade_id": 143063369, "side": "buy", "size": "274.31079413", "price": "0.72910000", "time": "2025-07-11T17:37:46.939770Z", "fetched_at": "2025-07-11T17:39:34.477592+00:00", "symbol": "ADA-USD"}, {"trade_id": 143063368, "side": "buy", "size": "673.66319072", "price": "0.72910000", "time": "2025-07-11T17:37:46.939770Z", "fetched_at": "2025-07-11T17:39:34.477592+00:00", "symbol": "ADA-USD"}, {"trade_id": 143063367, "side": "buy", "size": "632.17172082", "price": "0.72910000", "time": "2025-07-11T17:37:46.939770Z", "fetched_at": "2025-07-11T17:39:34.477592+00:00", "symbol": "ADA-USD"}, {"trade_id": 143063366, "side": "buy", "size": "533.50994242", "price": "0.72910000", "time": "2025-07-11T17:37:46.939770Z", "fetched_at": "2025-07-11T17:39:34.477592+00:00", "symbol": "ADA-USD"}, {"trade_id": 143063365, "side": "buy", "size": "672.15629100", "price": "0.72910000", "time": "2025-07-11T17:37:46.939770Z", "fetched_at": "2025-07-11T17:39:34.477592+00:00", "symbol": "ADA-USD"}, {"trade_id": 143063364, "side": "buy", "size": "1602.45209000", "price": "0.72910000", "time": "2025-07-11T17:37:46.939770Z", "fetched_at": "2025-07-11T17:39:34.477592+00:00", "symbol": "ADA-USD"}, {"trade_id": 143063363, "side": "buy", "size": "1.60000000", "price": "0.72910000", "time": "2025-07-11T17:37:46.939770Z", "fetched_at": "2025-07-11T17:39:34.477592+00:00", "symbol": "ADA-USD"}, {"trade_id": 143063362, "side": "buy", "size": "0.00153277", "price": "0.72910000", "time": "2025-07-11T17:37:46.939770Z", "fetched_at": "2025-07-11T17:39:34.477592+00:00", "symbol": "ADA-USD"}, {"trade_id": 143063361, "side": "buy", "size": "0.04639964", "price": "0.72910000", "time": "2025-07-11T17:37:46.939770Z", "fetched_at": "2025-07-11T17:39:34.477592+00:00", "symbol": "ADA-USD"}, {"trade_id": 143063360, "side": "buy", "size": "9000.00000000", "price": "0.72920000", "time": "2025-07-11T17:37:46.939770Z", "fetched_at": "2025-07-11T17:39:34.477592+00:00", "symbol": "ADA-USD"}, {"trade_id": 143063359, "side": "buy", "size": "2334.07156385", "price": "0.72920000", "time": "2025-07-11T17:37:46.939770Z", "fetched_at": "2025-07-11T17:39:34.477592+00:00", "symbol": "ADA-USD"}, {"trade_id": 143063358, "side": "buy", "size": "1062.83069348", "price": "0.72920000", "time": "2025-07-11T17:37:46.939770Z", "fetched_at": "2025-07-11T17:39:34.477592+00:00", "symbol": "ADA-USD"}, {"trade_id": 143063357, "side": "buy", "size": "1602.23257000", "price": "0.72920000", "time": "2025-07-11T17:37:46.939770Z", "fetched_at": "2025-07-11T17:39:34.477592+00:00", "symbol": "ADA-USD"}, {"trade_id": 143063356, "side": "buy", "size": "251.03249655", "price": "0.72920000", "time": "2025-07-11T17:37:46.939770Z", "fetched_at": "2025-07-11T17:39:34.477592+00:00", "symbol": "ADA-USD"}, {"trade_id": 143063355, "side": "buy", "size": "617.74717805", "price": "0.72920000", "time": "2025-07-11T17:37:46.939770Z", "fetched_at": "2025-07-11T17:39:34.477592+00:00", "symbol": "ADA-USD"}, {"trade_id": 143063354, "side": "buy", "size": "672.15629100", "price": "0.72920000", "time": "2025-07-11T17:37:46.939770Z", "fetched_at": "2025-07-11T17:39:34.477592+00:00", "symbol": "ADA-USD"}, {"trade_id": 143063353, "side": "buy", "size": "1.60000000", "price": "0.72920000", "time": "2025-07-11T17:37:46.939770Z", "fetched_at": "2025-07-11T17:39:34.477592+00:00", "symbol": "ADA-USD"}, {"trade_id": 143063352, "side": "buy", "size": "274.03428843", "price": "0.72930000", "time": "2025-07-11T17:37:46.939770Z", "fetched_at": "2025-07-11T17:39:34.477592+00:00", "symbol": "ADA-USD"}, {"trade_id": 143063351, "side": "buy", "size": "4872.58963273", "price": "0.72930000", "time": "2025-07-11T17:37:46.939770Z", "fetched_at": "2025-07-11T17:39:34.477592+00:00", "symbol": "ADA-USD"}, {"trade_id": 143063350, "side": "buy", "size": "274.31079413", "price": "0.72930000", "time": "2025-07-11T17:37:46.939770Z", "fetched_at": "2025-07-11T17:39:34.477592+00:00", "symbol": "ADA-USD"}, {"trade_id": 143063349, "side": "buy", "size": "785.91429318", "price": "0.72930000", "time": "2025-07-11T17:37:46.939770Z", "fetched_at": "2025-07-11T17:39:34.477592+00:00", "symbol": "ADA-USD"}, {"trade_id": 143063348, "side": "buy", "size": "1602.67174000", "price": "0.72930000", "time": "2025-07-11T17:37:46.939770Z", "fetched_at": "2025-07-11T17:39:34.477592+00:00", "symbol": "ADA-USD"}, {"trade_id": 143063347, "side": "buy", "size": "672.15629100", "price": "0.72930000", "time": "2025-07-11T17:37:46.939770Z", "fetched_at": "2025-07-11T17:39:34.477592+00:00", "symbol": "ADA-USD"}, {"trade_id": 143063346, "side": "buy", "size": "1.60000000", "price": "0.72930000", "time": "2025-07-11T17:37:46.939770Z", "fetched_at": "2025-07-11T17:39:34.477592+00:00", "symbol": "ADA-USD"}, {"trade_id": 143063345, "side": "buy", "size": "17.32462118", "price": "0.72940000", "time": "2025-07-11T17:37:46.939770Z", "fetched_at": "2025-07-11T17:39:34.477592+00:00", "symbol": "ADA-USD"}, {"trade_id": 143063344, "side": "buy", "size": "1.60000000", "price": "0.72940000", "time": "2025-07-11T17:37:46.939770Z", "fetched_at": "2025-07-11T17:39:34.477592+00:00", "symbol": "ADA-USD"}, {"trade_id": 143063343, "side": "buy", "size": "605.87369310", "price": "0.72940000", "time": "2025-07-11T17:37:46.939770Z", "fetched_at": "2025-07-11T17:39:34.477592+00:00", "symbol": "ADA-USD"}, {"trade_id": 143063342, "side": "buy", "size": "1602.67174000", "price": "0.72940000", "time": "2025-07-11T17:37:46.939770Z", "fetched_at": "2025-07-11T17:39:34.477592+00:00", "symbol": "ADA-USD"}, {"trade_id": 143063341, "side": "buy", "size": "672.15629100", "price": "0.72940000", "time": "2025-07-11T17:37:46.939770Z", "fetched_at": "2025-07-11T17:39:34.477592+00:00", "symbol": "ADA-USD"}, {"trade_id": 143063340, "side": "buy", "size": "685.36983589", "price": "0.72950000", "time": "2025-07-11T17:37:46.939770Z", "fetched_at": "2025-07-11T17:39:34.477592+00:00", "symbol": "ADA-USD"}, {"trade_id": 143063339, "side": "buy", "size": "440.32721663", "price": "0.72950000", "time": "2025-07-11T17:37:46.939770Z", "fetched_at": "2025-07-11T17:39:34.477592+00:00", "symbol": "ADA-USD"}, {"trade_id": 143063338, "side": "buy", "size": "1602.01280000", "price": "0.72950000", "time": "2025-07-11T17:37:46.939770Z", "fetched_at": "2025-07-11T17:39:34.477592+00:00", "symbol": "ADA-USD"}, {"trade_id": 143063337, "side": "buy", "size": "672.15629100", "price": "0.72950000", "time": "2025-07-11T17:37:46.939770Z", "fetched_at": "2025-07-11T17:39:34.477592+00:00", "symbol": "ADA-USD"}, {"trade_id": 143063336, "side": "buy", "size": "625.45444647", "price": "0.72950000", "time": "2025-07-11T17:37:46.939770Z", "fetched_at": "2025-07-11T17:39:34.477592+00:00", "symbol": "ADA-USD"}, {"trade_id": 143063335, "side": "buy", "size": "1.60000000", "price": "0.72950000", "time": "2025-07-11T17:37:46.939770Z", "fetched_at": "2025-07-11T17:39:34.477592+00:00", "symbol": "ADA-USD"}, {"trade_id": 143063334, "side": "buy", "size": "763.74476159", "price": "0.72960000", "time": "2025-07-11T17:37:46.939770Z", "fetched_at": "2025-07-11T17:39:34.477592+00:00", "symbol": "ADA-USD"}, {"trade_id": 143063333, "side": "buy", "size": "1601.79340000", "price": "0.72960000", "time": "2025-07-11T17:37:46.939770Z", "fetched_at": "2025-07-11T17:39:34.477592+00:00", "symbol": "ADA-USD"}, {"trade_id": 143063332, "side": "buy", "size": "672.10799556", "price": "0.72960000", "time": "2025-07-11T17:37:46.939770Z", "fetched_at": "2025-07-11T17:39:34.477592+00:00", "symbol": "ADA-USD"}, {"trade_id": 143063331, "side": "buy", "size": "2085.37898000", "price": "0.72960000", "time": "2025-07-11T17:37:46.939770Z", "fetched_at": "2025-07-11T17:39:34.477592+00:00", "symbol": "ADA-USD"}, {"trade_id": 143063330, "side": "buy", "size": "2086.00713000", "price": "0.72960000", "time": "2025-07-11T17:37:46.939770Z", "fetched_at": "2025-07-11T17:39:34.477592+00:00", "symbol": "ADA-USD"}, {"trade_id": 143063329, "side": "buy", "size": "665.28405688", "price": "0.72960000", "time": "2025-07-11T17:37:46.939770Z", "fetched_at": "2025-07-11T17:39:34.477592+00:00", "symbol": "ADA-USD"}, {"trade_id": 143063328, "side": "buy", "size": "672.15629100", "price": "0.72960000", "time": "2025-07-11T17:37:46.939770Z", "fetched_at": "2025-07-11T17:39:34.477592+00:00", "symbol": "ADA-USD"}, {"trade_id": 143063327, "side": "buy", "size": "1.60000000", "price": "0.72960000", "time": "2025-07-11T17:37:46.939770Z", "fetched_at": "2025-07-11T17:39:34.477592+00:00", "symbol": "ADA-USD"}, {"trade_id": 143063326, "side": "buy", "size": "759.66027988", "price": "0.72960000", "time": "2025-07-11T17:37:46.939770Z", "fetched_at": "2025-07-11T17:39:34.477592+00:00", "symbol": "ADA-USD"}, {"trade_id": 143063325, "side": "buy", "size": "500.00000000", "price": "0.72970000", "time": "2025-07-11T17:37:46.939770Z", "fetched_at": "2025-07-11T17:39:34.477592+00:00", "symbol": "ADA-USD"}, {"trade_id": 143063324, "side": "buy", "size": "5073.30000000", "price": "0.72970000", "time": "2025-07-11T17:37:46.939770Z", "fetched_at": "2025-07-11T17:39:34.477592+00:00", "symbol": "ADA-USD"}, {"trade_id": 143063323, "side": "buy", "size": "1072.77136475", "price": "0.72970000", "time": "2025-07-11T17:37:46.939770Z", "fetched_at": "2025-07-11T17:39:34.477592+00:00", "symbol": "ADA-USD"}, {"trade_id": 143063322, "side": "buy", "size": "672.15629100", "price": "0.72970000", "time": "2025-07-11T17:37:46.939770Z", "fetched_at": "2025-07-11T17:39:34.477592+00:00", "symbol": "ADA-USD"}, {"trade_id": 143063321, "side": "sell", "size": "68.10133000", "price": "0.72980000", "time": "2025-07-11T17:37:44.004530Z", "fetched_at": "2025-07-11T17:39:34.477592+00:00", "symbol": "ADA-USD"}, {"trade_id": 143063320, "side": "buy", "size": "315.89676800", "price": "0.72970000", "time": "2025-07-11T17:37:43.256061Z", "fetched_at": "2025-07-11T17:39:34.477592+00:00", "symbol": "ADA-USD"}, {"trade_id": 143063319, "side": "buy", "size": "149.63114000", "price": "0.72980000", "time": "2025-07-11T17:37:43.256061Z", "fetched_at": "2025-07-11T17:39:34.477592+00:00", "symbol": "ADA-USD"}, {"trade_id": 143063318, "side": "buy", "size": "158.28542000", "price": "0.72980000", "time": "2025-07-11T17:37:43.256061Z", "fetched_at": "2025-07-11T17:39:34.477592+00:00", "symbol": "ADA-USD"}, {"trade_id": 143063317, "side": "buy", "size": "622.34987395", "price": "0.72960000", "time": "2025-07-11T17:37:39.061625Z", "fetched_at": "2025-07-11T17:39:34.477592+00:00", "symbol": "ADA-USD"}, {"trade_id": 143063316, "side": "buy", "size": "1602.01280000", "price": "0.72960000", "time": "2025-07-11T17:37:39.061625Z", "fetched_at": "2025-07-11T17:39:34.477592+00:00", "symbol": "ADA-USD"}, {"trade_id": 143063315, "side": "buy", "size": "672.15629100", "price": "0.72960000", "time": "2025-07-11T17:37:39.061625Z", "fetched_at": "2025-07-11T17:39:34.477592+00:00", "symbol": "ADA-USD"}, {"trade_id": 143063314, "side": "buy", "size": "51.00306000", "price": "0.72970000", "time": "2025-07-11T17:37:39.061625Z", "fetched_at": "2025-07-11T17:39:34.477592+00:00", "symbol": "ADA-USD"}, {"trade_id": 143063313, "side": "buy", "size": "788.21452550", "price": "0.72970000", "time": "2025-07-11T17:37:39.061625Z", "fetched_at": "2025-07-11T17:39:34.477592+00:00", "symbol": "ADA-USD"}, {"trade_id": 143063312, "side": "buy", "size": "680.36088555", "price": "0.72970000", "time": "2025-07-11T17:37:39.061625Z", "fetched_at": "2025-07-11T17:39:34.477592+00:00", "symbol": "ADA-USD"}, {"trade_id": 143063311, "side": "buy", "size": "672.15629100", "price": "0.72970000", "time": "2025-07-11T17:37:39.061625Z", "fetched_at": "2025-07-11T17:39:34.477592+00:00", "symbol": "ADA-USD"}, {"trade_id": 143063310, "side": "buy", "size": "391.50000000", "price": "0.72970000", "time": "2025-07-11T17:37:39.061625Z", "fetched_at": "2025-07-11T17:39:34.477592+00:00", "symbol": "ADA-USD"}, {"trade_id": 143063309, "side": "buy", "size": "158.28542000", "price": "0.72970000", "time": "2025-07-11T17:37:39.061625Z", "fetched_at": "2025-07-11T17:39:34.477592+00:00", "symbol": "ADA-USD"}, {"trade_id": 143063308, "side": "sell", "size": "33.30308400", "price": "0.72980000", "time": "2025-07-11T17:37:35.909779Z", "fetched_at": "2025-07-11T17:39:34.477592+00:00", "symbol": "ADA-USD"}, {"trade_id": 143063307, "side": "buy", "size": "399.71568300", "price": "0.72970000", "time": "2025-07-11T17:37:34.823336Z", "fetched_at": "2025-07-11T17:39:34.477592+00:00", "symbol": "ADA-USD"}, {"trade_id": 143063306, "side": "buy", "size": "3.91888100", "price": "0.72980000", "time": "2025-07-11T17:37:34.212566Z", "fetched_at": "2025-07-11T17:39:34.477592+00:00", "symbol": "ADA-USD"}, {"trade_id": 143063305, "side": "sell", "size": "1.60000000", "price": "0.72980000", "time": "2025-07-11T17:37:34.089529Z", "fetched_at": "2025-07-11T17:39:34.477592+00:00", "symbol": "ADA-USD"}, {"trade_id": 143063304, "side": "sell", "size": "666.00261510", "price": "0.72960000", "time": "2025-07-11T17:37:33.445911Z", "fetched_at": "2025-07-11T17:39:34.477592+00:00", "symbol": "ADA-USD"}, {"trade_id": 143063303, "side": "sell", "size": "17.60663377", "price": "0.72960000", "time": "2025-07-11T17:37:33.167449Z", "fetched_at": "2025-07-11T17:39:34.477592+00:00", "symbol": "ADA-USD"}, {"trade_id": 143063302, "side": "sell", "size": "495.13379700", "price": "0.72940000", "time": "2025-07-11T17:37:33.031872Z", "fetched_at": "2025-07-11T17:39:34.477592+00:00", "symbol": "ADA-USD"}, {"trade_id": 143063301, "side": "sell", "size": "664.73549994", "price": "0.72950000", "time": "2025-07-11T17:37:30.440915Z", "fetched_at": "2025-07-11T17:39:34.477592+00:00", "symbol": "ADA-USD"}, {"trade_id": 143063300, "side": "sell", "size": "274.31079413", "price": "0.72950000", "time": "2025-07-11T17:37:30.440915Z", "fetched_at": "2025-07-11T17:39:34.477592+00:00", "symbol": "ADA-USD"}, {"trade_id": 143063299, "side": "sell", "size": "2.68557300", "price": "0.72940000", "time": "2025-07-11T17:37:29.997009Z", "fetched_at": "2025-07-11T17:39:34.477592+00:00", "symbol": "ADA-USD"}, {"trade_id": 143063298, "side": "buy", "size": "3.97314701", "price": "0.72940000", "time": "2025-07-11T17:37:29.228525Z", "fetched_at": "2025-07-11T17:39:34.477592+00:00", "symbol": "ADA-USD"}, {"trade_id": 143063297, "side": "buy", "size": "4433.52588555", "price": "0.72940000", "time": "2025-07-11T17:37:29.228525Z", "fetched_at": "2025-07-11T17:39:34.477592+00:00", "symbol": "ADA-USD"}, {"trade_id": 143063296, "side": "buy", "size": "639.77411445", "price": "0.72940000", "time": "2025-07-11T17:37:29.226720Z", "fetched_at": "2025-07-11T17:39:34.477592+00:00", "symbol": "ADA-USD"}, {"trade_id": 143063295, "side": "buy", "size": "202.11897587", "price": "0.72940000", "time": "2025-07-11T17:37:29.226720Z", "fetched_at": "2025-07-11T17:39:34.477592+00:00", "symbol": "ADA-USD"}, {"trade_id": 143063294, "side": "buy", "size": "1.60000000", "price": "0.72940000", "time": "2025-07-11T17:37:29.226720Z", "fetched_at": "2025-07-11T17:39:34.477592+00:00", "symbol": "ADA-USD"}, {"trade_id": 143063293, "side": "sell", "size": "643.90525439", "price": "0.72960000", "time": "2025-07-11T17:37:26.032251Z", "fetched_at": "2025-07-11T17:39:34.477592+00:00", "symbol": "ADA-USD"}, {"trade_id": 143063292, "side": "sell", "size": "731.95705484", "price": "0.72960000", "time": "2025-07-11T17:37:26.032251Z", "fetched_at": "2025-07-11T17:39:34.477592+00:00", "symbol": "ADA-USD"}, {"trade_id": 143063291, "side": "sell", "size": "400.00000000", "price": "0.72960000", "time": "2025-07-11T17:37:26.032251Z", "fetched_at": "2025-07-11T17:39:34.477592+00:00", "symbol": "ADA-USD"}, {"trade_id": 143063290, "side": "sell", "size": "50.00000000", "price": "0.72960000", "time": "2025-07-11T17:37:26.032251Z", "fetched_at": "2025-07-11T17:39:34.477592+00:00", "symbol": "ADA-USD"}, {"trade_id": 143063289, "side": "sell", "size": "391.50000000", "price": "0.72960000", "time": "2025-07-11T17:37:26.032251Z", "fetched_at": "2025-07-11T17:39:34.477592+00:00", "symbol": "ADA-USD"}, {"trade_id": 143063288, "side": "buy", "size": "720.23038000", "price": "0.72960000", "time": "2025-07-11T17:37:25.473287Z", "fetched_at": "2025-07-11T17:39:34.477592+00:00", "symbol": "ADA-USD"}, {"trade_id": 143063287, "side": "buy", "size": "1380.99001059", "price": "0.72960000", "time": "2025-07-11T17:37:25.254457Z", "fetched_at": "2025-07-11T17:39:34.477592+00:00", "symbol": "ADA-USD"}, {"trade_id": 143063286, "side": "buy", "size": "2972.07960800", "price": "0.72960000", "time": "2025-07-11T17:37:25.157590Z", "fetched_at": "2025-07-11T17:39:34.477592+00:00", "symbol": "ADA-USD"}, {"trade_id": 143063285, "side": "sell", "size": "3.86620300", "price": "0.72980000", "time": "2025-07-11T17:37:23.765670Z", "fetched_at": "2025-07-11T17:39:34.477592+00:00", "symbol": "ADA-USD"}, {"trade_id": 143063284, "side": "buy", "size": "685.21310127", "price": "0.72970000", "time": "2025-07-11T17:37:22.552192Z", "fetched_at": "2025-07-11T17:39:34.477592+00:00", "symbol": "ADA-USD"}, {"trade_id": 143063283, "side": "buy", "size": "642.85975252", "price": "0.72970000", "time": "2025-07-11T17:37:21.570397Z", "fetched_at": "2025-07-11T17:39:34.477592+00:00", "symbol": "ADA-USD"}, {"trade_id": 143063282, "side": "buy", "size": "672.15629100", "price": "0.72970000", "time": "2025-07-11T17:37:21.570397Z", "fetched_at": "2025-07-11T17:39:34.477592+00:00", "symbol": "ADA-USD"}, {"trade_id": 143063281, "side": "buy", "size": "700.42470493", "price": "0.72970000", "time": "2025-07-11T17:37:21.570397Z", "fetched_at": "2025-07-11T17:39:34.477592+00:00", "symbol": "ADA-USD"}, {"trade_id": 143063280, "side": "buy", "size": "47.11819808", "price": "0.72970000", "time": "2025-07-11T17:37:21.570397Z", "fetched_at": "2025-07-11T17:39:34.477592+00:00", "symbol": "ADA-USD"}, {"trade_id": 143063279, "side": "buy", "size": "51.00306000", "price": "0.72970000", "time": "2025-07-11T17:37:21.570397Z", "fetched_at": "2025-07-11T17:39:34.477592+00:00", "symbol": "ADA-USD"}, {"trade_id": 143063278, "side": "sell", "size": "1446.22814000", "price": "0.72970000", "time": "2025-07-11T17:37:20.748836Z", "fetched_at": "2025-07-11T17:39:34.477592+00:00", "symbol": "ADA-USD"}, {"trade_id": 143063277, "side": "sell", "size": "2241.16143953", "price": "0.72970000", "time": "2025-07-11T17:37:20.744572Z", "fetched_at": "2025-07-11T17:39:34.477592+00:00", "symbol": "ADA-USD"}, {"trade_id": 143063276, "side": "sell", "size": "274.31079413", "price": "0.72970000", "time": "2025-07-11T17:37:20.744572Z", "fetched_at": "2025-07-11T17:39:34.477592+00:00", "symbol": "ADA-USD"}, {"trade_id": 143063275, "side": "sell", "size": "1.60000000", "price": "0.72970000", "time": "2025-07-11T17:37:20.735006Z", "fetched_at": "2025-07-11T17:39:34.477592+00:00", "symbol": "ADA-USD"}