[{"trade_id": 850021875, "side": "sell", "size": "0.00084478", "price": "117851.54000000", "time": "2025-07-16T00:39:32.514269Z", "fetched_at": "2025-07-16T00:39:33.024943+00:00", "symbol": "BTC-USD"}, {"trade_id": 850021874, "side": "sell", "size": "0.00133911", "price": "117851.54000000", "time": "2025-07-16T00:39:32.514269Z", "fetched_at": "2025-07-16T00:39:33.024943+00:00", "symbol": "BTC-USD"}, {"trade_id": 850021873, "side": "sell", "size": "0.00008507", "price": "117850.59000000", "time": "2025-07-16T00:39:32.514269Z", "fetched_at": "2025-07-16T00:39:33.024943+00:00", "symbol": "BTC-USD"}, {"trade_id": 850021872, "side": "sell", "size": "0.00008507", "price": "117850.59000000", "time": "2025-07-16T00:39:32.514269Z", "fetched_at": "2025-07-16T00:39:33.024943+00:00", "symbol": "BTC-USD"}, {"trade_id": 850021871, "side": "sell", "size": "0.00013111", "price": "117849.77000000", "time": "2025-07-16T00:39:32.514269Z", "fetched_at": "2025-07-16T00:39:33.024943+00:00", "symbol": "BTC-USD"}, {"trade_id": 850021870, "side": "sell", "size": "0.00003988", "price": "117849.77000000", "time": "2025-07-16T00:39:32.514269Z", "fetched_at": "2025-07-16T00:39:33.024943+00:00", "symbol": "BTC-USD"}, {"trade_id": 850021869, "side": "sell", "size": "0.00848554", "price": "117847.53000000", "time": "2025-07-16T00:39:32.130008Z", "fetched_at": "2025-07-16T00:39:33.024943+00:00", "symbol": "BTC-USD"}, {"trade_id": 850021868, "side": "sell", "size": "0.00001000", "price": "117846.04000000", "time": "2025-07-16T00:39:32.130008Z", "fetched_at": "2025-07-16T00:39:33.024943+00:00", "symbol": "BTC-USD"}, {"trade_id": 850021867, "side": "sell", "size": "0.00008800", "price": "117845.76000000", "time": "2025-07-16T00:39:32.130008Z", "fetched_at": "2025-07-16T00:39:33.024943+00:00", "symbol": "BTC-USD"}, {"trade_id": 850021866, "side": "sell", "size": "0.00000212", "price": "117845.74000000", "time": "2025-07-16T00:39:32.130008Z", "fetched_at": "2025-07-16T00:39:33.024943+00:00", "symbol": "BTC-USD"}, {"trade_id": 850021865, "side": "sell", "size": "0.00000099", "price": "117845.70000000", "time": "2025-07-16T00:39:32.130008Z", "fetched_at": "2025-07-16T00:39:33.024943+00:00", "symbol": "BTC-USD"}, {"trade_id": 850021864, "side": "sell", "size": "0.00001034", "price": "117845.70000000", "time": "2025-07-16T00:39:32.130008Z", "fetched_at": "2025-07-16T00:39:33.024943+00:00", "symbol": "BTC-USD"}, {"trade_id": 850021863, "side": "sell", "size": "0.00000664", "price": "117845.70000000", "time": "2025-07-16T00:39:32.130008Z", "fetched_at": "2025-07-16T00:39:33.024943+00:00", "symbol": "BTC-USD"}, {"trade_id": 850021862, "side": "buy", "size": "0.00018512", "price": "117845.69000000", "time": "2025-07-16T00:39:31.981986Z", "fetched_at": "2025-07-16T00:39:33.024943+00:00", "symbol": "BTC-USD"}, {"trade_id": 850021861, "side": "sell", "size": "0.00412331", "price": "117845.70000000", "time": "2025-07-16T00:39:31.755402Z", "fetched_at": "2025-07-16T00:39:33.024943+00:00", "symbol": "BTC-USD"}, {"trade_id": 850021860, "side": "buy", "size": "0.00025540", "price": "117845.69000000", "time": "2025-07-16T00:39:31.504707Z", "fetched_at": "2025-07-16T00:39:33.024943+00:00", "symbol": "BTC-USD"}, {"trade_id": 850021859, "side": "buy", "size": "0.00004635", "price": "117845.69000000", "time": "2025-07-16T00:39:31.496587Z", "fetched_at": "2025-07-16T00:39:33.024943+00:00", "symbol": "BTC-USD"}, {"trade_id": 850021858, "side": "buy", "size": "0.00000008", "price": "117845.69000000", "time": "2025-07-16T00:39:31.485084Z", "fetched_at": "2025-07-16T00:39:33.024943+00:00", "symbol": "BTC-USD"}, {"trade_id": 850021857, "side": "sell", "size": "0.00082484", "price": "117845.70000000", "time": "2025-07-16T00:39:31.473724Z", "fetched_at": "2025-07-16T00:39:33.024943+00:00", "symbol": "BTC-USD"}, {"trade_id": 850021856, "side": "buy", "size": "0.00005856", "price": "117845.69000000", "time": "2025-07-16T00:39:31.468223Z", "fetched_at": "2025-07-16T00:39:33.024943+00:00", "symbol": "BTC-USD"}, {"trade_id": 850021855, "side": "buy", "size": "0.00001000", "price": "117845.69000000", "time": "2025-07-16T00:39:31.468223Z", "fetched_at": "2025-07-16T00:39:33.024943+00:00", "symbol": "BTC-USD"}, {"trade_id": 850021854, "side": "sell", "size": "0.00008241", "price": "117845.70000000", "time": "2025-07-16T00:39:30.904146Z", "fetched_at": "2025-07-16T00:39:33.024943+00:00", "symbol": "BTC-USD"}, {"trade_id": 850021853, "side": "sell", "size": "0.00043272", "price": "117845.70000000", "time": "2025-07-16T00:39:30.539993Z", "fetched_at": "2025-07-16T00:39:33.024943+00:00", "symbol": "BTC-USD"}, {"trade_id": 850021852, "side": "sell", "size": "0.00084516", "price": "117845.70000000", "time": "2025-07-16T00:39:30.221717Z", "fetched_at": "2025-07-16T00:39:33.024943+00:00", "symbol": "BTC-USD"}, {"trade_id": 850021851, "side": "sell", "size": "0.02473889", "price": "117845.70000000", "time": "2025-07-16T00:39:29.692361Z", "fetched_at": "2025-07-16T00:39:33.024943+00:00", "symbol": "BTC-USD"}, {"trade_id": 850021850, "side": "sell", "size": "0.00757033", "price": "117845.70000000", "time": "2025-07-16T00:39:28.977432Z", "fetched_at": "2025-07-16T00:39:33.024943+00:00", "symbol": "BTC-USD"}, {"trade_id": 850021849, "side": "sell", "size": "0.00017147", "price": "117845.70000000", "time": "2025-07-16T00:39:28.220465Z", "fetched_at": "2025-07-16T00:39:33.024943+00:00", "symbol": "BTC-USD"}, {"trade_id": 850021848, "side": "sell", "size": "0.00041234", "price": "117845.70000000", "time": "2025-07-16T00:39:28.087450Z", "fetched_at": "2025-07-16T00:39:33.024943+00:00", "symbol": "BTC-USD"}, {"trade_id": 850021847, "side": "sell", "size": "0.00000137", "price": "117845.70000000", "time": "2025-07-16T00:39:27.497937Z", "fetched_at": "2025-07-16T00:39:33.024943+00:00", "symbol": "BTC-USD"}, {"trade_id": 850021846, "side": "sell", "size": "0.00041239", "price": "117845.74000000", "time": "2025-07-16T00:39:26.490897Z", "fetched_at": "2025-07-16T00:39:33.024943+00:00", "symbol": "BTC-USD"}, {"trade_id": 850021845, "side": "sell", "size": "0.00003097", "price": "117845.74000000", "time": "2025-07-16T00:39:26.396380Z", "fetched_at": "2025-07-16T00:39:33.024943+00:00", "symbol": "BTC-USD"}, {"trade_id": 850021844, "side": "buy", "size": "0.00005143", "price": "117844.41000000", "time": "2025-07-16T00:39:26.240764Z", "fetched_at": "2025-07-16T00:39:33.024943+00:00", "symbol": "BTC-USD"}, {"trade_id": 850021843, "side": "sell", "size": "0.00226284", "price": "117845.77000000", "time": "2025-07-16T00:39:25.658500Z", "fetched_at": "2025-07-16T00:39:33.024943+00:00", "symbol": "BTC-USD"}, {"trade_id": 850021842, "side": "sell", "size": "0.00018132", "price": "117845.75000000", "time": "2025-07-16T00:39:25.658500Z", "fetched_at": "2025-07-16T00:39:33.024943+00:00", "symbol": "BTC-USD"}, {"trade_id": 850021841, "side": "sell", "size": "0.00005380", "price": "117845.74000000", "time": "2025-07-16T00:39:25.658500Z", "fetched_at": "2025-07-16T00:39:33.024943+00:00", "symbol": "BTC-USD"}, {"trade_id": 850021840, "side": "buy", "size": "0.01296559", "price": "117842.51000000", "time": "2025-07-16T00:39:25.608776Z", "fetched_at": "2025-07-16T00:39:33.024943+00:00", "symbol": "BTC-USD"}, {"trade_id": 850021839, "side": "buy", "size": "0.00009335", "price": "117842.52000000", "time": "2025-07-16T00:39:25.608776Z", "fetched_at": "2025-07-16T00:39:33.024943+00:00", "symbol": "BTC-USD"}, {"trade_id": 850021838, "side": "buy", "size": "0.00099156", "price": "117844.27000000", "time": "2025-07-16T00:39:25.608776Z", "fetched_at": "2025-07-16T00:39:33.024943+00:00", "symbol": "BTC-USD"}, {"trade_id": 850021837, "side": "buy", "size": "0.00000900", "price": "117844.27000000", "time": "2025-07-16T00:39:25.608776Z", "fetched_at": "2025-07-16T00:39:33.024943+00:00", "symbol": "BTC-USD"}, {"trade_id": 850021836, "side": "buy", "size": "0.00003264", "price": "117844.27000000", "time": "2025-07-16T00:39:25.608776Z", "fetched_at": "2025-07-16T00:39:33.024943+00:00", "symbol": "BTC-USD"}, {"trade_id": 850021835, "side": "buy", "size": "0.02031700", "price": "117844.27000000", "time": "2025-07-16T00:39:25.608776Z", "fetched_at": "2025-07-16T00:39:33.024943+00:00", "symbol": "BTC-USD"}, {"trade_id": 850021834, "side": "sell", "size": "0.00000741", "price": "117845.80000000", "time": "2025-07-16T00:39:25.422233Z", "fetched_at": "2025-07-16T00:39:33.024943+00:00", "symbol": "BTC-USD"}, {"trade_id": 850021833, "side": "sell", "size": "0.02512935", "price": "117845.85000000", "time": "2025-07-16T00:39:25.210267Z", "fetched_at": "2025-07-16T00:39:33.024943+00:00", "symbol": "BTC-USD"}, {"trade_id": 850021832, "side": "sell", "size": "0.00007761", "price": "117845.84000000", "time": "2025-07-16T00:39:25.210267Z", "fetched_at": "2025-07-16T00:39:33.024943+00:00", "symbol": "BTC-USD"}, {"trade_id": 850021831, "side": "sell", "size": "0.00016168", "price": "117845.92000000", "time": "2025-07-16T00:39:24.796717Z", "fetched_at": "2025-07-16T00:39:33.024943+00:00", "symbol": "BTC-USD"}, {"trade_id": 850021830, "side": "sell", "size": "0.00007980", "price": "117845.91000000", "time": "2025-07-16T00:39:24.796717Z", "fetched_at": "2025-07-16T00:39:33.024943+00:00", "symbol": "BTC-USD"}, {"trade_id": 850021829, "side": "sell", "size": "0.00173178", "price": "117841.92000000", "time": "2025-07-16T00:39:24.632367Z", "fetched_at": "2025-07-16T00:39:33.024943+00:00", "symbol": "BTC-USD"}, {"trade_id": 850021828, "side": "sell", "size": "0.00001504", "price": "117840.16000000", "time": "2025-07-16T00:39:24.632367Z", "fetched_at": "2025-07-16T00:39:33.024943+00:00", "symbol": "BTC-USD"}, {"trade_id": 850021827, "side": "sell", "size": "0.00002124", "price": "117840.16000000", "time": "2025-07-16T00:39:24.632367Z", "fetched_at": "2025-07-16T00:39:33.024943+00:00", "symbol": "BTC-USD"}, {"trade_id": 850021826, "side": "sell", "size": "0.00000839", "price": "117840.16000000", "time": "2025-07-16T00:39:24.632367Z", "fetched_at": "2025-07-16T00:39:33.024943+00:00", "symbol": "BTC-USD"}, {"trade_id": 850021825, "side": "sell", "size": "0.00016008", "price": "117840.16000000", "time": "2025-07-16T00:39:24.632367Z", "fetched_at": "2025-07-16T00:39:33.024943+00:00", "symbol": "BTC-USD"}, {"trade_id": 850021824, "side": "sell", "size": "0.00000209", "price": "117840.16000000", "time": "2025-07-16T00:39:24.632367Z", "fetched_at": "2025-07-16T00:39:33.024943+00:00", "symbol": "BTC-USD"}, {"trade_id": 850021823, "side": "sell", "size": "0.00000020", "price": "117840.16000000", "time": "2025-07-16T00:39:24.153206Z", "fetched_at": "2025-07-16T00:39:33.024943+00:00", "symbol": "BTC-USD"}, {"trade_id": 850021822, "side": "sell", "size": "0.00041222", "price": "117840.16000000", "time": "2025-07-16T00:39:24.153206Z", "fetched_at": "2025-07-16T00:39:33.024943+00:00", "symbol": "BTC-USD"}, {"trade_id": 850021821, "side": "sell", "size": "0.00294081", "price": "117840.16000000", "time": "2025-07-16T00:39:23.255843Z", "fetched_at": "2025-07-16T00:39:33.024943+00:00", "symbol": "BTC-USD"}, {"trade_id": 850021820, "side": "sell", "size": "0.00041239", "price": "117840.16000000", "time": "2025-07-16T00:39:23.167242Z", "fetched_at": "2025-07-16T00:39:33.024943+00:00", "symbol": "BTC-USD"}, {"trade_id": 850021819, "side": "sell", "size": "0.00040247", "price": "117840.16000000", "time": "2025-07-16T00:39:22.331454Z", "fetched_at": "2025-07-16T00:39:33.024943+00:00", "symbol": "BTC-USD"}, {"trade_id": 850021818, "side": "sell", "size": "0.00008403", "price": "117840.16000000", "time": "2025-07-16T00:39:21.438506Z", "fetched_at": "2025-07-16T00:39:33.024943+00:00", "symbol": "BTC-USD"}, {"trade_id": 850021817, "side": "sell", "size": "0.00011125", "price": "117840.16000000", "time": "2025-07-16T00:39:20.650621Z", "fetched_at": "2025-07-16T00:39:33.024943+00:00", "symbol": "BTC-USD"}, {"trade_id": 850021816, "side": "sell", "size": "0.00004201", "price": "117838.00000000", "time": "2025-07-16T00:39:20.650621Z", "fetched_at": "2025-07-16T00:39:33.024943+00:00", "symbol": "BTC-USD"}, {"trade_id": 850021815, "side": "sell", "size": "0.00005680", "price": "117838.00000000", "time": "2025-07-16T00:39:20.650621Z", "fetched_at": "2025-07-16T00:39:33.024943+00:00", "symbol": "BTC-USD"}, {"trade_id": 850021814, "side": "buy", "size": "0.00019997", "price": "117837.99000000", "time": "2025-07-16T00:39:20.556481Z", "fetched_at": "2025-07-16T00:39:33.024943+00:00", "symbol": "BTC-USD"}, {"trade_id": 850021813, "side": "buy", "size": "0.00076109", "price": "117837.99000000", "time": "2025-07-16T00:39:20.262701Z", "fetched_at": "2025-07-16T00:39:33.024943+00:00", "symbol": "BTC-USD"}, {"trade_id": 850021812, "side": "sell", "size": "0.00006126", "price": "117838.00000000", "time": "2025-07-16T00:39:19.580310Z", "fetched_at": "2025-07-16T00:39:33.024943+00:00", "symbol": "BTC-USD"}, {"trade_id": 850021811, "side": "sell", "size": "0.00008403", "price": "117838.00000000", "time": "2025-07-16T00:39:19.318947Z", "fetched_at": "2025-07-16T00:39:33.024943+00:00", "symbol": "BTC-USD"}, {"trade_id": 850021810, "side": "buy", "size": "0.00942992", "price": "117837.99000000", "time": "2025-07-16T00:39:19.071429Z", "fetched_at": "2025-07-16T00:39:33.024943+00:00", "symbol": "BTC-USD"}, {"trade_id": 850021809, "side": "sell", "size": "0.00000630", "price": "117838.00000000", "time": "2025-07-16T00:39:18.885648Z", "fetched_at": "2025-07-16T00:39:33.024943+00:00", "symbol": "BTC-USD"}, {"trade_id": 850021808, "side": "sell", "size": "0.00000924", "price": "117838.00000000", "time": "2025-07-16T00:39:18.404713Z", "fetched_at": "2025-07-16T00:39:33.024943+00:00", "symbol": "BTC-USD"}, {"trade_id": 850021807, "side": "sell", "size": "0.00064480", "price": "117840.16000000", "time": "2025-07-16T00:39:17.959058Z", "fetched_at": "2025-07-16T00:39:33.024943+00:00", "symbol": "BTC-USD"}, {"trade_id": 850021806, "side": "sell", "size": "0.00008193", "price": "117840.16000000", "time": "2025-07-16T00:39:17.717792Z", "fetched_at": "2025-07-16T00:39:33.024943+00:00", "symbol": "BTC-USD"}, {"trade_id": 850021805, "side": "sell", "size": "0.00009525", "price": "117840.16000000", "time": "2025-07-16T00:39:17.647165Z", "fetched_at": "2025-07-16T00:39:33.024943+00:00", "symbol": "BTC-USD"}, {"trade_id": 850021804, "side": "sell", "size": "0.00004776", "price": "117838.00000000", "time": "2025-07-16T00:39:17.647165Z", "fetched_at": "2025-07-16T00:39:33.024943+00:00", "symbol": "BTC-USD"}, {"trade_id": 850021803, "side": "sell", "size": "0.00084023", "price": "117840.16000000", "time": "2025-07-16T00:39:16.893143Z", "fetched_at": "2025-07-16T00:39:33.024943+00:00", "symbol": "BTC-USD"}, {"trade_id": 850021802, "side": "sell", "size": "0.00119126", "price": "117840.15000000", "time": "2025-07-16T00:39:16.701789Z", "fetched_at": "2025-07-16T00:39:33.024943+00:00", "symbol": "BTC-USD"}, {"trade_id": 850021801, "side": "sell", "size": "0.00000562", "price": "117839.77000000", "time": "2025-07-16T00:39:16.701789Z", "fetched_at": "2025-07-16T00:39:33.024943+00:00", "symbol": "BTC-USD"}, {"trade_id": 850021800, "side": "sell", "size": "0.00000203", "price": "117839.77000000", "time": "2025-07-16T00:39:16.701789Z", "fetched_at": "2025-07-16T00:39:33.024943+00:00", "symbol": "BTC-USD"}, {"trade_id": 850021799, "side": "sell", "size": "0.00000489", "price": "117839.77000000", "time": "2025-07-16T00:39:16.701789Z", "fetched_at": "2025-07-16T00:39:33.024943+00:00", "symbol": "BTC-USD"}, {"trade_id": 850021798, "side": "sell", "size": "0.00000047", "price": "117838.01000000", "time": "2025-07-16T00:39:16.701789Z", "fetched_at": "2025-07-16T00:39:33.024943+00:00", "symbol": "BTC-USD"}, {"trade_id": 850021797, "side": "sell", "size": "0.00005618", "price": "117838.01000000", "time": "2025-07-16T00:39:16.701789Z", "fetched_at": "2025-07-16T00:39:33.024943+00:00", "symbol": "BTC-USD"}, {"trade_id": 850021796, "side": "buy", "size": "0.00100464", "price": "117838.00000000", "time": "2025-07-16T00:39:16.697359Z", "fetched_at": "2025-07-16T00:39:33.024943+00:00", "symbol": "BTC-USD"}, {"trade_id": 850021795, "side": "sell", "size": "0.00051208", "price": "117839.77000000", "time": "2025-07-16T00:39:16.232236Z", "fetched_at": "2025-07-16T00:39:33.024943+00:00", "symbol": "BTC-USD"}, {"trade_id": 850021794, "side": "sell", "size": "0.00000956", "price": "117838.00000000", "time": "2025-07-16T00:39:16.232236Z", "fetched_at": "2025-07-16T00:39:33.024943+00:00", "symbol": "BTC-USD"}, {"trade_id": 850021793, "side": "sell", "size": "0.00002068", "price": "117838.00000000", "time": "2025-07-16T00:39:16.232236Z", "fetched_at": "2025-07-16T00:39:33.024943+00:00", "symbol": "BTC-USD"}, {"trade_id": 850021792, "side": "sell", "size": "0.00000254", "price": "117838.00000000", "time": "2025-07-16T00:39:16.232236Z", "fetched_at": "2025-07-16T00:39:33.024943+00:00", "symbol": "BTC-USD"}, {"trade_id": 850021791, "side": "sell", "size": "0.00020209", "price": "117838.00000000", "time": "2025-07-16T00:39:16.232236Z", "fetched_at": "2025-07-16T00:39:33.024943+00:00", "symbol": "BTC-USD"}, {"trade_id": 850021790, "side": "sell", "size": "0.00007789", "price": "117838.00000000", "time": "2025-07-16T00:39:16.232236Z", "fetched_at": "2025-07-16T00:39:33.024943+00:00", "symbol": "BTC-USD"}, {"trade_id": 850021789, "side": "buy", "size": "0.00000029", "price": "117837.99000000", "time": "2025-07-16T00:39:15.127718Z", "fetched_at": "2025-07-16T00:39:33.024943+00:00", "symbol": "BTC-USD"}, {"trade_id": 850021788, "side": "sell", "size": "0.00068544", "price": "117840.16000000", "time": "2025-07-16T00:39:15.011824Z", "fetched_at": "2025-07-16T00:39:33.024943+00:00", "symbol": "BTC-USD"}, {"trade_id": 850021787, "side": "sell", "size": "0.00217238", "price": "117840.16000000", "time": "2025-07-16T00:39:14.797998Z", "fetched_at": "2025-07-16T00:39:33.024943+00:00", "symbol": "BTC-USD"}, {"trade_id": 850021786, "side": "sell", "size": "0.00008171", "price": "117840.15000000", "time": "2025-07-16T00:39:14.797998Z", "fetched_at": "2025-07-16T00:39:33.024943+00:00", "symbol": "BTC-USD"}, {"trade_id": 850021785, "side": "sell", "size": "0.00017544", "price": "117840.16000000", "time": "2025-07-16T00:39:14.488887Z", "fetched_at": "2025-07-16T00:39:33.024943+00:00", "symbol": "BTC-USD"}, {"trade_id": 850021784, "side": "sell", "size": "0.00008631", "price": "117840.15000000", "time": "2025-07-16T00:39:14.488887Z", "fetched_at": "2025-07-16T00:39:33.024943+00:00", "symbol": "BTC-USD"}, {"trade_id": 850021783, "side": "sell", "size": "0.00001000", "price": "117837.20000000", "time": "2025-07-16T00:39:14.488887Z", "fetched_at": "2025-07-16T00:39:33.024943+00:00", "symbol": "BTC-USD"}, {"trade_id": 850021782, "side": "sell", "size": "0.00001000", "price": "117828.36000000", "time": "2025-07-16T00:39:14.488887Z", "fetched_at": "2025-07-16T00:39:33.024943+00:00", "symbol": "BTC-USD"}, {"trade_id": 850021781, "side": "sell", "size": "0.00049535", "price": "117825.63000000", "time": "2025-07-16T00:39:14.368753Z", "fetched_at": "2025-07-16T00:39:33.024943+00:00", "symbol": "BTC-USD"}, {"trade_id": 850021780, "side": "sell", "size": "0.00848707", "price": "117826.35000000", "time": "2025-07-16T00:39:14.365808Z", "fetched_at": "2025-07-16T00:39:33.024943+00:00", "symbol": "BTC-USD"}, {"trade_id": 850021779, "side": "sell", "size": "0.00000093", "price": "117824.58000000", "time": "2025-07-16T00:39:14.362491Z", "fetched_at": "2025-07-16T00:39:33.024943+00:00", "symbol": "BTC-USD"}, {"trade_id": 850021778, "side": "sell", "size": "0.00008622", "price": "117824.58000000", "time": "2025-07-16T00:39:14.362491Z", "fetched_at": "2025-07-16T00:39:33.024943+00:00", "symbol": "BTC-USD"}, {"trade_id": 850021777, "side": "sell", "size": "0.00020070", "price": "117824.58000000", "time": "2025-07-16T00:39:14.362491Z", "fetched_at": "2025-07-16T00:39:33.024943+00:00", "symbol": "BTC-USD"}, {"trade_id": 850021776, "side": "sell", "size": "0.00000372", "price": "117824.58000000", "time": "2025-07-16T00:39:14.362491Z", "fetched_at": "2025-07-16T00:39:33.024943+00:00", "symbol": "BTC-USD"}, {"trade_id": 850021775, "side": "sell", "size": "0.00000169", "price": "117824.58000000", "time": "2025-07-16T00:39:14.362491Z", "fetched_at": "2025-07-16T00:39:33.024943+00:00", "symbol": "BTC-USD"}, {"trade_id": 850021774, "side": "sell", "size": "0.00002613", "price": "117824.58000000", "time": "2025-07-16T00:39:14.362491Z", "fetched_at": "2025-07-16T00:39:33.024943+00:00", "symbol": "BTC-USD"}, {"trade_id": 850021773, "side": "sell", "size": "0.01004015", "price": "117824.58000000", "time": "2025-07-16T00:39:14.359330Z", "fetched_at": "2025-07-16T00:39:33.024943+00:00", "symbol": "BTC-USD"}, {"trade_id": 850021772, "side": "sell", "size": "0.12954464", "price": "117824.58000000", "time": "2025-07-16T00:39:14.356136Z", "fetched_at": "2025-07-16T00:39:33.024943+00:00", "symbol": "BTC-USD"}, {"trade_id": 850021771, "side": "sell", "size": "0.00762661", "price": "117824.58000000", "time": "2025-07-16T00:39:14.346207Z", "fetched_at": "2025-07-16T00:39:33.024943+00:00", "symbol": "BTC-USD"}, {"trade_id": 850021770, "side": "buy", "size": "0.00003378", "price": "117824.57000000", "time": "2025-07-16T00:39:14.263333Z", "fetched_at": "2025-07-16T00:39:33.024943+00:00", "symbol": "BTC-USD"}, {"trade_id": 850021769, "side": "buy", "size": "0.00002517", "price": "117824.57000000", "time": "2025-07-16T00:39:14.094520Z", "fetched_at": "2025-07-16T00:39:33.024943+00:00", "symbol": "BTC-USD"}, {"trade_id": 850021768, "side": "sell", "size": "0.00003302", "price": "117824.58000000", "time": "2025-07-16T00:39:14.007768Z", "fetched_at": "2025-07-16T00:39:33.024943+00:00", "symbol": "BTC-USD"}, {"trade_id": 850021767, "side": "sell", "size": "0.00412402", "price": "117824.58000000", "time": "2025-07-16T00:39:13.732094Z", "fetched_at": "2025-07-16T00:39:33.024943+00:00", "symbol": "BTC-USD"}, {"trade_id": 850021766, "side": "sell", "size": "0.04307485", "price": "117824.58000000", "time": "2025-07-16T00:39:13.564131Z", "fetched_at": "2025-07-16T00:39:33.024943+00:00", "symbol": "BTC-USD"}, {"trade_id": 850021765, "side": "sell", "size": "0.17597280", "price": "117824.58000000", "time": "2025-07-16T00:39:13.522656Z", "fetched_at": "2025-07-16T00:39:33.024943+00:00", "symbol": "BTC-USD"}, {"trade_id": 850021764, "side": "sell", "size": "0.00008192", "price": "117824.58000000", "time": "2025-07-16T00:39:13.506053Z", "fetched_at": "2025-07-16T00:39:33.024943+00:00", "symbol": "BTC-USD"}, {"trade_id": 850021763, "side": "sell", "size": "0.00273086", "price": "117824.58000000", "time": "2025-07-16T00:39:13.153465Z", "fetched_at": "2025-07-16T00:39:33.024943+00:00", "symbol": "BTC-USD"}, {"trade_id": 850021762, "side": "sell", "size": "0.00004832", "price": "117824.58000000", "time": "2025-07-16T00:39:13.086881Z", "fetched_at": "2025-07-16T00:39:33.024943+00:00", "symbol": "BTC-USD"}, {"trade_id": 850021761, "side": "sell", "size": "0.00041242", "price": "117824.58000000", "time": "2025-07-16T00:39:13.006419Z", "fetched_at": "2025-07-16T00:39:33.024943+00:00", "symbol": "BTC-USD"}, {"trade_id": 850021760, "side": "sell", "size": "0.00020621", "price": "117824.58000000", "time": "2025-07-16T00:39:12.827325Z", "fetched_at": "2025-07-16T00:39:33.024943+00:00", "symbol": "BTC-USD"}, {"trade_id": 850021759, "side": "sell", "size": "0.00008403", "price": "117824.58000000", "time": "2025-07-16T00:39:12.497011Z", "fetched_at": "2025-07-16T00:39:33.024943+00:00", "symbol": "BTC-USD"}, {"trade_id": 850021758, "side": "buy", "size": "0.00598347", "price": "117824.57000000", "time": "2025-07-16T00:39:12.306003Z", "fetched_at": "2025-07-16T00:39:33.024943+00:00", "symbol": "BTC-USD"}, {"trade_id": 850021757, "side": "sell", "size": "0.00201260", "price": "117824.58000000", "time": "2025-07-16T00:39:12.174204Z", "fetched_at": "2025-07-16T00:39:33.024943+00:00", "symbol": "BTC-USD"}, {"trade_id": 850021756, "side": "sell", "size": "0.00032963", "price": "117824.58000000", "time": "2025-07-16T00:39:12.131169Z", "fetched_at": "2025-07-16T00:39:33.024943+00:00", "symbol": "BTC-USD"}, {"trade_id": 850021755, "side": "sell", "size": "0.00805067", "price": "117824.58000000", "time": "2025-07-16T00:39:11.474760Z", "fetched_at": "2025-07-16T00:39:33.024943+00:00", "symbol": "BTC-USD"}, {"trade_id": 850021754, "side": "buy", "size": "0.00012000", "price": "117824.57000000", "time": "2025-07-16T00:39:10.577582Z", "fetched_at": "2025-07-16T00:39:33.024943+00:00", "symbol": "BTC-USD"}, {"trade_id": 850021753, "side": "sell", "size": "0.00041241", "price": "117824.58000000", "time": "2025-07-16T00:39:10.354452Z", "fetched_at": "2025-07-16T00:39:33.024943+00:00", "symbol": "BTC-USD"}, {"trade_id": 850021752, "side": "sell", "size": "0.00020621", "price": "117824.58000000", "time": "2025-07-16T00:39:10.307383Z", "fetched_at": "2025-07-16T00:39:33.024943+00:00", "symbol": "BTC-USD"}, {"trade_id": 850021751, "side": "sell", "size": "0.00000933", "price": "117824.58000000", "time": "2025-07-16T00:39:10.111578Z", "fetched_at": "2025-07-16T00:39:33.024943+00:00", "symbol": "BTC-USD"}, {"trade_id": 850021750, "side": "sell", "size": "0.00103101", "price": "117824.58000000", "time": "2025-07-16T00:39:09.933164Z", "fetched_at": "2025-07-16T00:39:33.024943+00:00", "symbol": "BTC-USD"}, {"trade_id": 850021749, "side": "sell", "size": "0.00082484", "price": "117824.58000000", "time": "2025-07-16T00:39:09.143457Z", "fetched_at": "2025-07-16T00:39:33.024943+00:00", "symbol": "BTC-USD"}, {"trade_id": 850021748, "side": "sell", "size": "0.00000840", "price": "117824.58000000", "time": "2025-07-16T00:39:09.062879Z", "fetched_at": "2025-07-16T00:39:33.024943+00:00", "symbol": "BTC-USD"}, {"trade_id": 850021747, "side": "sell", "size": "0.00381000", "price": "117824.58000000", "time": "2025-07-16T00:39:08.967995Z", "fetched_at": "2025-07-16T00:39:33.024943+00:00", "symbol": "BTC-USD"}, {"trade_id": 850021746, "side": "sell", "size": "0.00040249", "price": "117824.58000000", "time": "2025-07-16T00:39:08.475144Z", "fetched_at": "2025-07-16T00:39:33.024943+00:00", "symbol": "BTC-USD"}, {"trade_id": 850021745, "side": "sell", "size": "0.00402532", "price": "117824.58000000", "time": "2025-07-16T00:39:08.424193Z", "fetched_at": "2025-07-16T00:39:33.024943+00:00", "symbol": "BTC-USD"}, {"trade_id": 850021744, "side": "sell", "size": "0.00036843", "price": "117824.58000000", "time": "2025-07-16T00:39:08.232214Z", "fetched_at": "2025-07-16T00:39:33.024943+00:00", "symbol": "BTC-USD"}, {"trade_id": 850021743, "side": "sell", "size": "0.00168060", "price": "117824.58000000", "time": "2025-07-16T00:39:07.750608Z", "fetched_at": "2025-07-16T00:39:33.024943+00:00", "symbol": "BTC-USD"}, {"trade_id": 850021742, "side": "sell", "size": "0.00003991", "price": "117824.58000000", "time": "2025-07-16T00:39:07.493182Z", "fetched_at": "2025-07-16T00:39:33.024943+00:00", "symbol": "BTC-USD"}, {"trade_id": 850021741, "side": "sell", "size": "0.00247449", "price": "117824.58000000", "time": "2025-07-16T00:39:07.058732Z", "fetched_at": "2025-07-16T00:39:33.024943+00:00", "symbol": "BTC-USD"}, {"trade_id": 850021740, "side": "sell", "size": "0.05000000", "price": "117824.58000000", "time": "2025-07-16T00:39:06.810797Z", "fetched_at": "2025-07-16T00:39:33.024943+00:00", "symbol": "BTC-USD"}, {"trade_id": 850021739, "side": "sell", "size": "0.00420145", "price": "117824.58000000", "time": "2025-07-16T00:39:06.411260Z", "fetched_at": "2025-07-16T00:39:33.024943+00:00", "symbol": "BTC-USD"}, {"trade_id": 850021738, "side": "buy", "size": "0.00003005", "price": "117824.57000000", "time": "2025-07-16T00:39:06.183694Z", "fetched_at": "2025-07-16T00:39:33.024943+00:00", "symbol": "BTC-USD"}, {"trade_id": 850021737, "side": "sell", "size": "0.00840264", "price": "117824.58000000", "time": "2025-07-16T00:39:05.885500Z", "fetched_at": "2025-07-16T00:39:33.024943+00:00", "symbol": "BTC-USD"}, {"trade_id": 850021736, "side": "sell", "size": "0.00084659", "price": "117824.58000000", "time": "2025-07-16T00:39:05.769361Z", "fetched_at": "2025-07-16T00:39:33.024943+00:00", "symbol": "BTC-USD"}, {"trade_id": 850021735, "side": "sell", "size": "0.00021007", "price": "117824.58000000", "time": "2025-07-16T00:39:05.743491Z", "fetched_at": "2025-07-16T00:39:33.024943+00:00", "symbol": "BTC-USD"}, {"trade_id": 850021734, "side": "sell", "size": "0.00020621", "price": "117824.58000000", "time": "2025-07-16T00:39:05.405889Z", "fetched_at": "2025-07-16T00:39:33.024943+00:00", "symbol": "BTC-USD"}, {"trade_id": 850021733, "side": "sell", "size": "0.00041242", "price": "117824.58000000", "time": "2025-07-16T00:39:05.366522Z", "fetched_at": "2025-07-16T00:39:33.024943+00:00", "symbol": "BTC-USD"}, {"trade_id": 850021732, "side": "sell", "size": "0.00004728", "price": "117824.58000000", "time": "2025-07-16T00:39:05.348306Z", "fetched_at": "2025-07-16T00:39:33.024943+00:00", "symbol": "BTC-USD"}, {"trade_id": 850021731, "side": "sell", "size": "0.00000679", "price": "117820.15000000", "time": "2025-07-16T00:39:05.348306Z", "fetched_at": "2025-07-16T00:39:33.024943+00:00", "symbol": "BTC-USD"}, {"trade_id": 850021730, "side": "sell", "size": "0.00000664", "price": "117820.00000000", "time": "2025-07-16T00:39:05.348306Z", "fetched_at": "2025-07-16T00:39:33.024943+00:00", "symbol": "BTC-USD"}, {"trade_id": 850021729, "side": "sell", "size": "0.00000212", "price": "117820.00000000", "time": "2025-07-16T00:39:05.348306Z", "fetched_at": "2025-07-16T00:39:33.024943+00:00", "symbol": "BTC-USD"}, {"trade_id": 850021728, "side": "sell", "size": "0.00001767", "price": "117820.00000000", "time": "2025-07-16T00:39:05.348306Z", "fetched_at": "2025-07-16T00:39:33.024943+00:00", "symbol": "BTC-USD"}, {"trade_id": 850021727, "side": "sell", "size": "0.00154106", "price": "117820.00000000", "time": "2025-07-16T00:39:05.302442Z", "fetched_at": "2025-07-16T00:39:33.024943+00:00", "symbol": "BTC-USD"}, {"trade_id": 850021726, "side": "sell", "size": "0.00000188", "price": "117820.00000000", "time": "2025-07-16T00:39:05.302442Z", "fetched_at": "2025-07-16T00:39:33.024943+00:00", "symbol": "BTC-USD"}, {"trade_id": 850021725, "side": "sell", "size": "0.00019882", "price": "117820.00000000", "time": "2025-07-16T00:39:05.302442Z", "fetched_at": "2025-07-16T00:39:33.024943+00:00", "symbol": "BTC-USD"}, {"trade_id": 850021724, "side": "sell", "size": "0.00000568", "price": "117820.00000000", "time": "2025-07-16T00:39:05.302442Z", "fetched_at": "2025-07-16T00:39:33.024943+00:00", "symbol": "BTC-USD"}, {"trade_id": 850021723, "side": "sell", "size": "0.00004648", "price": "117820.00000000", "time": "2025-07-16T00:39:05.302442Z", "fetched_at": "2025-07-16T00:39:33.024943+00:00", "symbol": "BTC-USD"}, {"trade_id": 850021722, "side": "sell", "size": "0.10161020", "price": "117820.00000000", "time": "2025-07-16T00:39:05.302442Z", "fetched_at": "2025-07-16T00:39:33.024943+00:00", "symbol": "BTC-USD"}, {"trade_id": 850021721, "side": "sell", "size": "0.00040250", "price": "117820.00000000", "time": "2025-07-16T00:39:05.270684Z", "fetched_at": "2025-07-16T00:39:33.024943+00:00", "symbol": "BTC-USD"}, {"trade_id": 850021720, "side": "sell", "size": "0.00012604", "price": "117820.00000000", "time": "2025-07-16T00:39:05.240548Z", "fetched_at": "2025-07-16T00:39:33.024943+00:00", "symbol": "BTC-USD"}, {"trade_id": 850021719, "side": "sell", "size": "0.00041241", "price": "117820.00000000", "time": "2025-07-16T00:39:05.196182Z", "fetched_at": "2025-07-16T00:39:33.024943+00:00", "symbol": "BTC-USD"}, {"trade_id": 850021718, "side": "sell", "size": "0.00016495", "price": "117820.00000000", "time": "2025-07-16T00:39:05.162868Z", "fetched_at": "2025-07-16T00:39:33.024943+00:00", "symbol": "BTC-USD"}, {"trade_id": 850021717, "side": "sell", "size": "0.00420149", "price": "117820.00000000", "time": "2025-07-16T00:39:05.124744Z", "fetched_at": "2025-07-16T00:39:33.024943+00:00", "symbol": "BTC-USD"}, {"trade_id": 850021716, "side": "sell", "size": "0.00008193", "price": "117820.00000000", "time": "2025-07-16T00:39:05.038016Z", "fetched_at": "2025-07-16T00:39:33.024943+00:00", "symbol": "BTC-USD"}, {"trade_id": 850021715, "side": "sell", "size": "0.00083865", "price": "117820.00000000", "time": "2025-07-16T00:39:04.839171Z", "fetched_at": "2025-07-16T00:39:33.024943+00:00", "symbol": "BTC-USD"}, {"trade_id": 850021714, "side": "sell", "size": "0.00008403", "price": "117820.00000000", "time": "2025-07-16T00:39:04.512723Z", "fetched_at": "2025-07-16T00:39:33.024943+00:00", "symbol": "BTC-USD"}, {"trade_id": 850021713, "side": "buy", "size": "0.00076576", "price": "117819.99000000", "time": "2025-07-16T00:39:04.511998Z", "fetched_at": "2025-07-16T00:39:33.024943+00:00", "symbol": "BTC-USD"}, {"trade_id": 850021712, "side": "sell", "size": "0.00021444", "price": "117820.00000000", "time": "2025-07-16T00:39:04.450948Z", "fetched_at": "2025-07-16T00:39:33.024943+00:00", "symbol": "BTC-USD"}, {"trade_id": 850021711, "side": "sell", "size": "0.00016100", "price": "117820.00000000", "time": "2025-07-16T00:39:04.268Z", "fetched_at": "2025-07-16T00:39:33.024943+00:00", "symbol": "BTC-USD"}, {"trade_id": 850021710, "side": "sell", "size": "0.00082484", "price": "117820.00000000", "time": "2025-07-16T00:39:04.245754Z", "fetched_at": "2025-07-16T00:39:33.024943+00:00", "symbol": "BTC-USD"}, {"trade_id": 850021709, "side": "sell", "size": "0.00003991", "price": "117820.00000000", "time": "2025-07-16T00:39:04.235873Z", "fetched_at": "2025-07-16T00:39:33.024943+00:00", "symbol": "BTC-USD"}, {"trade_id": 850021708, "side": "sell", "size": "0.00041241", "price": "117820.00000000", "time": "2025-07-16T00:39:04.104515Z", "fetched_at": "2025-07-16T00:39:33.024943+00:00", "symbol": "BTC-USD"}, {"trade_id": 850021707, "side": "sell", "size": "0.00040249", "price": "117820.00000000", "time": "2025-07-16T00:39:04.098745Z", "fetched_at": "2025-07-16T00:39:33.024943+00:00", "symbol": "BTC-USD"}, {"trade_id": 850021706, "side": "sell", "size": "0.00061863", "price": "117820.00000000", "time": "2025-07-16T00:39:03.983288Z", "fetched_at": "2025-07-16T00:39:33.024943+00:00", "symbol": "BTC-USD"}, {"trade_id": 850021705, "side": "sell", "size": "0.00003991", "price": "117820.00000000", "time": "2025-07-16T00:39:03.731019Z", "fetched_at": "2025-07-16T00:39:33.024943+00:00", "symbol": "BTC-USD"}, {"trade_id": 850021704, "side": "sell", "size": "0.00001210", "price": "117820.00000000", "time": "2025-07-16T00:39:03.714418Z", "fetched_at": "2025-07-16T00:39:33.024943+00:00", "symbol": "BTC-USD"}, {"trade_id": 850021703, "side": "sell", "size": "0.00041242", "price": "117820.00000000", "time": "2025-07-16T00:39:03.643358Z", "fetched_at": "2025-07-16T00:39:33.024943+00:00", "symbol": "BTC-USD"}, {"trade_id": 850021702, "side": "sell", "size": "0.00058915", "price": "117820.00000000", "time": "2025-07-16T00:39:03.566920Z", "fetched_at": "2025-07-16T00:39:33.024943+00:00", "symbol": "BTC-USD"}, {"trade_id": 850021701, "side": "buy", "size": "0.00000043", "price": "117819.99000000", "time": "2025-07-16T00:39:03.555090Z", "fetched_at": "2025-07-16T00:39:33.024943+00:00", "symbol": "BTC-USD"}, {"trade_id": 850021700, "side": "sell", "size": "0.00206209", "price": "117820.00000000", "time": "2025-07-16T00:39:03.532754Z", "fetched_at": "2025-07-16T00:39:33.024943+00:00", "symbol": "BTC-USD"}, {"trade_id": 850021699, "side": "sell", "size": "0.00040250", "price": "117820.00000000", "time": "2025-07-16T00:39:03.187847Z", "fetched_at": "2025-07-16T00:39:33.024943+00:00", "symbol": "BTC-USD"}, {"trade_id": 850021698, "side": "sell", "size": "0.00008050", "price": "117820.00000000", "time": "2025-07-16T00:39:02.987382Z", "fetched_at": "2025-07-16T00:39:33.024943+00:00", "symbol": "BTC-USD"}, {"trade_id": 850021697, "side": "sell", "size": "0.00041241", "price": "117820.00000000", "time": "2025-07-16T00:39:02.963930Z", "fetched_at": "2025-07-16T00:39:33.024943+00:00", "symbol": "BTC-USD"}, {"trade_id": 850021696, "side": "buy", "size": "0.00004269", "price": "117819.99000000", "time": "2025-07-16T00:39:02.953663Z", "fetched_at": "2025-07-16T00:39:33.024943+00:00", "symbol": "BTC-USD"}, {"trade_id": 850021695, "side": "sell", "size": "0.00011232", "price": "117820.00000000", "time": "2025-07-16T00:39:02.365634Z", "fetched_at": "2025-07-16T00:39:33.024943+00:00", "symbol": "BTC-USD"}, {"trade_id": 850021694, "side": "buy", "size": "0.00084456", "price": "117819.99000000", "time": "2025-07-16T00:39:01.809863Z", "fetched_at": "2025-07-16T00:39:33.024943+00:00", "symbol": "BTC-USD"}, {"trade_id": 850021693, "side": "buy", "size": "0.00578323", "price": "117819.99000000", "time": "2025-07-16T00:39:01.662721Z", "fetched_at": "2025-07-16T00:39:33.024943+00:00", "symbol": "BTC-USD"}, {"trade_id": 850021692, "side": "sell", "size": "0.00838686", "price": "117820.00000000", "time": "2025-07-16T00:39:01.361389Z", "fetched_at": "2025-07-16T00:39:33.024943+00:00", "symbol": "BTC-USD"}, {"trade_id": 850021691, "side": "sell", "size": "0.00044119", "price": "117820.00000000", "time": "2025-07-16T00:39:00.974209Z", "fetched_at": "2025-07-16T00:39:33.024943+00:00", "symbol": "BTC-USD"}, {"trade_id": 850021690, "side": "sell", "size": "0.00206218", "price": "117820.00000000", "time": "2025-07-16T00:39:00.954053Z", "fetched_at": "2025-07-16T00:39:33.024943+00:00", "symbol": "BTC-USD"}, {"trade_id": 850021689, "side": "buy", "size": "0.00275539", "price": "117819.99000000", "time": "2025-07-16T00:39:00.934654Z", "fetched_at": "2025-07-16T00:39:33.024943+00:00", "symbol": "BTC-USD"}, {"trade_id": 850021688, "side": "buy", "size": "0.00003087", "price": "117819.99000000", "time": "2025-07-16T00:39:00.934654Z", "fetched_at": "2025-07-16T00:39:33.024943+00:00", "symbol": "BTC-USD"}, {"trade_id": 850021687, "side": "buy", "size": "0.01874140", "price": "117819.99000000", "time": "2025-07-16T00:39:00.762506Z", "fetched_at": "2025-07-16T00:39:33.024943+00:00", "symbol": "BTC-USD"}, {"trade_id": 850021686, "side": "buy", "size": "0.00094299", "price": "117819.99000000", "time": "2025-07-16T00:39:00.531658Z", "fetched_at": "2025-07-16T00:39:33.024943+00:00", "symbol": "BTC-USD"}, {"trade_id": 850021685, "side": "buy", "size": "0.00000032", "price": "117819.99000000", "time": "2025-07-16T00:39:00.374669Z", "fetched_at": "2025-07-16T00:39:33.024943+00:00", "symbol": "BTC-USD"}, {"trade_id": 850021684, "side": "sell", "size": "0.00000789", "price": "117820.00000000", "time": "2025-07-16T00:38:59.029093Z", "fetched_at": "2025-07-16T00:39:33.024943+00:00", "symbol": "BTC-USD"}, {"trade_id": 850021683, "side": "buy", "size": "0.11471357", "price": "117819.99000000", "time": "2025-07-16T00:38:57.962809Z", "fetched_at": "2025-07-16T00:39:33.024943+00:00", "symbol": "BTC-USD"}, {"trade_id": 850021682, "side": "sell", "size": "0.00184173", "price": "117820.00000000", "time": "2025-07-16T00:38:57.942338Z", "fetched_at": "2025-07-16T00:39:33.024943+00:00", "symbol": "BTC-USD"}, {"trade_id": 850021681, "side": "sell", "size": "0.00007922", "price": "117819.99000000", "time": "2025-07-16T00:38:57.942338Z", "fetched_at": "2025-07-16T00:39:33.024943+00:00", "symbol": "BTC-USD"}, {"trade_id": 850021680, "side": "sell", "size": "0.00000664", "price": "117819.74000000", "time": "2025-07-16T00:38:57.942338Z", "fetched_at": "2025-07-16T00:39:33.024943+00:00", "symbol": "BTC-USD"}, {"trade_id": 850021679, "side": "sell", "size": "0.00000067", "price": "117818.66000000", "time": "2025-07-16T00:38:57.942338Z", "fetched_at": "2025-07-16T00:39:33.024943+00:00", "symbol": "BTC-USD"}, {"trade_id": 850021678, "side": "sell", "size": "0.00017249", "price": "117818.26000000", "time": "2025-07-16T00:38:57.942338Z", "fetched_at": "2025-07-16T00:39:33.024943+00:00", "symbol": "BTC-USD"}, {"trade_id": 850021677, "side": "sell", "size": "0.00023097", "price": "117816.48000000", "time": "2025-07-16T00:38:56.709593Z", "fetched_at": "2025-07-16T00:39:33.024943+00:00", "symbol": "BTC-USD"}, {"trade_id": 850021676, "side": "buy", "size": "0.00084878", "price": "117816.47000000", "time": "2025-07-16T00:38:56.676758Z", "fetched_at": "2025-07-16T00:39:33.024943+00:00", "symbol": "BTC-USD"}, {"trade_id": 850021675, "side": "sell", "size": "0.00004202", "price": "117816.48000000", "time": "2025-07-16T00:38:55.579879Z", "fetched_at": "2025-07-16T00:39:33.024943+00:00", "symbol": "BTC-USD"}, {"trade_id": 850021674, "side": "buy", "size": "0.00006563", "price": "117816.47000000", "time": "2025-07-16T00:38:55.548701Z", "fetched_at": "2025-07-16T00:39:33.024943+00:00", "symbol": "BTC-USD"}, {"trade_id": 850021673, "side": "sell", "size": "0.00824825", "price": "117816.48000000", "time": "2025-07-16T00:38:55.206584Z", "fetched_at": "2025-07-16T00:39:33.024943+00:00", "symbol": "BTC-USD"}, {"trade_id": 850021672, "side": "sell", "size": "0.00083867", "price": "117816.48000000", "time": "2025-07-16T00:38:54.860496Z", "fetched_at": "2025-07-16T00:39:33.024943+00:00", "symbol": "BTC-USD"}, {"trade_id": 850021671, "side": "sell", "size": "0.00023622", "price": "117816.48000000", "time": "2025-07-16T00:38:54.696644Z", "fetched_at": "2025-07-16T00:39:33.024943+00:00", "symbol": "BTC-USD"}, {"trade_id": 850021670, "side": "sell", "size": "0.00001504", "price": "117815.98000000", "time": "2025-07-16T00:38:54.696644Z", "fetched_at": "2025-07-16T00:39:33.024943+00:00", "symbol": "BTC-USD"}, {"trade_id": 850021669, "side": "sell", "size": "0.00008300", "price": "117815.23000000", "time": "2025-07-16T00:38:54.188789Z", "fetched_at": "2025-07-16T00:39:33.024943+00:00", "symbol": "BTC-USD"}, {"trade_id": 850021668, "side": "sell", "size": "0.00008506", "price": "117815.22000000", "time": "2025-07-16T00:38:54.188789Z", "fetched_at": "2025-07-16T00:39:33.024943+00:00", "symbol": "BTC-USD"}, {"trade_id": 850021667, "side": "sell", "size": "0.00111288", "price": "117815.23000000", "time": "2025-07-16T00:38:53.574Z", "fetched_at": "2025-07-16T00:39:33.024943+00:00", "symbol": "BTC-USD"}, {"trade_id": 850021666, "side": "sell", "size": "0.00000753", "price": "117815.22000000", "time": "2025-07-16T00:38:53.574Z", "fetched_at": "2025-07-16T00:39:33.024943+00:00", "symbol": "BTC-USD"}, {"trade_id": 850021665, "side": "sell", "size": "0.00008717", "price": "117815.21000000", "time": "2025-07-16T00:38:53.574Z", "fetched_at": "2025-07-16T00:39:33.024943+00:00", "symbol": "BTC-USD"}, {"trade_id": 850021664, "side": "buy", "size": "0.00002547", "price": "117810.08000000", "time": "2025-07-16T00:38:53.297418Z", "fetched_at": "2025-07-16T00:39:33.024943+00:00", "symbol": "BTC-USD"}, {"trade_id": 850021663, "side": "buy", "size": "0.03224022", "price": "117809.86000000", "time": "2025-07-16T00:38:52.415496Z", "fetched_at": "2025-07-16T00:39:33.024943+00:00", "symbol": "BTC-USD"}, {"trade_id": 850021662, "side": "buy", "size": "0.00000900", "price": "117809.87000000", "time": "2025-07-16T00:38:52.415496Z", "fetched_at": "2025-07-16T00:39:33.024943+00:00", "symbol": "BTC-USD"}, {"trade_id": 850021661, "side": "buy", "size": "0.00001000", "price": "117809.88000000", "time": "2025-07-16T00:38:52.415496Z", "fetched_at": "2025-07-16T00:39:33.024943+00:00", "symbol": "BTC-USD"}, {"trade_id": 850021660, "side": "buy", "size": "0.00006197", "price": "117809.89000000", "time": "2025-07-16T00:38:52.415496Z", "fetched_at": "2025-07-16T00:39:33.024943+00:00", "symbol": "BTC-USD"}, {"trade_id": 850021659, "side": "buy", "size": "0.00004914", "price": "117809.53000000", "time": "2025-07-16T00:38:51.275189Z", "fetched_at": "2025-07-16T00:39:33.024943+00:00", "symbol": "BTC-USD"}, {"trade_id": 850021658, "side": "buy", "size": "0.00550369", "price": "117809.97000000", "time": "2025-07-16T00:38:51.123640Z", "fetched_at": "2025-07-16T00:39:33.024943+00:00", "symbol": "BTC-USD"}, {"trade_id": 850021657, "side": "buy", "size": "0.00006876", "price": "117809.98000000", "time": "2025-07-16T00:38:51.123640Z", "fetched_at": "2025-07-16T00:39:33.024943+00:00", "symbol": "BTC-USD"}, {"trade_id": 850021656, "side": "sell", "size": "0.00038182", "price": "117815.77000000", "time": "2025-07-16T00:38:51.061155Z", "fetched_at": "2025-07-16T00:39:33.024943+00:00", "symbol": "BTC-USD"}, {"trade_id": 850021655, "side": "sell", "size": "0.00003059", "price": "117815.76000000", "time": "2025-07-16T00:38:51.061155Z", "fetched_at": "2025-07-16T00:39:33.024943+00:00", "symbol": "BTC-USD"}, {"trade_id": 850021654, "side": "sell", "size": "0.08968118", "price": "117816.00000000", "time": "2025-07-16T00:38:50.071768Z", "fetched_at": "2025-07-16T00:39:33.024943+00:00", "symbol": "BTC-USD"}, {"trade_id": 850021653, "side": "sell", "size": "0.03000000", "price": "117815.99000000", "time": "2025-07-16T00:38:50.071768Z", "fetched_at": "2025-07-16T00:39:33.024943+00:00", "symbol": "BTC-USD"}, {"trade_id": 850021652, "side": "sell", "size": "0.00008118", "price": "117815.98000000", "time": "2025-07-16T00:38:50.071768Z", "fetched_at": "2025-07-16T00:39:33.024943+00:00", "symbol": "BTC-USD"}, {"trade_id": 850021651, "side": "buy", "size": "0.00333583", "price": "117809.43000000", "time": "2025-07-16T00:38:49.823532Z", "fetched_at": "2025-07-16T00:39:33.024943+00:00", "symbol": "BTC-USD"}, {"trade_id": 850021650, "side": "buy", "size": "0.00009337", "price": "117809.44000000", "time": "2025-07-16T00:38:49.823532Z", "fetched_at": "2025-07-16T00:39:33.024943+00:00", "symbol": "BTC-USD"}, {"trade_id": 850021649, "side": "sell", "size": "0.00016102", "price": "117816.19000000", "time": "2025-07-16T00:38:49.554766Z", "fetched_at": "2025-07-16T00:39:33.024943+00:00", "symbol": "BTC-USD"}, {"trade_id": 850021648, "side": "sell", "size": "0.00161591", "price": "117816.18000000", "time": "2025-07-16T00:38:49.548862Z", "fetched_at": "2025-07-16T00:39:33.024943+00:00", "symbol": "BTC-USD"}, {"trade_id": 850021647, "side": "sell", "size": "0.00003374", "price": "117816.18000000", "time": "2025-07-16T00:38:49.548862Z", "fetched_at": "2025-07-16T00:39:33.024943+00:00", "symbol": "BTC-USD"}, {"trade_id": 850021646, "side": "sell", "size": "0.00082481", "price": "117816.24000000", "time": "2025-07-16T00:38:49.434517Z", "fetched_at": "2025-07-16T00:39:33.024943+00:00", "symbol": "BTC-USD"}, {"trade_id": 850021645, "side": "sell", "size": "0.00278760", "price": "117816.31000000", "time": "2025-07-16T00:38:49.243460Z", "fetched_at": "2025-07-16T00:39:33.024943+00:00", "symbol": "BTC-USD"}, {"trade_id": 850021644, "side": "sell", "size": "0.00006989", "price": "117816.30000000", "time": "2025-07-16T00:38:49.243460Z", "fetched_at": "2025-07-16T00:39:33.024943+00:00", "symbol": "BTC-USD"}, {"trade_id": 850021643, "side": "sell", "size": "0.06452663", "price": "117816.48000000", "time": "2025-07-16T00:38:48.674161Z", "fetched_at": "2025-07-16T00:39:33.024943+00:00", "symbol": "BTC-USD"}, {"trade_id": 850021642, "side": "sell", "size": "0.07938000", "price": "117816.47000000", "time": "2025-07-16T00:38:48.674161Z", "fetched_at": "2025-07-16T00:39:33.024943+00:00", "symbol": "BTC-USD"}, {"trade_id": 850021641, "side": "sell", "size": "0.00009337", "price": "117816.46000000", "time": "2025-07-16T00:38:48.674161Z", "fetched_at": "2025-07-16T00:39:33.024943+00:00", "symbol": "BTC-USD"}, {"trade_id": 850021640, "side": "buy", "size": "0.00498314", "price": "117808.67000000", "time": "2025-07-16T00:38:47.447635Z", "fetched_at": "2025-07-16T00:39:33.024943+00:00", "symbol": "BTC-USD"}, {"trade_id": 850021639, "side": "buy", "size": "0.04295900", "price": "117808.68000000", "time": "2025-07-16T00:38:47.447635Z", "fetched_at": "2025-07-16T00:39:33.024943+00:00", "symbol": "BTC-USD"}, {"trade_id": 850021638, "side": "buy", "size": "0.00009337", "price": "117808.69000000", "time": "2025-07-16T00:38:47.447635Z", "fetched_at": "2025-07-16T00:39:33.024943+00:00", "symbol": "BTC-USD"}, {"trade_id": 850021637, "side": "buy", "size": "0.00007860", "price": "117808.68000000", "time": "2025-07-16T00:38:46.867144Z", "fetched_at": "2025-07-16T00:39:33.024943+00:00", "symbol": "BTC-USD"}, {"trade_id": 850021636, "side": "buy", "size": "0.00000900", "price": "117811.82000000", "time": "2025-07-16T00:38:46.867144Z", "fetched_at": "2025-07-16T00:39:33.024943+00:00", "symbol": "BTC-USD"}, {"trade_id": 850021635, "side": "buy", "size": "0.00000900", "price": "117811.83000000", "time": "2025-07-16T00:38:46.867144Z", "fetched_at": "2025-07-16T00:39:33.024943+00:00", "symbol": "BTC-USD"}, {"trade_id": 850021634, "side": "sell", "size": "0.00000730", "price": "117816.82000000", "time": "2025-07-16T00:38:46.793030Z", "fetched_at": "2025-07-16T00:39:33.024943+00:00", "symbol": "BTC-USD"}, {"trade_id": 850021633, "side": "sell", "size": "0.00009337", "price": "117816.82000000", "time": "2025-07-16T00:38:46.793030Z", "fetched_at": "2025-07-16T00:39:33.024943+00:00", "symbol": "BTC-USD"}, {"trade_id": 850021632, "side": "buy", "size": "0.00020370", "price": "117811.83000000", "time": "2025-07-16T00:38:46.545791Z", "fetched_at": "2025-07-16T00:39:33.024943+00:00", "symbol": "BTC-USD"}, {"trade_id": 850021631, "side": "buy", "size": "0.00009337", "price": "117811.84000000", "time": "2025-07-16T00:38:46.545791Z", "fetched_at": "2025-07-16T00:39:33.024943+00:00", "symbol": "BTC-USD"}, {"trade_id": 850021630, "side": "sell", "size": "0.00024736", "price": "117817.05000000", "time": "2025-07-16T00:38:45.509675Z", "fetched_at": "2025-07-16T00:39:33.024943+00:00", "symbol": "BTC-USD"}, {"trade_id": 850021629, "side": "buy", "size": "0.00000026", "price": "117811.82000000", "time": "2025-07-16T00:38:44.746588Z", "fetched_at": "2025-07-16T00:39:33.024943+00:00", "symbol": "BTC-USD"}, {"trade_id": 850021628, "side": "sell", "size": "0.00387031", "price": "117817.81000000", "time": "2025-07-16T00:38:43.930506Z", "fetched_at": "2025-07-16T00:39:33.024943+00:00", "symbol": "BTC-USD"}, {"trade_id": 850021627, "side": "sell", "size": "0.00007472", "price": "117817.80000000", "time": "2025-07-16T00:38:43.930506Z", "fetched_at": "2025-07-16T00:39:33.024943+00:00", "symbol": "BTC-USD"}, {"trade_id": 850021626, "side": "sell", "size": "0.00007250", "price": "117818.72000000", "time": "2025-07-16T00:38:42.970736Z", "fetched_at": "2025-07-16T00:39:33.024943+00:00", "symbol": "BTC-USD"}, {"trade_id": 850021625, "side": "sell", "size": "0.00009337", "price": "117818.71000000", "time": "2025-07-16T00:38:42.970736Z", "fetched_at": "2025-07-16T00:39:33.024943+00:00", "symbol": "BTC-USD"}, {"trade_id": 850021624, "side": "sell", "size": "0.00000220", "price": "117816.79000000", "time": "2025-07-16T00:38:42.970736Z", "fetched_at": "2025-07-16T00:39:33.024943+00:00", "symbol": "BTC-USD"}, {"trade_id": 850021623, "side": "sell", "size": "0.00007232", "price": "117818.79000000", "time": "2025-07-16T00:38:42.586090Z", "fetched_at": "2025-07-16T00:39:33.024943+00:00", "symbol": "BTC-USD"}, {"trade_id": 850021622, "side": "sell", "size": "0.00000424", "price": "117816.79000000", "time": "2025-07-16T00:38:42.586090Z", "fetched_at": "2025-07-16T00:39:33.024943+00:00", "symbol": "BTC-USD"}, {"trade_id": 850021621, "side": "sell", "size": "0.00014242", "price": "117816.79000000", "time": "2025-07-16T00:38:42.586090Z", "fetched_at": "2025-07-16T00:39:33.024943+00:00", "symbol": "BTC-USD"}, {"trade_id": 850021620, "side": "buy", "size": "0.00003964", "price": "117811.78000000", "time": "2025-07-16T00:38:41.959862Z", "fetched_at": "2025-07-16T00:39:33.024943+00:00", "symbol": "BTC-USD"}, {"trade_id": 850021619, "side": "sell", "size": "0.00105046", "price": "117816.65000000", "time": "2025-07-16T00:38:41.581608Z", "fetched_at": "2025-07-16T00:39:33.024943+00:00", "symbol": "BTC-USD"}, {"trade_id": 850021618, "side": "sell", "size": "0.00082491", "price": "117816.64000000", "time": "2025-07-16T00:38:41.409059Z", "fetched_at": "2025-07-16T00:39:33.024943+00:00", "symbol": "BTC-USD"}, {"trade_id": 850021617, "side": "buy", "size": "0.00026033", "price": "117811.78000000", "time": "2025-07-16T00:38:41.317393Z", "fetched_at": "2025-07-16T00:39:33.024943+00:00", "symbol": "BTC-USD"}, {"trade_id": 850021616, "side": "sell", "size": "0.00073925", "price": "117816.76000000", "time": "2025-07-16T00:38:41.127993Z", "fetched_at": "2025-07-16T00:39:33.024943+00:00", "symbol": "BTC-USD"}, {"trade_id": 850021615, "side": "sell", "size": "0.00008562", "price": "117816.75000000", "time": "2025-07-16T00:38:41.127993Z", "fetched_at": "2025-07-16T00:39:33.024943+00:00", "symbol": "BTC-USD"}, {"trade_id": 850021614, "side": "buy", "size": "0.00157549", "price": "117811.77000000", "time": "2025-07-16T00:38:41.020395Z", "fetched_at": "2025-07-16T00:39:33.024943+00:00", "symbol": "BTC-USD"}, {"trade_id": 850021613, "side": "sell", "size": "0.00000084", "price": "117816.81000000", "time": "2025-07-16T00:38:40.922036Z", "fetched_at": "2025-07-16T00:39:33.024943+00:00", "symbol": "BTC-USD"}, {"trade_id": 850021612, "side": "sell", "size": "0.00412744", "price": "117816.91000000", "time": "2025-07-16T00:38:40.551520Z", "fetched_at": "2025-07-16T00:39:33.024943+00:00", "symbol": "BTC-USD"}, {"trade_id": 850021611, "side": "sell", "size": "0.00007423", "price": "117816.90000000", "time": "2025-07-16T00:38:40.551520Z", "fetched_at": "2025-07-16T00:39:33.024943+00:00", "symbol": "BTC-USD"}, {"trade_id": 850021610, "side": "sell", "size": "0.00082434", "price": "117817.06000000", "time": "2025-07-16T00:38:40.093334Z", "fetched_at": "2025-07-16T00:39:33.024943+00:00", "symbol": "BTC-USD"}, {"trade_id": 850021609, "side": "sell", "size": "0.00009337", "price": "117817.05000000", "time": "2025-07-16T00:38:40.093334Z", "fetched_at": "2025-07-16T00:39:33.024943+00:00", "symbol": "BTC-USD"}, {"trade_id": 850021608, "side": "sell", "size": "0.00002533", "price": "117814.62000000", "time": "2025-07-16T00:38:40.093334Z", "fetched_at": "2025-07-16T00:39:33.024943+00:00", "symbol": "BTC-USD"}, {"trade_id": 850021607, "side": "sell", "size": "0.00000212", "price": "117814.62000000", "time": "2025-07-16T00:38:40.093334Z", "fetched_at": "2025-07-16T00:39:33.024943+00:00", "symbol": "BTC-USD"}, {"trade_id": 850021606, "side": "sell", "size": "0.00008589", "price": "117810.24000000", "time": "2025-07-16T00:38:40.093334Z", "fetched_at": "2025-07-16T00:39:33.024943+00:00", "symbol": "BTC-USD"}, {"trade_id": 850021605, "side": "buy", "size": "0.00001953", "price": "117810.23000000", "time": "2025-07-16T00:38:40.073463Z", "fetched_at": "2025-07-16T00:39:33.024943+00:00", "symbol": "BTC-USD"}, {"trade_id": 850021604, "side": "sell", "size": "0.00010000", "price": "117810.07000000", "time": "2025-07-16T00:38:38.800098Z", "fetched_at": "2025-07-16T00:39:33.024943+00:00", "symbol": "BTC-USD"}, {"trade_id": 850021603, "side": "buy", "size": "0.01078931", "price": "117803.37000000", "time": "2025-07-16T00:38:38.624919Z", "fetched_at": "2025-07-16T00:39:33.024943+00:00", "symbol": "BTC-USD"}, {"trade_id": 850021602, "side": "buy", "size": "0.00000348", "price": "117805.13000000", "time": "2025-07-16T00:38:38.624919Z", "fetched_at": "2025-07-16T00:39:33.024943+00:00", "symbol": "BTC-USD"}, {"trade_id": 850021601, "side": "buy", "size": "0.00303042", "price": "117805.13000000", "time": "2025-07-16T00:38:38.624919Z", "fetched_at": "2025-07-16T00:39:33.024943+00:00", "symbol": "BTC-USD"}, {"trade_id": 850021600, "side": "buy", "size": "0.00000118", "price": "117805.13000000", "time": "2025-07-16T00:38:38.624919Z", "fetched_at": "2025-07-16T00:39:33.024943+00:00", "symbol": "BTC-USD"}, {"trade_id": 850021599, "side": "buy", "size": "0.00013581", "price": "117805.13000000", "time": "2025-07-16T00:38:38.624919Z", "fetched_at": "2025-07-16T00:39:33.024943+00:00", "symbol": "BTC-USD"}, {"trade_id": 850021598, "side": "buy", "size": "0.00288542", "price": "117805.13000000", "time": "2025-07-16T00:38:38.624919Z", "fetched_at": "2025-07-16T00:39:33.024943+00:00", "symbol": "BTC-USD"}, {"trade_id": 850021597, "side": "buy", "size": "0.00009338", "price": "117805.14000000", "time": "2025-07-16T00:38:38.624919Z", "fetched_at": "2025-07-16T00:39:33.024943+00:00", "symbol": "BTC-USD"}, {"trade_id": 850021596, "side": "sell", "size": "0.00003523", "price": "117810.02000000", "time": "2025-07-16T00:38:38.542176Z", "fetched_at": "2025-07-16T00:39:33.024943+00:00", "symbol": "BTC-USD"}, {"trade_id": 850021595, "side": "sell", "size": "0.00008497", "price": "117810.01000000", "time": "2025-07-16T00:38:38.542176Z", "fetched_at": "2025-07-16T00:39:33.024943+00:00", "symbol": "BTC-USD"}, {"trade_id": 850021594, "side": "sell", "size": "0.00000840", "price": "117810.01000000", "time": "2025-07-16T00:38:38.474290Z", "fetched_at": "2025-07-16T00:39:33.024943+00:00", "symbol": "BTC-USD"}, {"trade_id": 850021593, "side": "buy", "size": "0.00626397", "price": "117805.21000000", "time": "2025-07-16T00:38:38.096644Z", "fetched_at": "2025-07-16T00:39:33.024943+00:00", "symbol": "BTC-USD"}, {"trade_id": 850021592, "side": "buy", "size": "0.00001000", "price": "117805.22000000", "time": "2025-07-16T00:38:38.096644Z", "fetched_at": "2025-07-16T00:39:33.024943+00:00", "symbol": "BTC-USD"}, {"trade_id": 850021591, "side": "buy", "size": "0.00009196", "price": "117805.23000000", "time": "2025-07-16T00:38:38.096644Z", "fetched_at": "2025-07-16T00:39:33.024943+00:00", "symbol": "BTC-USD"}, {"trade_id": 850021590, "side": "sell", "size": "0.04344511", "price": "117810.07000000", "time": "2025-07-16T00:38:37.148428Z", "fetched_at": "2025-07-16T00:39:33.024943+00:00", "symbol": "BTC-USD"}, {"trade_id": 850021589, "side": "sell", "size": "0.24525836", "price": "117810.06000000", "time": "2025-07-16T00:38:37.148428Z", "fetched_at": "2025-07-16T00:39:33.024943+00:00", "symbol": "BTC-USD"}, {"trade_id": 850021588, "side": "sell", "size": "0.00049597", "price": "117810.05000000", "time": "2025-07-16T00:38:36.641812Z", "fetched_at": "2025-07-16T00:39:33.024943+00:00", "symbol": "BTC-USD"}, {"trade_id": 850021587, "side": "sell", "size": "0.00009338", "price": "117810.04000000", "time": "2025-07-16T00:38:36.641812Z", "fetched_at": "2025-07-16T00:39:33.024943+00:00", "symbol": "BTC-USD"}, {"trade_id": 850021586, "side": "buy", "size": "0.00006500", "price": "117805.14000000", "time": "2025-07-16T00:38:36.624123Z", "fetched_at": "2025-07-16T00:39:33.024943+00:00", "symbol": "BTC-USD"}, {"trade_id": 850021585, "side": "sell", "size": "0.00084030", "price": "117810.15000000", "time": "2025-07-16T00:38:36.088141Z", "fetched_at": "2025-07-16T00:39:33.024943+00:00", "symbol": "BTC-USD"}, {"trade_id": 850021584, "side": "sell", "size": "0.00079562", "price": "117810.20000000", "time": "2025-07-16T00:38:35.859774Z", "fetched_at": "2025-07-16T00:39:33.024943+00:00", "symbol": "BTC-USD"}, {"trade_id": 850021583, "side": "sell", "size": "0.00000949", "price": "117810.19000000", "time": "2025-07-16T00:38:35.859774Z", "fetched_at": "2025-07-16T00:39:33.024943+00:00", "symbol": "BTC-USD"}, {"trade_id": 850021582, "side": "buy", "size": "0.00935317", "price": "117805.14000000", "time": "2025-07-16T00:38:35.820212Z", "fetched_at": "2025-07-16T00:39:33.024943+00:00", "symbol": "BTC-USD"}, {"trade_id": 850021581, "side": "buy", "size": "0.00007725", "price": "117805.15000000", "time": "2025-07-16T00:38:35.820212Z", "fetched_at": "2025-07-16T00:39:33.024943+00:00", "symbol": "BTC-USD"}, {"trade_id": 850021580, "side": "sell", "size": "0.00003303", "price": "117805.14000000", "time": "2025-07-16T00:38:35.002192Z", "fetched_at": "2025-07-16T00:39:33.024943+00:00", "symbol": "BTC-USD"}, {"trade_id": 850021579, "side": "buy", "size": "0.00016976", "price": "117805.13000000", "time": "2025-07-16T00:38:34.598312Z", "fetched_at": "2025-07-16T00:39:33.024943+00:00", "symbol": "BTC-USD"}, {"trade_id": 850021578, "side": "sell", "size": "0.02567800", "price": "117805.14000000", "time": "2025-07-16T00:38:34.014314Z", "fetched_at": "2025-07-16T00:39:33.024943+00:00", "symbol": "BTC-USD"}, {"trade_id": 850021577, "side": "buy", "size": "0.00467808", "price": "117805.12000000", "time": "2025-07-16T00:38:33.880315Z", "fetched_at": "2025-07-16T00:39:33.024943+00:00", "symbol": "BTC-USD"}, {"trade_id": 850021576, "side": "buy", "size": "0.16976675", "price": "117806.34000000", "time": "2025-07-16T00:38:33.875946Z", "fetched_at": "2025-07-16T00:39:33.024943+00:00", "symbol": "BTC-USD"}, {"trade_id": 850021575, "side": "buy", "size": "0.00007968", "price": "117806.35000000", "time": "2025-07-16T00:38:33.875946Z", "fetched_at": "2025-07-16T00:39:33.024943+00:00", "symbol": "BTC-USD"}, {"trade_id": 850021574, "side": "buy", "size": "0.00848836", "price": "117808.39000000", "time": "2025-07-16T00:38:33.875751Z", "fetched_at": "2025-07-16T00:39:33.024943+00:00", "symbol": "BTC-USD"}, {"trade_id": 850021573, "side": "buy", "size": "0.00009812", "price": "117809.85000000", "time": "2025-07-16T00:38:33.875751Z", "fetched_at": "2025-07-16T00:39:33.024943+00:00", "symbol": "BTC-USD"}, {"trade_id": 850021572, "side": "buy", "size": "0.00341210", "price": "117809.85000000", "time": "2025-07-16T00:38:33.875751Z", "fetched_at": "2025-07-16T00:39:33.024943+00:00", "symbol": "BTC-USD"}, {"trade_id": 850021571, "side": "buy", "size": "0.00000297", "price": "117809.87000000", "time": "2025-07-16T00:38:33.875751Z", "fetched_at": "2025-07-16T00:39:33.024943+00:00", "symbol": "BTC-USD"}, {"trade_id": 850021570, "side": "buy", "size": "0.00000144", "price": "117809.87000000", "time": "2025-07-16T00:38:33.875751Z", "fetched_at": "2025-07-16T00:39:33.024943+00:00", "symbol": "BTC-USD"}, {"trade_id": 850021569, "side": "buy", "size": "0.00000823", "price": "117809.87000000", "time": "2025-07-16T00:38:33.875751Z", "fetched_at": "2025-07-16T00:39:33.024943+00:00", "symbol": "BTC-USD"}, {"trade_id": 850021568, "side": "buy", "size": "0.00000645", "price": "117810.23000000", "time": "2025-07-16T00:38:33.875751Z", "fetched_at": "2025-07-16T00:39:33.024943+00:00", "symbol": "BTC-USD"}, {"trade_id": 850021567, "side": "buy", "size": "0.03820900", "price": "117810.23000000", "time": "2025-07-16T00:38:33.875751Z", "fetched_at": "2025-07-16T00:39:33.024943+00:00", "symbol": "BTC-USD"}, {"trade_id": 850021566, "side": "buy", "size": "0.00234379", "price": "117810.23000000", "time": "2025-07-16T00:38:33.875751Z", "fetched_at": "2025-07-16T00:39:33.024943+00:00", "symbol": "BTC-USD"}, {"trade_id": 850021565, "side": "buy", "size": "0.00104721", "price": "117810.23000000", "time": "2025-07-16T00:38:33.637713Z", "fetched_at": "2025-07-16T00:39:33.024943+00:00", "symbol": "BTC-USD"}, {"trade_id": 850021564, "side": "buy", "size": "0.00004261", "price": "117810.23000000", "time": "2025-07-16T00:38:33.637713Z", "fetched_at": "2025-07-16T00:39:33.024943+00:00", "symbol": "BTC-USD"}, {"trade_id": 850021563, "side": "buy", "size": "0.02012996", "price": "117810.23000000", "time": "2025-07-16T00:38:33.637713Z", "fetched_at": "2025-07-16T00:39:33.024943+00:00", "symbol": "BTC-USD"}, {"trade_id": 850021562, "side": "sell", "size": "0.00025209", "price": "117810.24000000", "time": "2025-07-16T00:38:33.502577Z", "fetched_at": "2025-07-16T00:39:33.024943+00:00", "symbol": "BTC-USD"}, {"trade_id": 850021561, "side": "buy", "size": "0.01934904", "price": "117810.23000000", "time": "2025-07-16T00:38:33.182588Z", "fetched_at": "2025-07-16T00:39:33.024943+00:00", "symbol": "BTC-USD"}, {"trade_id": 850021560, "side": "buy", "size": "0.00002197", "price": "117810.23000000", "time": "2025-07-16T00:38:33.182588Z", "fetched_at": "2025-07-16T00:39:33.024943+00:00", "symbol": "BTC-USD"}, {"trade_id": 850021559, "side": "buy", "size": "0.04690739", "price": "117810.23000000", "time": "2025-07-16T00:38:33.182588Z", "fetched_at": "2025-07-16T00:39:33.024943+00:00", "symbol": "BTC-USD"}, {"trade_id": 850021558, "side": "buy", "size": "0.05144361", "price": "117810.23000000", "time": "2025-07-16T00:38:31.708940Z", "fetched_at": "2025-07-16T00:39:33.024943+00:00", "symbol": "BTC-USD"}, {"trade_id": 850021557, "side": "buy", "size": "0.02041017", "price": "117810.23000000", "time": "2025-07-16T00:38:30.646534Z", "fetched_at": "2025-07-16T00:39:33.024943+00:00", "symbol": "BTC-USD"}, {"trade_id": 850021556, "side": "sell", "size": "0.00001042", "price": "117810.24000000", "time": "2025-07-16T00:38:30.420248Z", "fetched_at": "2025-07-16T00:39:33.024943+00:00", "symbol": "BTC-USD"}, {"trade_id": 850021555, "side": "buy", "size": "0.00000474", "price": "117809.86000000", "time": "2025-07-16T00:38:29.238716Z", "fetched_at": "2025-07-16T00:39:33.024943+00:00", "symbol": "BTC-USD"}, {"trade_id": 850021554, "side": "buy", "size": "0.00000229", "price": "117809.86000000", "time": "2025-07-16T00:38:29.238716Z", "fetched_at": "2025-07-16T00:39:33.024943+00:00", "symbol": "BTC-USD"}, {"trade_id": 850021553, "side": "buy", "size": "0.00000059", "price": "117809.86000000", "time": "2025-07-16T00:38:29.238716Z", "fetched_at": "2025-07-16T00:39:33.024943+00:00", "symbol": "BTC-USD"}, {"trade_id": 850021552, "side": "buy", "size": "0.00003913", "price": "117809.87000000", "time": "2025-07-16T00:38:29.238716Z", "fetched_at": "2025-07-16T00:39:33.024943+00:00", "symbol": "BTC-USD"}, {"trade_id": 850021551, "side": "buy", "size": "0.00009337", "price": "117810.23000000", "time": "2025-07-16T00:38:29.238716Z", "fetched_at": "2025-07-16T00:39:33.024943+00:00", "symbol": "BTC-USD"}, {"trade_id": 850021550, "side": "buy", "size": "0.00000718", "price": "117809.87000000", "time": "2025-07-16T00:38:27.968830Z", "fetched_at": "2025-07-16T00:39:33.024943+00:00", "symbol": "BTC-USD"}, {"trade_id": 850021549, "side": "sell", "size": "0.00008403", "price": "117810.35000000", "time": "2025-07-16T00:38:27.959724Z", "fetched_at": "2025-07-16T00:39:33.024943+00:00", "symbol": "BTC-USD"}, {"trade_id": 850021548, "side": "sell", "size": "0.00020454", "price": "117810.42000000", "time": "2025-07-16T00:38:27.521905Z", "fetched_at": "2025-07-16T00:39:33.024943+00:00", "symbol": "BTC-USD"}, {"trade_id": 850021547, "side": "sell", "size": "0.00009337", "price": "117809.88000000", "time": "2025-07-16T00:38:27.521905Z", "fetched_at": "2025-07-16T00:39:33.024943+00:00", "symbol": "BTC-USD"}, {"trade_id": 850021546, "side": "sell", "size": "0.07564000", "price": "117810.41000000", "time": "2025-07-16T00:38:27.448135Z", "fetched_at": "2025-07-16T00:39:33.024943+00:00", "symbol": "BTC-USD"}, {"trade_id": 850021545, "side": "buy", "size": "0.00576000", "price": "117814.61000000", "time": "2025-07-16T00:38:27.095473Z", "fetched_at": "2025-07-16T00:39:33.024943+00:00", "symbol": "BTC-USD"}, {"trade_id": 850021544, "side": "buy", "size": "0.00000679", "price": "117814.61000000", "time": "2025-07-16T00:38:27.095473Z", "fetched_at": "2025-07-16T00:39:33.024943+00:00", "symbol": "BTC-USD"}, {"trade_id": 850021543, "side": "buy", "size": "0.15016632", "price": "117814.61000000", "time": "2025-07-16T00:38:27.095473Z", "fetched_at": "2025-07-16T00:39:33.024943+00:00", "symbol": "BTC-USD"}, {"trade_id": 850021542, "side": "buy", "size": "0.00045654", "price": "117814.61000000", "time": "2025-07-16T00:38:26.992806Z", "fetched_at": "2025-07-16T00:39:33.024943+00:00", "symbol": "BTC-USD"}, {"trade_id": 850021541, "side": "sell", "size": "0.00412431", "price": "117814.62000000", "time": "2025-07-16T00:38:26.795693Z", "fetched_at": "2025-07-16T00:39:33.024943+00:00", "symbol": "BTC-USD"}, {"trade_id": 850021540, "side": "buy", "size": "0.00704014", "price": "117814.61000000", "time": "2025-07-16T00:38:26.586208Z", "fetched_at": "2025-07-16T00:39:33.024943+00:00", "symbol": "BTC-USD"}, {"trade_id": 850021539, "side": "buy", "size": "0.00065000", "price": "117814.61000000", "time": "2025-07-16T00:38:26.586208Z", "fetched_at": "2025-07-16T00:39:33.024943+00:00", "symbol": "BTC-USD"}, {"trade_id": 850021538, "side": "buy", "size": "0.00001000", "price": "117814.61000000", "time": "2025-07-16T00:38:26.586208Z", "fetched_at": "2025-07-16T00:39:33.024943+00:00", "symbol": "BTC-USD"}, {"trade_id": 850021537, "side": "buy", "size": "0.00003598", "price": "117814.61000000", "time": "2025-07-16T00:38:26.586208Z", "fetched_at": "2025-07-16T00:39:33.024943+00:00", "symbol": "BTC-USD"}, {"trade_id": 850021536, "side": "sell", "size": "0.00231416", "price": "117814.62000000", "time": "2025-07-16T00:38:26.351250Z", "fetched_at": "2025-07-16T00:39:33.024943+00:00", "symbol": "BTC-USD"}, {"trade_id": 850021535, "side": "sell", "size": "0.00018586", "price": "117814.62000000", "time": "2025-07-16T00:38:26.351250Z", "fetched_at": "2025-07-16T00:39:33.024943+00:00", "symbol": "BTC-USD"}, {"trade_id": 850021534, "side": "sell", "size": "0.00004202", "price": "117814.62000000", "time": "2025-07-16T00:38:26.217556Z", "fetched_at": "2025-07-16T00:39:33.024943+00:00", "symbol": "BTC-USD"}, {"trade_id": 850021533, "side": "sell", "size": "0.00020056", "price": "117814.62000000", "time": "2025-07-16T00:38:25.412176Z", "fetched_at": "2025-07-16T00:39:33.024943+00:00", "symbol": "BTC-USD"}, {"trade_id": 850021532, "side": "sell", "size": "0.00025320", "price": "117814.62000000", "time": "2025-07-16T00:38:25.412176Z", "fetched_at": "2025-07-16T00:39:33.024943+00:00", "symbol": "BTC-USD"}, {"trade_id": 850021531, "side": "buy", "size": "0.00102120", "price": "117814.61000000", "time": "2025-07-16T00:38:23.564144Z", "fetched_at": "2025-07-16T00:39:33.024943+00:00", "symbol": "BTC-USD"}, {"trade_id": 850021530, "side": "buy", "size": "0.00000010", "price": "117814.61000000", "time": "2025-07-16T00:38:23.209641Z", "fetched_at": "2025-07-16T00:39:33.024943+00:00", "symbol": "BTC-USD"}, {"trade_id": 850021529, "side": "sell", "size": "0.00028914", "price": "117819.70000000", "time": "2025-07-16T00:38:22.690019Z", "fetched_at": "2025-07-16T00:39:33.024943+00:00", "symbol": "BTC-USD"}, {"trade_id": 850021528, "side": "sell", "size": "0.00007442", "price": "117819.72000000", "time": "2025-07-16T00:38:22.605050Z", "fetched_at": "2025-07-16T00:39:33.024943+00:00", "symbol": "BTC-USD"}, {"trade_id": 850021527, "side": "sell", "size": "0.00009337", "price": "117819.71000000", "time": "2025-07-16T00:38:22.605050Z", "fetched_at": "2025-07-16T00:39:33.024943+00:00", "symbol": "BTC-USD"}, {"trade_id": 850021526, "side": "buy", "size": "0.00496707", "price": "117814.60000000", "time": "2025-07-16T00:38:22.256594Z", "fetched_at": "2025-07-16T00:39:33.024943+00:00", "symbol": "BTC-USD"}, {"trade_id": 850021525, "side": "buy", "size": "0.00008669", "price": "117814.61000000", "time": "2025-07-16T00:38:22.256594Z", "fetched_at": "2025-07-16T00:39:33.024943+00:00", "symbol": "BTC-USD"}, {"trade_id": 850021524, "side": "sell", "size": "0.00393514", "price": "117813.85000000", "time": "2025-07-16T00:38:21.787148Z", "fetched_at": "2025-07-16T00:39:33.024943+00:00", "symbol": "BTC-USD"}, {"trade_id": 850021523, "side": "sell", "size": "0.00000212", "price": "117812.08000000", "time": "2025-07-16T00:38:21.787148Z", "fetched_at": "2025-07-16T00:39:33.024943+00:00", "symbol": "BTC-USD"}, {"trade_id": 850021522, "side": "sell", "size": "0.00002067", "price": "117812.08000000", "time": "2025-07-16T00:38:21.787148Z", "fetched_at": "2025-07-16T00:39:33.024943+00:00", "symbol": "BTC-USD"}, {"trade_id": 850021521, "side": "sell", "size": "0.00016671", "price": "117812.08000000", "time": "2025-07-16T00:38:21.787148Z", "fetched_at": "2025-07-16T00:39:33.024943+00:00", "symbol": "BTC-USD"}, {"trade_id": 850021520, "side": "sell", "size": "0.00033969", "price": "117812.08000000", "time": "2025-07-16T00:38:21.578419Z", "fetched_at": "2025-07-16T00:39:33.024943+00:00", "symbol": "BTC-USD"}, {"trade_id": 850021519, "side": "sell", "size": "0.00007286", "price": "117812.08000000", "time": "2025-07-16T00:38:21.578419Z", "fetched_at": "2025-07-16T00:39:33.024943+00:00", "symbol": "BTC-USD"}, {"trade_id": 850021518, "side": "buy", "size": "0.00009337", "price": "117812.07000000", "time": "2025-07-16T00:38:21.492603Z", "fetched_at": "2025-07-16T00:39:33.024943+00:00", "symbol": "BTC-USD"}, {"trade_id": 850021517, "side": "buy", "size": "0.00014430", "price": "117812.07000000", "time": "2025-07-16T00:38:21.170770Z", "fetched_at": "2025-07-16T00:39:33.024943+00:00", "symbol": "BTC-USD"}, {"trade_id": 850021516, "side": "buy", "size": "0.00698201", "price": "117811.47000000", "time": "2025-07-16T00:38:20.886759Z", "fetched_at": "2025-07-16T00:39:33.024943+00:00", "symbol": "BTC-USD"}, {"trade_id": 850021515, "side": "buy", "size": "0.00008051", "price": "117811.48000000", "time": "2025-07-16T00:38:20.886759Z", "fetched_at": "2025-07-16T00:39:33.024943+00:00", "symbol": "BTC-USD"}, {"trade_id": 850021514, "side": "buy", "size": "0.02293748", "price": "117813.83000000", "time": "2025-07-16T00:38:20.886759Z", "fetched_at": "2025-07-16T00:39:33.024943+00:00", "symbol": "BTC-USD"}, {"trade_id": 850021513, "side": "sell", "size": "0.00135035", "price": "117813.34000000", "time": "2025-07-16T00:38:20.245086Z", "fetched_at": "2025-07-16T00:39:33.024943+00:00", "symbol": "BTC-USD"}, {"trade_id": 850021512, "side": "sell", "size": "0.00004134", "price": "117811.66000000", "time": "2025-07-16T00:38:20.245086Z", "fetched_at": "2025-07-16T00:39:33.024943+00:00", "symbol": "BTC-USD"}, {"trade_id": 850021511, "side": "sell", "size": "0.00057742", "price": "117811.59000000", "time": "2025-07-16T00:38:20.245086Z", "fetched_at": "2025-07-16T00:39:33.024943+00:00", "symbol": "BTC-USD"}, {"trade_id": 850021510, "side": "sell", "size": "0.00009337", "price": "117811.47000000", "time": "2025-07-16T00:38:20.245086Z", "fetched_at": "2025-07-16T00:39:33.024943+00:00", "symbol": "BTC-USD"}, {"trade_id": 850021509, "side": "sell", "size": "0.00003150", "price": "117811.59000000", "time": "2025-07-16T00:38:19.971325Z", "fetched_at": "2025-07-16T00:39:33.024943+00:00", "symbol": "BTC-USD"}, {"trade_id": 850021508, "side": "sell", "size": "0.00000212", "price": "117811.57000000", "time": "2025-07-16T00:38:19.971325Z", "fetched_at": "2025-07-16T00:39:33.024943+00:00", "symbol": "BTC-USD"}, {"trade_id": 850021507, "side": "sell", "size": "0.00000664", "price": "117811.11000000", "time": "2025-07-16T00:38:19.971325Z", "fetched_at": "2025-07-16T00:39:33.024943+00:00", "symbol": "BTC-USD"}, {"trade_id": 850021506, "side": "buy", "size": "0.00016982", "price": "117809.94000000", "time": "2025-07-16T00:38:19.624572Z", "fetched_at": "2025-07-16T00:39:33.024943+00:00", "symbol": "BTC-USD"}, {"trade_id": 850021505, "side": "sell", "size": "0.00147050", "price": "117811.07000000", "time": "2025-07-16T00:38:18.674839Z", "fetched_at": "2025-07-16T00:39:33.024943+00:00", "symbol": "BTC-USD"}, {"trade_id": 850021504, "side": "sell", "size": "0.00008053", "price": "117811.09000000", "time": "2025-07-16T00:38:18.609014Z", "fetched_at": "2025-07-16T00:39:33.024943+00:00", "symbol": "BTC-USD"}, {"trade_id": 850021503, "side": "buy", "size": "0.00154703", "price": "117809.87000000", "time": "2025-07-16T00:38:18.514093Z", "fetched_at": "2025-07-16T00:39:33.024943+00:00", "symbol": "BTC-USD"}, {"trade_id": 850021502, "side": "sell", "size": "0.01310828", "price": "117811.12000000", "time": "2025-07-16T00:38:18.497526Z", "fetched_at": "2025-07-16T00:39:33.024943+00:00", "symbol": "BTC-USD"}, {"trade_id": 850021501, "side": "sell", "size": "0.00009337", "price": "117809.87000000", "time": "2025-07-16T00:38:18.497526Z", "fetched_at": "2025-07-16T00:39:33.024943+00:00", "symbol": "BTC-USD"}, {"trade_id": 850021500, "side": "sell", "size": "0.00003835", "price": "117811.15000000", "time": "2025-07-16T00:38:18.352973Z", "fetched_at": "2025-07-16T00:39:33.024943+00:00", "symbol": "BTC-USD"}, {"trade_id": 850021499, "side": "sell", "size": "0.00080536", "price": "117811.48000000", "time": "2025-07-16T00:38:16.708993Z", "fetched_at": "2025-07-16T00:39:33.024943+00:00", "symbol": "BTC-USD"}, {"trade_id": 850021498, "side": "sell", "size": "0.00168109", "price": "117811.57000000", "time": "2025-07-16T00:38:16.047850Z", "fetched_at": "2025-07-16T00:39:33.024943+00:00", "symbol": "BTC-USD"}, {"trade_id": 850021497, "side": "sell", "size": "0.00336211", "price": "117811.57000000", "time": "2025-07-16T00:38:15.982833Z", "fetched_at": "2025-07-16T00:39:33.024943+00:00", "symbol": "BTC-USD"}, {"trade_id": 850021496, "side": "buy", "size": "0.00003517", "price": "117809.86000000", "time": "2025-07-16T00:38:15.835427Z", "fetched_at": "2025-07-16T00:39:33.024943+00:00", "symbol": "BTC-USD"}, {"trade_id": 850021495, "side": "buy", "size": "0.00000118", "price": "117809.89000000", "time": "2025-07-16T00:38:15.835427Z", "fetched_at": "2025-07-16T00:39:33.024943+00:00", "symbol": "BTC-USD"}, {"trade_id": 850021494, "side": "buy", "size": "0.00000356", "price": "117809.89000000", "time": "2025-07-16T00:38:15.835427Z", "fetched_at": "2025-07-16T00:39:33.024943+00:00", "symbol": "BTC-USD"}, {"trade_id": 850021493, "side": "sell", "size": "0.00081686", "price": "117811.57000000", "time": "2025-07-16T00:38:15.809190Z", "fetched_at": "2025-07-16T00:39:33.024943+00:00", "symbol": "BTC-USD"}, {"trade_id": 850021492, "side": "buy", "size": "0.00062932", "price": "117809.85000000", "time": "2025-07-16T00:38:15.493419Z", "fetched_at": "2025-07-16T00:39:33.024943+00:00", "symbol": "BTC-USD"}, {"trade_id": 850021491, "side": "buy", "size": "0.00000696", "price": "117809.85000000", "time": "2025-07-16T00:38:15.493419Z", "fetched_at": "2025-07-16T00:39:33.024943+00:00", "symbol": "BTC-USD"}, {"trade_id": 850021490, "side": "buy", "size": "0.00000118", "price": "117809.89000000", "time": "2025-07-16T00:38:15.493419Z", "fetched_at": "2025-07-16T00:39:33.024943+00:00", "symbol": "BTC-USD"}, {"trade_id": 850021489, "side": "sell", "size": "0.00020132", "price": "117811.59000000", "time": "2025-07-16T00:38:14.744210Z", "fetched_at": "2025-07-16T00:39:33.024943+00:00", "symbol": "BTC-USD"}, {"trade_id": 850021488, "side": "sell", "size": "0.00003268", "price": "117811.65000000", "time": "2025-07-16T00:38:13.523268Z", "fetched_at": "2025-07-16T00:39:33.024943+00:00", "symbol": "BTC-USD"}, {"trade_id": 850021487, "side": "sell", "size": "0.02061766", "price": "117811.70000000", "time": "2025-07-16T00:38:13.311951Z", "fetched_at": "2025-07-16T00:39:33.024943+00:00", "symbol": "BTC-USD"}, {"trade_id": 850021486, "side": "sell", "size": "0.00001000", "price": "117809.86000000", "time": "2025-07-16T00:38:13.311951Z", "fetched_at": "2025-07-16T00:39:33.024943+00:00", "symbol": "BTC-USD"}, {"trade_id": 850021485, "side": "sell", "size": "0.02166103", "price": "117802.29000000", "time": "2025-07-16T00:38:13.010047Z", "fetched_at": "2025-07-16T00:39:33.024943+00:00", "symbol": "BTC-USD"}, {"trade_id": 850021484, "side": "sell", "size": "0.02079251", "price": "117802.29000000", "time": "2025-07-16T00:38:12.898663Z", "fetched_at": "2025-07-16T00:39:33.024943+00:00", "symbol": "BTC-USD"}, {"trade_id": 850021483, "side": "sell", "size": "0.00001000", "price": "117801.03000000", "time": "2025-07-16T00:38:12.898663Z", "fetched_at": "2025-07-16T00:39:33.024943+00:00", "symbol": "BTC-USD"}, {"trade_id": 850021482, "side": "sell", "size": "0.00020255", "price": "117799.53000000", "time": "2025-07-16T00:38:12.898663Z", "fetched_at": "2025-07-16T00:39:33.024943+00:00", "symbol": "BTC-USD"}, {"trade_id": 850021481, "side": "sell", "size": "0.00848932", "price": "117795.01000000", "time": "2025-07-16T00:38:12.890830Z", "fetched_at": "2025-07-16T00:39:33.024943+00:00", "symbol": "BTC-USD"}, {"trade_id": 850021480, "side": "sell", "size": "0.00000664", "price": "117793.31000000", "time": "2025-07-16T00:38:12.885547Z", "fetched_at": "2025-07-16T00:39:33.024943+00:00", "symbol": "BTC-USD"}, {"trade_id": 850021479, "side": "sell", "size": "0.01309472", "price": "117793.31000000", "time": "2025-07-16T00:38:12.885547Z", "fetched_at": "2025-07-16T00:39:33.024943+00:00", "symbol": "BTC-USD"}, {"trade_id": 850021478, "side": "sell", "size": "0.02501558", "price": "117793.31000000", "time": "2025-07-16T00:38:12.883534Z", "fetched_at": "2025-07-16T00:39:33.024943+00:00", "symbol": "BTC-USD"}, {"trade_id": 850021477, "side": "sell", "size": "0.01288292", "price": "117793.31000000", "time": "2025-07-16T00:38:12.881402Z", "fetched_at": "2025-07-16T00:39:33.024943+00:00", "symbol": "BTC-USD"}, {"trade_id": 850021476, "side": "sell", "size": "0.01367667", "price": "117793.31000000", "time": "2025-07-16T00:38:12.878836Z", "fetched_at": "2025-07-16T00:39:33.024943+00:00", "symbol": "BTC-USD"}, {"trade_id": 850021475, "side": "sell", "size": "0.01126405", "price": "117793.31000000", "time": "2025-07-16T00:38:12.878519Z", "fetched_at": "2025-07-16T00:39:33.024943+00:00", "symbol": "BTC-USD"}, {"trade_id": 850021474, "side": "sell", "size": "0.03245443", "price": "117793.31000000", "time": "2025-07-16T00:38:12.878464Z", "fetched_at": "2025-07-16T00:39:33.024943+00:00", "symbol": "BTC-USD"}, {"trade_id": 850021473, "side": "sell", "size": "0.02000953", "price": "117793.31000000", "time": "2025-07-16T00:38:12.878064Z", "fetched_at": "2025-07-16T00:39:33.024943+00:00", "symbol": "BTC-USD"}, {"trade_id": 850021472, "side": "sell", "size": "0.00033623", "price": "117793.31000000", "time": "2025-07-16T00:38:12.812184Z", "fetched_at": "2025-07-16T00:39:33.024943+00:00", "symbol": "BTC-USD"}, {"trade_id": 850021471, "side": "sell", "size": "0.00020728", "price": "117793.31000000", "time": "2025-07-16T00:38:12.726922Z", "fetched_at": "2025-07-16T00:39:33.024943+00:00", "symbol": "BTC-USD"}, {"trade_id": 850021470, "side": "sell", "size": "0.00082510", "price": "117793.31000000", "time": "2025-07-16T00:38:12.668612Z", "fetched_at": "2025-07-16T00:39:33.024943+00:00", "symbol": "BTC-USD"}, {"trade_id": 850021469, "side": "sell", "size": "0.00165025", "price": "117793.31000000", "time": "2025-07-16T00:38:12.622217Z", "fetched_at": "2025-07-16T00:39:33.024943+00:00", "symbol": "BTC-USD"}, {"trade_id": 850021468, "side": "sell", "size": "0.00008196", "price": "117793.31000000", "time": "2025-07-16T00:38:12.589429Z", "fetched_at": "2025-07-16T00:39:33.024943+00:00", "symbol": "BTC-USD"}, {"trade_id": 850021467, "side": "sell", "size": "0.00080128", "price": "117793.31000000", "time": "2025-07-16T00:38:12.503808Z", "fetched_at": "2025-07-16T00:39:33.024943+00:00", "symbol": "BTC-USD"}, {"trade_id": 850021466, "side": "sell", "size": "0.00001382", "price": "117793.23000000", "time": "2025-07-16T00:38:12.503808Z", "fetched_at": "2025-07-16T00:39:33.024943+00:00", "symbol": "BTC-USD"}, {"trade_id": 850021465, "side": "sell", "size": "0.00001000", "price": "117792.20000000", "time": "2025-07-16T00:38:12.503808Z", "fetched_at": "2025-07-16T00:39:33.024943+00:00", "symbol": "BTC-USD"}, {"trade_id": 850021464, "side": "sell", "size": "0.05381473", "price": "117783.69000000", "time": "2025-07-16T00:38:11.903541Z", "fetched_at": "2025-07-16T00:39:33.024943+00:00", "symbol": "BTC-USD"}, {"trade_id": 850021463, "side": "sell", "size": "0.09829875", "price": "117783.69000000", "time": "2025-07-16T00:38:11.900439Z", "fetched_at": "2025-07-16T00:39:33.024943+00:00", "symbol": "BTC-USD"}, {"trade_id": 850021462, "side": "sell", "size": "0.00000373", "price": "117780.76000000", "time": "2025-07-16T00:38:11.900439Z", "fetched_at": "2025-07-16T00:39:33.024943+00:00", "symbol": "BTC-USD"}, {"trade_id": 850021461, "side": "sell", "size": "0.02589491", "price": "117780.69000000", "time": "2025-07-16T00:38:11.767311Z", "fetched_at": "2025-07-16T00:39:33.024943+00:00", "symbol": "BTC-USD"}, {"trade_id": 850021460, "side": "sell", "size": "0.00008196", "price": "117780.71000000", "time": "2025-07-16T00:38:11.667078Z", "fetched_at": "2025-07-16T00:39:33.024943+00:00", "symbol": "BTC-USD"}, {"trade_id": 850021459, "side": "sell", "size": "0.00081373", "price": "117780.72000000", "time": "2025-07-16T00:38:11.559229Z", "fetched_at": "2025-07-16T00:39:33.024943+00:00", "symbol": "BTC-USD"}, {"trade_id": 850021458, "side": "buy", "size": "0.00027350", "price": "117778.29000000", "time": "2025-07-16T00:38:11.400529Z", "fetched_at": "2025-07-16T00:39:33.024943+00:00", "symbol": "BTC-USD"}, {"trade_id": 850021457, "side": "buy", "size": "0.00006793", "price": "117778.29000000", "time": "2025-07-16T00:38:11.114132Z", "fetched_at": "2025-07-16T00:39:33.024943+00:00", "symbol": "BTC-USD"}, {"trade_id": 850021456, "side": "buy", "size": "0.00595220", "price": "117778.29000000", "time": "2025-07-16T00:38:11.084966Z", "fetched_at": "2025-07-16T00:39:33.024943+00:00", "symbol": "BTC-USD"}, {"trade_id": 850021455, "side": "sell", "size": "0.00005051", "price": "117780.91000000", "time": "2025-07-16T00:38:10.540823Z", "fetched_at": "2025-07-16T00:39:33.024943+00:00", "symbol": "BTC-USD"}, {"trade_id": 850021454, "side": "buy", "size": "0.00169814", "price": "117778.29000000", "time": "2025-07-16T00:38:10.245526Z", "fetched_at": "2025-07-16T00:39:33.024943+00:00", "symbol": "BTC-USD"}, {"trade_id": 850021453, "side": "sell", "size": "0.00046786", "price": "117781.29000000", "time": "2025-07-16T00:38:09.745954Z", "fetched_at": "2025-07-16T00:39:33.024943+00:00", "symbol": "BTC-USD"}, {"trade_id": 850021452, "side": "sell", "size": "0.00041255", "price": "117781.35000000", "time": "2025-07-16T00:38:09.638257Z", "fetched_at": "2025-07-16T00:39:33.024943+00:00", "symbol": "BTC-USD"}, {"trade_id": 850021451, "side": "sell", "size": "0.00002458", "price": "117781.38000000", "time": "2025-07-16T00:38:09.563625Z", "fetched_at": "2025-07-16T00:39:33.024943+00:00", "symbol": "BTC-USD"}, {"trade_id": 850021450, "side": "sell", "size": "0.00036204", "price": "117781.51000000", "time": "2025-07-16T00:38:09.397824Z", "fetched_at": "2025-07-16T00:39:33.024943+00:00", "symbol": "BTC-USD"}, {"trade_id": 850021449, "side": "buy", "size": "0.00418689", "price": "117776.43000000", "time": "2025-07-16T00:38:09.395875Z", "fetched_at": "2025-07-16T00:39:33.024943+00:00", "symbol": "BTC-USD"}, {"trade_id": 850021448, "side": "buy", "size": "0.00001000", "price": "117778.12000000", "time": "2025-07-16T00:38:09.395875Z", "fetched_at": "2025-07-16T00:39:33.024943+00:00", "symbol": "BTC-USD"}, {"trade_id": 850021447, "side": "buy", "size": "0.00002316", "price": "117778.12000000", "time": "2025-07-16T00:38:09.395875Z", "fetched_at": "2025-07-16T00:39:33.024943+00:00", "symbol": "BTC-USD"}, {"trade_id": 850021446, "side": "sell", "size": "0.00035480", "price": "117781.66000000", "time": "2025-07-16T00:38:09.180180Z", "fetched_at": "2025-07-16T00:39:33.024943+00:00", "symbol": "BTC-USD"}, {"trade_id": 850021445, "side": "sell", "size": "0.04133022", "price": "117781.83000000", "time": "2025-07-16T00:38:08.815762Z", "fetched_at": "2025-07-16T00:39:33.024943+00:00", "symbol": "BTC-USD"}, {"trade_id": 850021444, "side": "sell", "size": "0.00511336", "price": "117781.85000000", "time": "2025-07-16T00:38:08.753461Z", "fetched_at": "2025-07-16T00:39:33.024943+00:00", "symbol": "BTC-USD"}, {"trade_id": 850021443, "side": "sell", "size": "0.00000664", "price": "117775.80000000", "time": "2025-07-16T00:38:08.753461Z", "fetched_at": "2025-07-16T00:39:33.024943+00:00", "symbol": "BTC-USD"}, {"trade_id": 850021442, "side": "sell", "size": "0.00783858", "price": "117775.79000000", "time": "2025-07-16T00:38:08.691283Z", "fetched_at": "2025-07-16T00:39:33.024943+00:00", "symbol": "BTC-USD"}, {"trade_id": 850021441, "side": "sell", "size": "0.00206282", "price": "117775.79000000", "time": "2025-07-16T00:38:08.221157Z", "fetched_at": "2025-07-16T00:39:33.024943+00:00", "symbol": "BTC-USD"}, {"trade_id": 850021440, "side": "sell", "size": "0.00084057", "price": "117775.79000000", "time": "2025-07-16T00:38:08.126429Z", "fetched_at": "2025-07-16T00:39:33.024943+00:00", "symbol": "BTC-USD"}, {"trade_id": 850021439, "side": "buy", "size": "0.00007563", "price": "117774.02000000", "time": "2025-07-16T00:38:08.092464Z", "fetched_at": "2025-07-16T00:39:33.024943+00:00", "symbol": "BTC-USD"}, {"trade_id": 850021438, "side": "buy", "size": "0.00021335", "price": "117774.92000000", "time": "2025-07-16T00:38:08.092464Z", "fetched_at": "2025-07-16T00:39:33.024943+00:00", "symbol": "BTC-USD"}, {"trade_id": 850021437, "side": "buy", "size": "0.00226636", "price": "117775.79000000", "time": "2025-07-16T00:38:08.092464Z", "fetched_at": "2025-07-16T00:39:33.024943+00:00", "symbol": "BTC-USD"}, {"trade_id": 850021436, "side": "sell", "size": "0.00020132", "price": "117775.80000000", "time": "2025-07-16T00:38:07.827855Z", "fetched_at": "2025-07-16T00:39:33.024943+00:00", "symbol": "BTC-USD"}, {"trade_id": 850021435, "side": "sell", "size": "0.00041253", "price": "117775.80000000", "time": "2025-07-16T00:38:07.674175Z", "fetched_at": "2025-07-16T00:39:33.024943+00:00", "symbol": "BTC-USD"}, {"trade_id": 850021434, "side": "sell", "size": "0.00167793", "price": "117775.80000000", "time": "2025-07-16T00:38:07.628615Z", "fetched_at": "2025-07-16T00:39:33.024943+00:00", "symbol": "BTC-USD"}, {"trade_id": 850021433, "side": "buy", "size": "0.00165650", "price": "117775.79000000", "time": "2025-07-16T00:38:07.333009Z", "fetched_at": "2025-07-16T00:39:33.024943+00:00", "symbol": "BTC-USD"}, {"trade_id": 850021432, "side": "sell", "size": "0.00433225", "price": "117775.80000000", "time": "2025-07-16T00:38:06.706Z", "fetched_at": "2025-07-16T00:39:33.024943+00:00", "symbol": "BTC-USD"}, {"trade_id": 850021431, "side": "sell", "size": "0.00082513", "price": "117775.80000000", "time": "2025-07-16T00:38:06.272130Z", "fetched_at": "2025-07-16T00:39:33.024943+00:00", "symbol": "BTC-USD"}, {"trade_id": 850021430, "side": "sell", "size": "0.00206274", "price": "117775.80000000", "time": "2025-07-16T00:38:06.045967Z", "fetched_at": "2025-07-16T00:39:33.024943+00:00", "symbol": "BTC-USD"}, {"trade_id": 850021429, "side": "sell", "size": "0.00082510", "price": "117781.74000000", "time": "2025-07-16T00:38:05.180566Z", "fetched_at": "2025-07-16T00:39:33.024943+00:00", "symbol": "BTC-USD"}, {"trade_id": 850021428, "side": "sell", "size": "0.00042030", "price": "117781.74000000", "time": "2025-07-16T00:38:05.042640Z", "fetched_at": "2025-07-16T00:39:33.024943+00:00", "symbol": "BTC-USD"}, {"trade_id": 850021427, "side": "sell", "size": "0.00082513", "price": "117781.85000000", "time": "2025-07-16T00:38:04.822997Z", "fetched_at": "2025-07-16T00:39:33.024943+00:00", "symbol": "BTC-USD"}, {"trade_id": 850021426, "side": "sell", "size": "0.00420283", "price": "117781.79000000", "time": "2025-07-16T00:38:04.803675Z", "fetched_at": "2025-07-16T00:39:33.024943+00:00", "symbol": "BTC-USD"}, {"trade_id": 850021425, "side": "sell", "size": "0.00040066", "price": "117781.83000000", "time": "2025-07-16T00:38:04.605224Z", "fetched_at": "2025-07-16T00:39:33.024943+00:00", "symbol": "BTC-USD"}, {"trade_id": 850021424, "side": "sell", "size": "0.00001190", "price": "117781.82000000", "time": "2025-07-16T00:38:04.605224Z", "fetched_at": "2025-07-16T00:39:33.024943+00:00", "symbol": "BTC-USD"}, {"trade_id": 850021423, "side": "sell", "size": "0.00123769", "price": "117781.83000000", "time": "2025-07-16T00:38:04.547028Z", "fetched_at": "2025-07-16T00:39:33.024943+00:00", "symbol": "BTC-USD"}, {"trade_id": 850021422, "side": "buy", "size": "0.00004245", "price": "117775.79000000", "time": "2025-07-16T00:38:04.488208Z", "fetched_at": "2025-07-16T00:39:33.024943+00:00", "symbol": "BTC-USD"}, {"trade_id": 850021421, "side": "buy", "size": "0.00024532", "price": "117775.79000000", "time": "2025-07-16T00:38:04.484316Z", "fetched_at": "2025-07-16T00:39:33.024943+00:00", "symbol": "BTC-USD"}, {"trade_id": 850021420, "side": "buy", "size": "0.00000110", "price": "117775.81000000", "time": "2025-07-16T00:38:04.484316Z", "fetched_at": "2025-07-16T00:39:33.024943+00:00", "symbol": "BTC-USD"}, {"trade_id": 850021419, "side": "buy", "size": "0.00001000", "price": "117775.81000000", "time": "2025-07-16T00:38:04.484316Z", "fetched_at": "2025-07-16T00:39:33.024943+00:00", "symbol": "BTC-USD"}, {"trade_id": 850021418, "side": "sell", "size": "0.00012373", "price": "117781.85000000", "time": "2025-07-16T00:38:04.481199Z", "fetched_at": "2025-07-16T00:39:33.024943+00:00", "symbol": "BTC-USD"}, {"trade_id": 850021417, "side": "sell", "size": "0.00084057", "price": "117775.82000000", "time": "2025-07-16T00:38:04.318485Z", "fetched_at": "2025-07-16T00:39:33.024943+00:00", "symbol": "BTC-USD"}, {"trade_id": 850021416, "side": "sell", "size": "0.00008196", "price": "117775.82000000", "time": "2025-07-16T00:38:03.988190Z", "fetched_at": "2025-07-16T00:39:33.024943+00:00", "symbol": "BTC-USD"}, {"trade_id": 850021415, "side": "sell", "size": "0.00008196", "price": "117775.82000000", "time": "2025-07-16T00:38:03.719798Z", "fetched_at": "2025-07-16T00:39:33.024943+00:00", "symbol": "BTC-USD"}, {"trade_id": 850021414, "side": "sell", "size": "0.00016501", "price": "117775.82000000", "time": "2025-07-16T00:38:03.175443Z", "fetched_at": "2025-07-16T00:39:33.024943+00:00", "symbol": "BTC-USD"}, {"trade_id": 850021413, "side": "sell", "size": "0.00020628", "price": "117775.82000000", "time": "2025-07-16T00:38:02.706287Z", "fetched_at": "2025-07-16T00:39:33.024943+00:00", "symbol": "BTC-USD"}, {"trade_id": 850021412, "side": "sell", "size": "0.00024091", "price": "117779.72000000", "time": "2025-07-16T00:38:02.618645Z", "fetched_at": "2025-07-16T00:39:33.024943+00:00", "symbol": "BTC-USD"}, {"trade_id": 850021411, "side": "sell", "size": "0.00000664", "price": "117777.95000000", "time": "2025-07-16T00:38:02.618645Z", "fetched_at": "2025-07-16T00:39:33.024943+00:00", "symbol": "BTC-USD"}, {"trade_id": 850021410, "side": "sell", "size": "0.00200000", "price": "117776.21000000", "time": "2025-07-16T00:38:02.448897Z", "fetched_at": "2025-07-16T00:39:33.024943+00:00", "symbol": "BTC-USD"}, {"trade_id": 850021409, "side": "sell", "size": "0.00011238", "price": "117776.21000000", "time": "2025-07-16T00:38:02.440910Z", "fetched_at": "2025-07-16T00:39:33.024943+00:00", "symbol": "BTC-USD"}, {"trade_id": 850021408, "side": "sell", "size": "0.00009340", "price": "117776.20000000", "time": "2025-07-16T00:38:02.440910Z", "fetched_at": "2025-07-16T00:39:33.024943+00:00", "symbol": "BTC-USD"}, {"trade_id": 850021407, "side": "sell", "size": "0.00000050", "price": "117776.20000000", "time": "2025-07-16T00:38:02.440910Z", "fetched_at": "2025-07-16T00:39:33.024943+00:00", "symbol": "BTC-USD"}, {"trade_id": 850021406, "side": "sell", "size": "0.00031915", "price": "117776.21000000", "time": "2025-07-16T00:38:02.380534Z", "fetched_at": "2025-07-16T00:39:33.024943+00:00", "symbol": "BTC-USD"}, {"trade_id": 850021405, "side": "sell", "size": "0.00009340", "price": "117776.20000000", "time": "2025-07-16T00:38:02.380534Z", "fetched_at": "2025-07-16T00:39:33.024943+00:00", "symbol": "BTC-USD"}, {"trade_id": 850021404, "side": "sell", "size": "0.00004000", "price": "117776.20000000", "time": "2025-07-16T00:38:02.363622Z", "fetched_at": "2025-07-16T00:39:33.024943+00:00", "symbol": "BTC-USD"}, {"trade_id": 850021403, "side": "sell", "size": "0.00000203", "price": "117774.08000000", "time": "2025-07-16T00:38:02.363622Z", "fetched_at": "2025-07-16T00:39:33.024943+00:00", "symbol": "BTC-USD"}, {"trade_id": 850021402, "side": "sell", "size": "0.00054637", "price": "117774.08000000", "time": "2025-07-16T00:38:02.198128Z", "fetched_at": "2025-07-16T00:39:33.024943+00:00", "symbol": "BTC-USD"}, {"trade_id": 850021401, "side": "buy", "size": "0.00002333", "price": "117773.99000000", "time": "2025-07-16T00:38:02.154086Z", "fetched_at": "2025-07-16T00:39:33.024943+00:00", "symbol": "BTC-USD"}, {"trade_id": 850021400, "side": "sell", "size": "0.00082510", "price": "117774.08000000", "time": "2025-07-16T00:38:02.077326Z", "fetched_at": "2025-07-16T00:39:33.024943+00:00", "symbol": "BTC-USD"}, {"trade_id": 850021399, "side": "sell", "size": "0.00026226", "price": "117774.08000000", "time": "2025-07-16T00:38:02.071995Z", "fetched_at": "2025-07-16T00:39:33.024943+00:00", "symbol": "BTC-USD"}, {"trade_id": 850021398, "side": "sell", "size": "0.00008195", "price": "117774.08000000", "time": "2025-07-16T00:38:01.994402Z", "fetched_at": "2025-07-16T00:39:33.024943+00:00", "symbol": "BTC-USD"}, {"trade_id": 850021397, "side": "buy", "size": "0.00286023", "price": "117768.68000000", "time": "2025-07-16T00:38:01.987540Z", "fetched_at": "2025-07-16T00:39:33.024943+00:00", "symbol": "BTC-USD"}, {"trade_id": 850021396, "side": "buy", "size": "0.00277976", "price": "117769.79000000", "time": "2025-07-16T00:38:01.987540Z", "fetched_at": "2025-07-16T00:39:33.024943+00:00", "symbol": "BTC-USD"}, {"trade_id": 850021395, "side": "buy", "size": "0.00500000", "price": "117771.86000000", "time": "2025-07-16T00:38:01.987540Z", "fetched_at": "2025-07-16T00:39:33.024943+00:00", "symbol": "BTC-USD"}, {"trade_id": 850021394, "side": "buy", "size": "0.00849097", "price": "117772.11000000", "time": "2025-07-16T00:38:01.987540Z", "fetched_at": "2025-07-16T00:39:33.024943+00:00", "symbol": "BTC-USD"}, {"trade_id": 850021393, "side": "buy", "size": "0.00009340", "price": "117772.12000000", "time": "2025-07-16T00:38:01.987540Z", "fetched_at": "2025-07-16T00:39:33.024943+00:00", "symbol": "BTC-USD"}, {"trade_id": 850021392, "side": "buy", "size": "0.00369242", "price": "117773.79000000", "time": "2025-07-16T00:38:01.987540Z", "fetched_at": "2025-07-16T00:39:33.024943+00:00", "symbol": "BTC-USD"}, {"trade_id": 850021391, "side": "buy", "size": "0.00000348", "price": "117773.82000000", "time": "2025-07-16T00:38:01.987540Z", "fetched_at": "2025-07-16T00:39:33.024943+00:00", "symbol": "BTC-USD"}, {"trade_id": 850021390, "side": "buy", "size": "0.00001000", "price": "117773.82000000", "time": "2025-07-16T00:38:01.987540Z", "fetched_at": "2025-07-16T00:39:33.024943+00:00", "symbol": "BTC-USD"}, {"trade_id": 850021389, "side": "buy", "size": "0.00999999", "price": "117773.84000000", "time": "2025-07-16T00:38:01.987540Z", "fetched_at": "2025-07-16T00:39:33.024943+00:00", "symbol": "BTC-USD"}, {"trade_id": 850021388, "side": "buy", "size": "0.00001000", "price": "117773.85000000", "time": "2025-07-16T00:38:01.987540Z", "fetched_at": "2025-07-16T00:39:33.024943+00:00", "symbol": "BTC-USD"}, {"trade_id": 850021387, "side": "buy", "size": "0.00000118", "price": "117773.98000000", "time": "2025-07-16T00:38:01.987540Z", "fetched_at": "2025-07-16T00:39:33.024943+00:00", "symbol": "BTC-USD"}, {"trade_id": 850021386, "side": "buy", "size": "0.00015354", "price": "117773.99000000", "time": "2025-07-16T00:38:01.987540Z", "fetched_at": "2025-07-16T00:39:33.024943+00:00", "symbol": "BTC-USD"}, {"trade_id": 850021385, "side": "sell", "size": "0.00016812", "price": "117774.09000000", "time": "2025-07-16T00:38:01.548013Z", "fetched_at": "2025-07-16T00:39:33.024943+00:00", "symbol": "BTC-USD"}, {"trade_id": 850021384, "side": "sell", "size": "0.00003781", "price": "117783.36000000", "time": "2025-07-16T00:38:01.352542Z", "fetched_at": "2025-07-16T00:39:33.024943+00:00", "symbol": "BTC-USD"}, {"trade_id": 850021383, "side": "sell", "size": "0.00000212", "price": "117776.21000000", "time": "2025-07-16T00:38:01.352542Z", "fetched_at": "2025-07-16T00:39:33.024943+00:00", "symbol": "BTC-USD"}, {"trade_id": 850021382, "side": "sell", "size": "0.00073170", "price": "117783.64000000", "time": "2025-07-16T00:38:00.869083Z", "fetched_at": "2025-07-16T00:39:33.024943+00:00", "symbol": "BTC-USD"}, {"trade_id": 850021381, "side": "sell", "size": "0.00009340", "price": "117783.63000000", "time": "2025-07-16T00:38:00.869083Z", "fetched_at": "2025-07-16T00:39:33.024943+00:00", "symbol": "BTC-USD"}, {"trade_id": 850021380, "side": "sell", "size": "0.00014631", "price": "117783.74000000", "time": "2025-07-16T00:38:00.594010Z", "fetched_at": "2025-07-16T00:39:33.024943+00:00", "symbol": "BTC-USD"}, {"trade_id": 850021379, "side": "sell", "size": "0.00165156", "price": "117783.73000000", "time": "2025-07-16T00:38:00.594010Z", "fetched_at": "2025-07-16T00:39:33.024943+00:00", "symbol": "BTC-USD"}, {"trade_id": 850021378, "side": "sell", "size": "0.00009340", "price": "117778.82000000", "time": "2025-07-16T00:38:00.594010Z", "fetched_at": "2025-07-16T00:39:33.024943+00:00", "symbol": "BTC-USD"}