[{"trade_id": 850149771, "side": "buy", "size": "0.02238869", "price": "118245.96000000", "time": "2025-07-16T08:10:48.278024Z", "fetched_at": "2025-07-16T08:10:49.913884+00:00", "symbol": "BTC-USD"}, {"trade_id": 850149770, "side": "buy", "size": "0.00002189", "price": "118245.97000000", "time": "2025-07-16T08:10:48.278024Z", "fetched_at": "2025-07-16T08:10:49.913884+00:00", "symbol": "BTC-USD"}, {"trade_id": 850149769, "side": "buy", "size": "0.00134186", "price": "118245.97000000", "time": "2025-07-16T08:10:48.278024Z", "fetched_at": "2025-07-16T08:10:49.913884+00:00", "symbol": "BTC-USD"}, {"trade_id": 850149768, "side": "buy", "size": "0.00010638", "price": "118245.97000000", "time": "2025-07-16T08:10:48.278024Z", "fetched_at": "2025-07-16T08:10:49.913884+00:00", "symbol": "BTC-USD"}, {"trade_id": 850149767, "side": "buy", "size": "0.00001522", "price": "118245.97000000", "time": "2025-07-16T08:10:48.278024Z", "fetched_at": "2025-07-16T08:10:49.913884+00:00", "symbol": "BTC-USD"}, {"trade_id": 850149766, "side": "buy", "size": "0.00004194", "price": "118245.97000000", "time": "2025-07-16T08:10:48.278024Z", "fetched_at": "2025-07-16T08:10:49.913884+00:00", "symbol": "BTC-USD"}, {"trade_id": 850149765, "side": "buy", "size": "0.00000115", "price": "118245.97000000", "time": "2025-07-16T08:10:48.278024Z", "fetched_at": "2025-07-16T08:10:49.913884+00:00", "symbol": "BTC-USD"}, {"trade_id": 850149764, "side": "sell", "size": "0.00041092", "price": "118245.98000000", "time": "2025-07-16T08:10:47.742693Z", "fetched_at": "2025-07-16T08:10:49.913884+00:00", "symbol": "BTC-USD"}, {"trade_id": 850149763, "side": "sell", "size": "0.00020050", "price": "118245.98000000", "time": "2025-07-16T08:10:44.318121Z", "fetched_at": "2025-07-16T08:10:49.913884+00:00", "symbol": "BTC-USD"}, {"trade_id": 850149762, "side": "buy", "size": "0.00000885", "price": "118245.97000000", "time": "2025-07-16T08:10:44.134227Z", "fetched_at": "2025-07-16T08:10:49.913884+00:00", "symbol": "BTC-USD"}, {"trade_id": 850149761, "side": "sell", "size": "0.00005617", "price": "118245.98000000", "time": "2025-07-16T08:10:43.905662Z", "fetched_at": "2025-07-16T08:10:49.913884+00:00", "symbol": "BTC-USD"}, {"trade_id": 850149760, "side": "sell", "size": "0.00931772", "price": "118245.98000000", "time": "2025-07-16T08:10:41.757550Z", "fetched_at": "2025-07-16T08:10:49.913884+00:00", "symbol": "BTC-USD"}, {"trade_id": 850149759, "side": "sell", "size": "0.00050000", "price": "118245.98000000", "time": "2025-07-16T08:10:41.312511Z", "fetched_at": "2025-07-16T08:10:49.913884+00:00", "symbol": "BTC-USD"}, {"trade_id": 850149758, "side": "buy", "size": "0.04209696", "price": "118250.30000000", "time": "2025-07-16T08:10:40.591398Z", "fetched_at": "2025-07-16T08:10:49.913884+00:00", "symbol": "BTC-USD"}, {"trade_id": 850149757, "side": "buy", "size": "0.00190304", "price": "118250.30000000", "time": "2025-07-16T08:10:40.584486Z", "fetched_at": "2025-07-16T08:10:49.913884+00:00", "symbol": "BTC-USD"}, {"trade_id": 850149756, "side": "buy", "size": "0.00225607", "price": "118250.94000000", "time": "2025-07-16T08:10:40.584486Z", "fetched_at": "2025-07-16T08:10:49.913884+00:00", "symbol": "BTC-USD"}, {"trade_id": 850149755, "side": "buy", "size": "0.02311371", "price": "118250.94000000", "time": "2025-07-16T08:10:40.584119Z", "fetched_at": "2025-07-16T08:10:49.913884+00:00", "symbol": "BTC-USD"}, {"trade_id": 850149754, "side": "buy", "size": "0.04051776", "price": "118252.70000000", "time": "2025-07-16T08:10:40.584119Z", "fetched_at": "2025-07-16T08:10:49.913884+00:00", "symbol": "BTC-USD"}, {"trade_id": 850149753, "side": "buy", "size": "0.11346359", "price": "118252.70000000", "time": "2025-07-16T08:10:40.583833Z", "fetched_at": "2025-07-16T08:10:49.913884+00:00", "symbol": "BTC-USD"}, {"trade_id": 850149752, "side": "buy", "size": "0.00805000", "price": "118252.70000000", "time": "2025-07-16T08:10:40.579454Z", "fetched_at": "2025-07-16T08:10:49.913884+00:00", "symbol": "BTC-USD"}, {"trade_id": 850149751, "side": "buy", "size": "0.01850365", "price": "118252.70000000", "time": "2025-07-16T08:10:40.572710Z", "fetched_at": "2025-07-16T08:10:49.913884+00:00", "symbol": "BTC-USD"}, {"trade_id": 850149750, "side": "buy", "size": "0.00066476", "price": "118252.71000000", "time": "2025-07-16T08:10:40.572710Z", "fetched_at": "2025-07-16T08:10:49.913884+00:00", "symbol": "BTC-USD"}, {"trade_id": 850149749, "side": "buy", "size": "0.00002790", "price": "118252.71000000", "time": "2025-07-16T08:10:40.572710Z", "fetched_at": "2025-07-16T08:10:49.913884+00:00", "symbol": "BTC-USD"}, {"trade_id": 850149748, "side": "buy", "size": "0.00000042", "price": "118252.71000000", "time": "2025-07-16T08:10:40.572710Z", "fetched_at": "2025-07-16T08:10:49.913884+00:00", "symbol": "BTC-USD"}, {"trade_id": 850149747, "side": "buy", "size": "0.00001000", "price": "118254.84000000", "time": "2025-07-16T08:10:40.303570Z", "fetched_at": "2025-07-16T08:10:49.913884+00:00", "symbol": "BTC-USD"}, {"trade_id": 850149746, "side": "buy", "size": "0.02536843", "price": "118257.23000000", "time": "2025-07-16T08:10:40.302559Z", "fetched_at": "2025-07-16T08:10:49.913884+00:00", "symbol": "BTC-USD"}, {"trade_id": 850149745, "side": "buy", "size": "0.00000900", "price": "118258.98000000", "time": "2025-07-16T08:10:40.302559Z", "fetched_at": "2025-07-16T08:10:49.913884+00:00", "symbol": "BTC-USD"}, {"trade_id": 850149744, "side": "buy", "size": "0.00219302", "price": "118258.98000000", "time": "2025-07-16T08:10:40.302559Z", "fetched_at": "2025-07-16T08:10:49.913884+00:00", "symbol": "BTC-USD"}, {"trade_id": 850149743, "side": "buy", "size": "0.01586098", "price": "118258.98000000", "time": "2025-07-16T08:10:40.297771Z", "fetched_at": "2025-07-16T08:10:49.913884+00:00", "symbol": "BTC-USD"}, {"trade_id": 850149742, "side": "buy", "size": "0.00568400", "price": "118258.98000000", "time": "2025-07-16T08:10:40.297771Z", "fetched_at": "2025-07-16T08:10:49.913884+00:00", "symbol": "BTC-USD"}, {"trade_id": 850149741, "side": "buy", "size": "0.00000900", "price": "118258.99000000", "time": "2025-07-16T08:10:40.297771Z", "fetched_at": "2025-07-16T08:10:49.913884+00:00", "symbol": "BTC-USD"}, {"trade_id": 850149740, "side": "buy", "size": "0.00007800", "price": "118258.99000000", "time": "2025-07-16T08:10:40.297771Z", "fetched_at": "2025-07-16T08:10:49.913884+00:00", "symbol": "BTC-USD"}, {"trade_id": 850149739, "side": "buy", "size": "0.00002188", "price": "118259.00000000", "time": "2025-07-16T08:10:40.297771Z", "fetched_at": "2025-07-16T08:10:49.913884+00:00", "symbol": "BTC-USD"}, {"trade_id": 850149738, "side": "buy", "size": "0.00010375", "price": "118259.00000000", "time": "2025-07-16T08:10:40.297771Z", "fetched_at": "2025-07-16T08:10:49.913884+00:00", "symbol": "BTC-USD"}, {"trade_id": 850149737, "side": "buy", "size": "0.00030365", "price": "118259.00000000", "time": "2025-07-16T08:10:40.297771Z", "fetched_at": "2025-07-16T08:10:49.913884+00:00", "symbol": "BTC-USD"}, {"trade_id": 850149736, "side": "buy", "size": "0.00090360", "price": "118259.00000000", "time": "2025-07-16T08:10:40.297771Z", "fetched_at": "2025-07-16T08:10:49.913884+00:00", "symbol": "BTC-USD"}, {"trade_id": 850149735, "side": "buy", "size": "0.00002739", "price": "118259.00000000", "time": "2025-07-16T08:10:40.297771Z", "fetched_at": "2025-07-16T08:10:49.913884+00:00", "symbol": "BTC-USD"}, {"trade_id": 850149734, "side": "buy", "size": "0.00005479", "price": "118259.00000000", "time": "2025-07-16T08:10:40.297771Z", "fetched_at": "2025-07-16T08:10:49.913884+00:00", "symbol": "BTC-USD"}, {"trade_id": 850149733, "side": "buy", "size": "0.00010544", "price": "118259.00000000", "time": "2025-07-16T08:10:40.297771Z", "fetched_at": "2025-07-16T08:10:49.913884+00:00", "symbol": "BTC-USD"}, {"trade_id": 850149732, "side": "buy", "size": "0.00031042", "price": "118259.00000000", "time": "2025-07-16T08:10:40.297771Z", "fetched_at": "2025-07-16T08:10:49.913884+00:00", "symbol": "BTC-USD"}, {"trade_id": 850149731, "side": "buy", "size": "0.00092644", "price": "118259.00000000", "time": "2025-07-16T08:10:40.297771Z", "fetched_at": "2025-07-16T08:10:49.913884+00:00", "symbol": "BTC-USD"}, {"trade_id": 850149730, "side": "buy", "size": "0.00009589", "price": "118259.00000000", "time": "2025-07-16T08:10:40.297771Z", "fetched_at": "2025-07-16T08:10:49.913884+00:00", "symbol": "BTC-USD"}, {"trade_id": 850149729, "side": "buy", "size": "0.00018467", "price": "118259.00000000", "time": "2025-07-16T08:10:40.297771Z", "fetched_at": "2025-07-16T08:10:49.913884+00:00", "symbol": "BTC-USD"}, {"trade_id": 850149728, "side": "buy", "size": "0.00054761", "price": "118259.00000000", "time": "2025-07-16T08:10:40.297771Z", "fetched_at": "2025-07-16T08:10:49.913884+00:00", "symbol": "BTC-USD"}, {"trade_id": 850149727, "side": "buy", "size": "0.00164165", "price": "118259.00000000", "time": "2025-07-16T08:10:40.297771Z", "fetched_at": "2025-07-16T08:10:49.913884+00:00", "symbol": "BTC-USD"}, {"trade_id": 850149726, "side": "buy", "size": "0.00403117", "price": "118259.00000000", "time": "2025-07-16T08:10:40.297771Z", "fetched_at": "2025-07-16T08:10:49.913884+00:00", "symbol": "BTC-USD"}, {"trade_id": 850149725, "side": "buy", "size": "0.00089192", "price": "118259.00000000", "time": "2025-07-16T08:10:40.203659Z", "fetched_at": "2025-07-16T08:10:49.913884+00:00", "symbol": "BTC-USD"}, {"trade_id": 850149724, "side": "buy", "size": "0.00002188", "price": "118259.00000000", "time": "2025-07-16T08:10:40.203659Z", "fetched_at": "2025-07-16T08:10:49.913884+00:00", "symbol": "BTC-USD"}, {"trade_id": 850149723, "side": "buy", "size": "0.03682576", "price": "118259.00000000", "time": "2025-07-16T08:10:40.203659Z", "fetched_at": "2025-07-16T08:10:49.913884+00:00", "symbol": "BTC-USD"}, {"trade_id": 850149722, "side": "sell", "size": "0.00082174", "price": "118259.01000000", "time": "2025-07-16T08:10:39.737011Z", "fetched_at": "2025-07-16T08:10:49.913884+00:00", "symbol": "BTC-USD"}, {"trade_id": 850149721, "side": "sell", "size": "0.00026036", "price": "118259.01000000", "time": "2025-07-16T08:10:39.201390Z", "fetched_at": "2025-07-16T08:10:49.913884+00:00", "symbol": "BTC-USD"}, {"trade_id": 850149720, "side": "sell", "size": "0.00000820", "price": "118259.01000000", "time": "2025-07-16T08:10:38.882379Z", "fetched_at": "2025-07-16T08:10:49.913884+00:00", "symbol": "BTC-USD"}, {"trade_id": 850149719, "side": "sell", "size": "0.00032079", "price": "118259.01000000", "time": "2025-07-16T08:10:38.874247Z", "fetched_at": "2025-07-16T08:10:49.913884+00:00", "symbol": "BTC-USD"}, {"trade_id": 850149718, "side": "sell", "size": "0.00010451", "price": "118259.01000000", "time": "2025-07-16T08:10:38.292742Z", "fetched_at": "2025-07-16T08:10:49.913884+00:00", "symbol": "BTC-USD"}, {"trade_id": 850149717, "side": "buy", "size": "0.00041756", "price": "118259.00000000", "time": "2025-07-16T08:10:37.096282Z", "fetched_at": "2025-07-16T08:10:49.913884+00:00", "symbol": "BTC-USD"}, {"trade_id": 850149716, "side": "sell", "size": "0.00073953", "price": "118259.01000000", "time": "2025-07-16T08:10:36.124614Z", "fetched_at": "2025-07-16T08:10:49.913884+00:00", "symbol": "BTC-USD"}, {"trade_id": 850149715, "side": "buy", "size": "0.00555137", "price": "118259.00000000", "time": "2025-07-16T08:10:35.005755Z", "fetched_at": "2025-07-16T08:10:49.913884+00:00", "symbol": "BTC-USD"}, {"trade_id": 850149714, "side": "buy", "size": "0.00028344", "price": "118259.00000000", "time": "2025-07-16T08:10:31.893487Z", "fetched_at": "2025-07-16T08:10:49.913884+00:00", "symbol": "BTC-USD"}, {"trade_id": 850149713, "side": "buy", "size": "0.00034289", "price": "118259.00000000", "time": "2025-07-16T08:10:30.760535Z", "fetched_at": "2025-07-16T08:10:49.913884+00:00", "symbol": "BTC-USD"}, {"trade_id": 850149712, "side": "sell", "size": "0.00014441", "price": "118259.01000000", "time": "2025-07-16T08:10:26.695183Z", "fetched_at": "2025-07-16T08:10:49.913884+00:00", "symbol": "BTC-USD"}, {"trade_id": 850149711, "side": "sell", "size": "0.00016040", "price": "118259.01000000", "time": "2025-07-16T08:10:26.568172Z", "fetched_at": "2025-07-16T08:10:49.913884+00:00", "symbol": "BTC-USD"}, {"trade_id": 850149710, "side": "sell", "size": "0.00008354", "price": "118259.01000000", "time": "2025-07-16T08:10:23.501461Z", "fetched_at": "2025-07-16T08:10:49.913884+00:00", "symbol": "BTC-USD"}, {"trade_id": 850149709, "side": "buy", "size": "0.00004218", "price": "118259.00000000", "time": "2025-07-16T08:10:23.451781Z", "fetched_at": "2025-07-16T08:10:49.913884+00:00", "symbol": "BTC-USD"}, {"trade_id": 850149708, "side": "sell", "size": "0.00083715", "price": "118259.01000000", "time": "2025-07-16T08:10:21.823975Z", "fetched_at": "2025-07-16T08:10:49.913884+00:00", "symbol": "BTC-USD"}, {"trade_id": 850149707, "side": "sell", "size": "0.00082174", "price": "118259.01000000", "time": "2025-07-16T08:10:21.526979Z", "fetched_at": "2025-07-16T08:10:49.913884+00:00", "symbol": "BTC-USD"}, {"trade_id": 850149706, "side": "sell", "size": "0.00067318", "price": "118259.01000000", "time": "2025-07-16T08:10:19.394530Z", "fetched_at": "2025-07-16T08:10:49.913884+00:00", "symbol": "BTC-USD"}, {"trade_id": 850149705, "side": "sell", "size": "0.00027773", "price": "118259.01000000", "time": "2025-07-16T08:10:14.945711Z", "fetched_at": "2025-07-16T08:10:49.913884+00:00", "symbol": "BTC-USD"}, {"trade_id": 850149704, "side": "sell", "size": "0.00103481", "price": "118259.01000000", "time": "2025-07-16T08:10:14.417576Z", "fetched_at": "2025-07-16T08:10:49.913884+00:00", "symbol": "BTC-USD"}, {"trade_id": 850149703, "side": "buy", "size": "0.00253680", "price": "118259.00000000", "time": "2025-07-16T08:10:14.214016Z", "fetched_at": "2025-07-16T08:10:49.913884+00:00", "symbol": "BTC-USD"}, {"trade_id": 850149702, "side": "sell", "size": "0.00020047", "price": "118259.01000000", "time": "2025-07-16T08:10:13.096707Z", "fetched_at": "2025-07-16T08:10:49.913884+00:00", "symbol": "BTC-USD"}, {"trade_id": 850149701, "side": "sell", "size": "0.00002447", "price": "118259.01000000", "time": "2025-07-16T08:10:12.501526Z", "fetched_at": "2025-07-16T08:10:49.913884+00:00", "symbol": "BTC-USD"}, {"trade_id": 850149700, "side": "sell", "size": "0.00083705", "price": "118259.01000000", "time": "2025-07-16T08:10:10.122004Z", "fetched_at": "2025-07-16T08:10:49.913884+00:00", "symbol": "BTC-USD"}, {"trade_id": 850149699, "side": "sell", "size": "0.00064160", "price": "118259.01000000", "time": "2025-07-16T08:10:09.842117Z", "fetched_at": "2025-07-16T08:10:49.913884+00:00", "symbol": "BTC-USD"}, {"trade_id": 850149698, "side": "sell", "size": "0.00164329", "price": "118259.01000000", "time": "2025-07-16T08:10:08.825504Z", "fetched_at": "2025-07-16T08:10:49.913884+00:00", "symbol": "BTC-USD"}, {"trade_id": 850149697, "side": "buy", "size": "0.00268725", "price": "118267.59000000", "time": "2025-07-16T08:10:07.495278Z", "fetched_at": "2025-07-16T08:10:49.913884+00:00", "symbol": "BTC-USD"}, {"trade_id": 850149696, "side": "buy", "size": "0.00246745", "price": "118267.70000000", "time": "2025-07-16T08:10:07.495278Z", "fetched_at": "2025-07-16T08:10:49.913884+00:00", "symbol": "BTC-USD"}, {"trade_id": 850149695, "side": "buy", "size": "0.04653255", "price": "118267.70000000", "time": "2025-07-16T08:10:07.337213Z", "fetched_at": "2025-07-16T08:10:49.913884+00:00", "symbol": "BTC-USD"}, {"trade_id": 850149694, "side": "buy", "size": "0.01343623", "price": "118267.71000000", "time": "2025-07-16T08:10:07.337213Z", "fetched_at": "2025-07-16T08:10:49.913884+00:00", "symbol": "BTC-USD"}, {"trade_id": 850149693, "side": "buy", "size": "0.00137341", "price": "118269.04000000", "time": "2025-07-16T08:10:07.337213Z", "fetched_at": "2025-07-16T08:10:49.913884+00:00", "symbol": "BTC-USD"}, {"trade_id": 850149692, "side": "buy", "size": "0.07738880", "price": "118269.04000000", "time": "2025-07-16T08:10:07.321657Z", "fetched_at": "2025-07-16T08:10:49.913884+00:00", "symbol": "BTC-USD"}, {"trade_id": 850149691, "side": "buy", "size": "0.00137341", "price": "118270.74000000", "time": "2025-07-16T08:10:07.321657Z", "fetched_at": "2025-07-16T08:10:49.913884+00:00", "symbol": "BTC-USD"}, {"trade_id": 850149690, "side": "buy", "size": "0.02399212", "price": "118270.74000000", "time": "2025-07-16T08:10:07.320078Z", "fetched_at": "2025-07-16T08:10:49.913884+00:00", "symbol": "BTC-USD"}, {"trade_id": 850149689, "side": "buy", "size": "0.00000041", "price": "118272.57000000", "time": "2025-07-16T08:10:07.320078Z", "fetched_at": "2025-07-16T08:10:49.913884+00:00", "symbol": "BTC-USD"}, {"trade_id": 850149688, "side": "buy", "size": "0.00000900", "price": "118272.75000000", "time": "2025-07-16T08:10:07.320078Z", "fetched_at": "2025-07-16T08:10:49.913884+00:00", "symbol": "BTC-USD"}, {"trade_id": 850149687, "side": "buy", "size": "0.00136400", "price": "118272.75000000", "time": "2025-07-16T08:10:07.320078Z", "fetched_at": "2025-07-16T08:10:49.913884+00:00", "symbol": "BTC-USD"}, {"trade_id": 850149686, "side": "buy", "size": "0.00671092", "price": "118272.77000000", "time": "2025-07-16T08:10:07.318848Z", "fetched_at": "2025-07-16T08:10:49.913884+00:00", "symbol": "BTC-USD"}, {"trade_id": 850149685, "side": "buy", "size": "0.02563303", "price": "118272.77000000", "time": "2025-07-16T08:10:07.318848Z", "fetched_at": "2025-07-16T08:10:49.913884+00:00", "symbol": "BTC-USD"}, {"trade_id": 850149684, "side": "buy", "size": "0.06512544", "price": "118272.77000000", "time": "2025-07-16T08:10:07.318499Z", "fetched_at": "2025-07-16T08:10:49.913884+00:00", "symbol": "BTC-USD"}, {"trade_id": 850149683, "side": "buy", "size": "0.05122862", "price": "118272.77000000", "time": "2025-07-16T08:10:07.317952Z", "fetched_at": "2025-07-16T08:10:49.913884+00:00", "symbol": "BTC-USD"}, {"trade_id": 850149682, "side": "buy", "size": "0.00000900", "price": "118272.77000000", "time": "2025-07-16T08:10:07.317952Z", "fetched_at": "2025-07-16T08:10:49.913884+00:00", "symbol": "BTC-USD"}, {"trade_id": 850149681, "side": "sell", "size": "0.00080204", "price": "118272.78000000", "time": "2025-07-16T08:10:04.117971Z", "fetched_at": "2025-07-16T08:10:49.913884+00:00", "symbol": "BTC-USD"}, {"trade_id": 850149680, "side": "sell", "size": "0.00803241", "price": "118272.78000000", "time": "2025-07-16T08:10:04.069300Z", "fetched_at": "2025-07-16T08:10:49.913884+00:00", "symbol": "BTC-USD"}, {"trade_id": 850149679, "side": "sell", "size": "0.00041082", "price": "118272.78000000", "time": "2025-07-16T08:10:02.650815Z", "fetched_at": "2025-07-16T08:10:49.913884+00:00", "symbol": "BTC-USD"}, {"trade_id": 850149678, "side": "sell", "size": "0.00012558", "price": "118272.78000000", "time": "2025-07-16T08:10:02.321516Z", "fetched_at": "2025-07-16T08:10:49.913884+00:00", "symbol": "BTC-USD"}, {"trade_id": 850149677, "side": "sell", "size": "0.00008372", "price": "118272.82000000", "time": "2025-07-16T08:09:57.747988Z", "fetched_at": "2025-07-16T08:10:49.913884+00:00", "symbol": "BTC-USD"}, {"trade_id": 850149676, "side": "sell", "size": "0.00016744", "price": "118272.82000000", "time": "2025-07-16T08:09:57.735185Z", "fetched_at": "2025-07-16T08:10:49.913884+00:00", "symbol": "BTC-USD"}, {"trade_id": 850149675, "side": "sell", "size": "0.00003977", "price": "118272.82000000", "time": "2025-07-16T08:09:56.532618Z", "fetched_at": "2025-07-16T08:10:49.913884+00:00", "symbol": "BTC-USD"}, {"trade_id": 850149674, "side": "sell", "size": "0.00012558", "price": "118272.82000000", "time": "2025-07-16T08:09:56.144688Z", "fetched_at": "2025-07-16T08:10:49.913884+00:00", "symbol": "BTC-USD"}, {"trade_id": 850149673, "side": "sell", "size": "0.00012323", "price": "118272.82000000", "time": "2025-07-16T08:09:56.135839Z", "fetched_at": "2025-07-16T08:10:49.913884+00:00", "symbol": "BTC-USD"}, {"trade_id": 850149672, "side": "sell", "size": "0.00031788", "price": "118272.82000000", "time": "2025-07-16T08:09:55.592649Z", "fetched_at": "2025-07-16T08:10:49.913884+00:00", "symbol": "BTC-USD"}, {"trade_id": 850149671, "side": "sell", "size": "0.00009301", "price": "118272.82000000", "time": "2025-07-16T08:09:55.592649Z", "fetched_at": "2025-07-16T08:10:49.913884+00:00", "symbol": "BTC-USD"}, {"trade_id": 850149670, "side": "buy", "size": "0.00017082", "price": "118272.81000000", "time": "2025-07-16T08:09:55.031896Z", "fetched_at": "2025-07-16T08:10:49.913884+00:00", "symbol": "BTC-USD"}, {"trade_id": 850149669, "side": "sell", "size": "0.00023567", "price": "118284.40000000", "time": "2025-07-16T08:09:54.096527Z", "fetched_at": "2025-07-16T08:10:49.913884+00:00", "symbol": "BTC-USD"}, {"trade_id": 850149668, "side": "sell", "size": "0.00009301", "price": "118272.58000000", "time": "2025-07-16T08:09:54.096527Z", "fetched_at": "2025-07-16T08:10:49.913884+00:00", "symbol": "BTC-USD"}, {"trade_id": 850149667, "side": "sell", "size": "0.00103869", "price": "118285.44000000", "time": "2025-07-16T08:09:53.680644Z", "fetched_at": "2025-07-16T08:10:49.913884+00:00", "symbol": "BTC-USD"}, {"trade_id": 850149666, "side": "sell", "size": "0.00000228", "price": "118281.45000000", "time": "2025-07-16T08:09:53.680644Z", "fetched_at": "2025-07-16T08:10:49.913884+00:00", "symbol": "BTC-USD"}, {"trade_id": 850149665, "side": "sell", "size": "0.00001127", "price": "118281.45000000", "time": "2025-07-16T08:09:53.680644Z", "fetched_at": "2025-07-16T08:10:49.913884+00:00", "symbol": "BTC-USD"}, {"trade_id": 850149664, "side": "sell", "size": "0.00001000", "price": "118281.45000000", "time": "2025-07-16T08:09:53.680644Z", "fetched_at": "2025-07-16T08:10:49.913884+00:00", "symbol": "BTC-USD"}, {"trade_id": 850149663, "side": "sell", "size": "0.00009301", "price": "118272.58000000", "time": "2025-07-16T08:09:53.680644Z", "fetched_at": "2025-07-16T08:10:49.913884+00:00", "symbol": "BTC-USD"}, {"trade_id": 850149662, "side": "sell", "size": "0.00013831", "price": "118279.34000000", "time": "2025-07-16T08:09:53.161287Z", "fetched_at": "2025-07-16T08:10:49.913884+00:00", "symbol": "BTC-USD"}, {"trade_id": 850149661, "side": "sell", "size": "0.00001000", "price": "118272.58000000", "time": "2025-07-16T08:09:53.161287Z", "fetched_at": "2025-07-16T08:10:49.913884+00:00", "symbol": "BTC-USD"}, {"trade_id": 850149660, "side": "sell", "size": "0.00000152", "price": "118271.66000000", "time": "2025-07-16T08:09:53.161287Z", "fetched_at": "2025-07-16T08:10:49.913884+00:00", "symbol": "BTC-USD"}, {"trade_id": 850149659, "side": "sell", "size": "0.00001451", "price": "118271.66000000", "time": "2025-07-16T08:09:53.161287Z", "fetched_at": "2025-07-16T08:10:49.913884+00:00", "symbol": "BTC-USD"}, {"trade_id": 850149658, "side": "sell", "size": "0.02536661", "price": "118265.71000000", "time": "2025-07-16T08:09:53.109769Z", "fetched_at": "2025-07-16T08:10:49.913884+00:00", "symbol": "BTC-USD"}, {"trade_id": 850149657, "side": "sell", "size": "0.00845559", "price": "118264.95000000", "time": "2025-07-16T08:09:53.109769Z", "fetched_at": "2025-07-16T08:10:49.913884+00:00", "symbol": "BTC-USD"}, {"trade_id": 850149656, "side": "sell", "size": "0.00009301", "price": "118263.94000000", "time": "2025-07-16T08:09:53.109769Z", "fetched_at": "2025-07-16T08:10:49.913884+00:00", "symbol": "BTC-USD"}, {"trade_id": 850149655, "side": "sell", "size": "0.23049529", "price": "118263.94000000", "time": "2025-07-16T08:09:53.109769Z", "fetched_at": "2025-07-16T08:10:49.913884+00:00", "symbol": "BTC-USD"}, {"trade_id": 850149654, "side": "sell", "size": "0.00000628", "price": "118263.94000000", "time": "2025-07-16T08:09:52.989783Z", "fetched_at": "2025-07-16T08:10:49.913884+00:00", "symbol": "BTC-USD"}, {"trade_id": 850149653, "side": "sell", "size": "0.00016000", "price": "118263.94000000", "time": "2025-07-16T08:09:52.616706Z", "fetched_at": "2025-07-16T08:10:49.913884+00:00", "symbol": "BTC-USD"}, {"trade_id": 850149652, "side": "sell", "size": "0.00040101", "price": "118263.94000000", "time": "2025-07-16T08:09:52.509477Z", "fetched_at": "2025-07-16T08:10:49.913884+00:00", "symbol": "BTC-USD"}, {"trade_id": 850149651, "side": "sell", "size": "0.00641236", "price": "118263.94000000", "time": "2025-07-16T08:09:52.361239Z", "fetched_at": "2025-07-16T08:10:49.913884+00:00", "symbol": "BTC-USD"}, {"trade_id": 850149650, "side": "buy", "size": "0.03681660", "price": "118263.91000000", "time": "2025-07-16T08:09:52.063325Z", "fetched_at": "2025-07-16T08:10:49.913884+00:00", "symbol": "BTC-USD"}, {"trade_id": 850149649, "side": "buy", "size": "0.02000000", "price": "118264.51000000", "time": "2025-07-16T08:09:52.063325Z", "fetched_at": "2025-07-16T08:10:49.913884+00:00", "symbol": "BTC-USD"}, {"trade_id": 850149648, "side": "buy", "size": "0.00000900", "price": "118264.93000000", "time": "2025-07-16T08:09:52.063325Z", "fetched_at": "2025-07-16T08:10:49.913884+00:00", "symbol": "BTC-USD"}, {"trade_id": 850149647, "side": "buy", "size": "0.00088900", "price": "118264.93000000", "time": "2025-07-16T08:09:52.063325Z", "fetched_at": "2025-07-16T08:10:49.913884+00:00", "symbol": "BTC-USD"}, {"trade_id": 850149646, "side": "buy", "size": "0.00213900", "price": "118264.93000000", "time": "2025-07-16T08:09:52.063325Z", "fetched_at": "2025-07-16T08:10:49.913884+00:00", "symbol": "BTC-USD"}, {"trade_id": 850149645, "side": "buy", "size": "0.02000000", "price": "118264.95000000", "time": "2025-07-16T08:09:52.063325Z", "fetched_at": "2025-07-16T08:10:49.913884+00:00", "symbol": "BTC-USD"}, {"trade_id": 850149644, "side": "buy", "size": "0.13230000", "price": "118264.95000000", "time": "2025-07-16T08:09:52.063325Z", "fetched_at": "2025-07-16T08:10:49.913884+00:00", "symbol": "BTC-USD"}, {"trade_id": 850149643, "side": "buy", "size": "0.00845500", "price": "118264.95000000", "time": "2025-07-16T08:09:52.063325Z", "fetched_at": "2025-07-16T08:10:49.913884+00:00", "symbol": "BTC-USD"}, {"trade_id": 850149642, "side": "buy", "size": "0.00210100", "price": "118264.95000000", "time": "2025-07-16T08:09:52.063325Z", "fetched_at": "2025-07-16T08:10:49.913884+00:00", "symbol": "BTC-USD"}, {"trade_id": 850149641, "side": "sell", "size": "0.00041089", "price": "118264.96000000", "time": "2025-07-16T08:09:51.858658Z", "fetched_at": "2025-07-16T08:10:49.913884+00:00", "symbol": "BTC-USD"}, {"trade_id": 850149640, "side": "sell", "size": "0.00283125", "price": "118264.96000000", "time": "2025-07-16T08:09:51.577872Z", "fetched_at": "2025-07-16T08:10:49.913884+00:00", "symbol": "BTC-USD"}, {"trade_id": 850149639, "side": "sell", "size": "0.00080211", "price": "118264.96000000", "time": "2025-07-16T08:09:51.577163Z", "fetched_at": "2025-07-16T08:10:49.913884+00:00", "symbol": "BTC-USD"}, {"trade_id": 850149638, "side": "sell", "size": "0.00013143", "price": "118264.96000000", "time": "2025-07-16T08:09:50.990869Z", "fetched_at": "2025-07-16T08:10:49.913884+00:00", "symbol": "BTC-USD"}, {"trade_id": 850149637, "side": "sell", "size": "0.00053488", "price": "118266.76000000", "time": "2025-07-16T08:09:50.359525Z", "fetched_at": "2025-07-16T08:10:49.913884+00:00", "symbol": "BTC-USD"}, {"trade_id": 850149636, "side": "sell", "size": "0.00009301", "price": "118264.96000000", "time": "2025-07-16T08:09:50.359525Z", "fetched_at": "2025-07-16T08:10:49.913884+00:00", "symbol": "BTC-USD"}, {"trade_id": 850149635, "side": "buy", "size": "0.00003016", "price": "118266.73000000", "time": "2025-07-16T08:09:49.275832Z", "fetched_at": "2025-07-16T08:10:49.913884+00:00", "symbol": "BTC-USD"}, {"trade_id": 850149634, "side": "buy", "size": "0.00539600", "price": "118266.73000000", "time": "2025-07-16T08:09:49.275832Z", "fetched_at": "2025-07-16T08:10:49.913884+00:00", "symbol": "BTC-USD"}, {"trade_id": 850149633, "side": "buy", "size": "0.03100000", "price": "118266.75000000", "time": "2025-07-16T08:09:49.275832Z", "fetched_at": "2025-07-16T08:10:49.913884+00:00", "symbol": "BTC-USD"}, {"trade_id": 850149632, "side": "buy", "size": "0.05548088", "price": "118266.00000000", "time": "2025-07-16T08:09:47.758879Z", "fetched_at": "2025-07-16T08:10:49.913884+00:00", "symbol": "BTC-USD"}, {"trade_id": 850149631, "side": "buy", "size": "0.08620000", "price": "118266.59000000", "time": "2025-07-16T08:09:47.758879Z", "fetched_at": "2025-07-16T08:10:49.913884+00:00", "symbol": "BTC-USD"}, {"trade_id": 850149630, "side": "buy", "size": "0.00035390", "price": "118266.70000000", "time": "2025-07-16T08:09:47.758879Z", "fetched_at": "2025-07-16T08:10:49.913884+00:00", "symbol": "BTC-USD"}, {"trade_id": 850149629, "side": "buy", "size": "0.00026359", "price": "118266.72000000", "time": "2025-07-16T08:09:47.758879Z", "fetched_at": "2025-07-16T08:10:49.913884+00:00", "symbol": "BTC-USD"}, {"trade_id": 850149628, "side": "buy", "size": "0.00845600", "price": "118266.74000000", "time": "2025-07-16T08:09:47.758879Z", "fetched_at": "2025-07-16T08:10:49.913884+00:00", "symbol": "BTC-USD"}, {"trade_id": 850149627, "side": "buy", "size": "0.02000000", "price": "118266.74000000", "time": "2025-07-16T08:09:47.758879Z", "fetched_at": "2025-07-16T08:10:49.913884+00:00", "symbol": "BTC-USD"}, {"trade_id": 850149626, "side": "buy", "size": "0.13230000", "price": "118266.74000000", "time": "2025-07-16T08:09:47.758879Z", "fetched_at": "2025-07-16T08:10:49.913884+00:00", "symbol": "BTC-USD"}, {"trade_id": 850149625, "side": "buy", "size": "0.02700000", "price": "118266.74000000", "time": "2025-07-16T08:09:47.758879Z", "fetched_at": "2025-07-16T08:10:49.913884+00:00", "symbol": "BTC-USD"}, {"trade_id": 850149624, "side": "sell", "size": "0.00000219", "price": "118266.60000000", "time": "2025-07-16T08:09:47.711684Z", "fetched_at": "2025-07-16T08:10:49.913884+00:00", "symbol": "BTC-USD"}, {"trade_id": 850149623, "side": "sell", "size": "0.00001033", "price": "118266.60000000", "time": "2025-07-16T08:09:47.711684Z", "fetched_at": "2025-07-16T08:10:49.913884+00:00", "symbol": "BTC-USD"}, {"trade_id": 850149622, "side": "sell", "size": "0.00845549", "price": "118266.24000000", "time": "2025-07-16T08:09:47.711684Z", "fetched_at": "2025-07-16T08:10:49.913884+00:00", "symbol": "BTC-USD"}, {"trade_id": 850149621, "side": "sell", "size": "0.02536651", "price": "118266.16000000", "time": "2025-07-16T08:09:47.711684Z", "fetched_at": "2025-07-16T08:10:49.913884+00:00", "symbol": "BTC-USD"}, {"trade_id": 850149620, "side": "sell", "size": "0.00009301", "price": "118264.39000000", "time": "2025-07-16T08:09:47.711684Z", "fetched_at": "2025-07-16T08:10:49.913884+00:00", "symbol": "BTC-USD"}, {"trade_id": 850149619, "side": "sell", "size": "0.34184409", "price": "118264.39000000", "time": "2025-07-16T08:09:47.711684Z", "fetched_at": "2025-07-16T08:10:49.913884+00:00", "symbol": "BTC-USD"}, {"trade_id": 850149618, "side": "sell", "size": "0.00082612", "price": "118264.39000000", "time": "2025-07-16T08:09:46.057488Z", "fetched_at": "2025-07-16T08:10:49.913884+00:00", "symbol": "BTC-USD"}, {"trade_id": 850149617, "side": "sell", "size": "0.00008021", "price": "118264.40000000", "time": "2025-07-16T08:09:45.800656Z", "fetched_at": "2025-07-16T08:10:49.913884+00:00", "symbol": "BTC-USD"}, {"trade_id": 850149616, "side": "buy", "size": "0.00007307", "price": "118264.88000000", "time": "2025-07-16T08:09:45.790439Z", "fetched_at": "2025-07-16T08:10:49.913884+00:00", "symbol": "BTC-USD"}, {"trade_id": 850149615, "side": "buy", "size": "0.00018303", "price": "118265.34000000", "time": "2025-07-16T08:09:45.790439Z", "fetched_at": "2025-07-16T08:10:49.913884+00:00", "symbol": "BTC-USD"}, {"trade_id": 850149614, "side": "buy", "size": "0.03791000", "price": "118265.55000000", "time": "2025-07-16T08:09:45.790439Z", "fetched_at": "2025-07-16T08:10:49.913884+00:00", "symbol": "BTC-USD"}, {"trade_id": 850149613, "side": "buy", "size": "0.13230000", "price": "118265.57000000", "time": "2025-07-16T08:09:45.790439Z", "fetched_at": "2025-07-16T08:10:49.913884+00:00", "symbol": "BTC-USD"}, {"trade_id": 850149612, "side": "buy", "size": "0.02900000", "price": "118265.57000000", "time": "2025-07-16T08:09:45.790439Z", "fetched_at": "2025-07-16T08:10:49.913884+00:00", "symbol": "BTC-USD"}, {"trade_id": 850149611, "side": "sell", "size": "0.00189698", "price": "118265.56000000", "time": "2025-07-16T08:09:45.691472Z", "fetched_at": "2025-07-16T08:10:49.913884+00:00", "symbol": "BTC-USD"}, {"trade_id": 850149610, "side": "sell", "size": "0.00009302", "price": "118265.55000000", "time": "2025-07-16T08:09:45.691472Z", "fetched_at": "2025-07-16T08:10:49.913884+00:00", "symbol": "BTC-USD"}, {"trade_id": 850149609, "side": "sell", "size": "0.00001000", "price": "118263.71000000", "time": "2025-07-16T08:09:45.691472Z", "fetched_at": "2025-07-16T08:10:49.913884+00:00", "symbol": "BTC-USD"}, {"trade_id": 850149608, "side": "sell", "size": "0.00005168", "price": "118252.72000000", "time": "2025-07-16T08:09:44.731698Z", "fetched_at": "2025-07-16T08:10:49.913884+00:00", "symbol": "BTC-USD"}, {"trade_id": 850149607, "side": "sell", "size": "0.00001276", "price": "118252.72000000", "time": "2025-07-16T08:09:44.731698Z", "fetched_at": "2025-07-16T08:10:49.913884+00:00", "symbol": "BTC-USD"}, {"trade_id": 850149606, "side": "sell", "size": "0.34228565", "price": "118252.72000000", "time": "2025-07-16T08:09:44.731698Z", "fetched_at": "2025-07-16T08:10:49.913884+00:00", "symbol": "BTC-USD"}, {"trade_id": 850149605, "side": "sell", "size": "0.02700000", "price": "118252.72000000", "time": "2025-07-16T08:09:44.327186Z", "fetched_at": "2025-07-16T08:10:49.913884+00:00", "symbol": "BTC-USD"}, {"trade_id": 850149604, "side": "buy", "size": "0.00001293", "price": "118252.71000000", "time": "2025-07-16T08:09:39.166620Z", "fetched_at": "2025-07-16T08:10:49.913884+00:00", "symbol": "BTC-USD"}, {"trade_id": 850149603, "side": "buy", "size": "0.01941052", "price": "118252.72000000", "time": "2025-07-16T08:09:38.970750Z", "fetched_at": "2025-07-16T08:10:49.913884+00:00", "symbol": "BTC-USD"}, {"trade_id": 850149602, "side": "buy", "size": "0.00068498", "price": "118258.63000000", "time": "2025-07-16T08:09:38.970750Z", "fetched_at": "2025-07-16T08:10:49.913884+00:00", "symbol": "BTC-USD"}, {"trade_id": 850149601, "side": "buy", "size": "0.06718113", "price": "118258.64000000", "time": "2025-07-16T08:09:38.970750Z", "fetched_at": "2025-07-16T08:10:49.913884+00:00", "symbol": "BTC-USD"}, {"trade_id": 850149600, "side": "buy", "size": "0.13230000", "price": "118261.60000000", "time": "2025-07-16T08:09:38.970750Z", "fetched_at": "2025-07-16T08:10:49.913884+00:00", "symbol": "BTC-USD"}, {"trade_id": 850149599, "side": "buy", "size": "0.00599000", "price": "118261.60000000", "time": "2025-07-16T08:09:38.970750Z", "fetched_at": "2025-07-16T08:10:49.913884+00:00", "symbol": "BTC-USD"}, {"trade_id": 850149598, "side": "sell", "size": "0.02148921", "price": "118252.72000000", "time": "2025-07-16T08:09:38.905162Z", "fetched_at": "2025-07-16T08:10:49.913884+00:00", "symbol": "BTC-USD"}, {"trade_id": 850149597, "side": "sell", "size": "0.00722640", "price": "118252.72000000", "time": "2025-07-16T08:09:38.902120Z", "fetched_at": "2025-07-16T08:10:49.913884+00:00", "symbol": "BTC-USD"}, {"trade_id": 850149596, "side": "buy", "size": "0.02000000", "price": "118252.72000000", "time": "2025-07-16T08:09:38.812829Z", "fetched_at": "2025-07-16T08:10:49.913884+00:00", "symbol": "BTC-USD"}, {"trade_id": 850149595, "side": "buy", "size": "0.00097399", "price": "118253.59000000", "time": "2025-07-16T08:09:38.812829Z", "fetched_at": "2025-07-16T08:10:49.913884+00:00", "symbol": "BTC-USD"}, {"trade_id": 850149594, "side": "buy", "size": "0.00073049", "price": "118253.89000000", "time": "2025-07-16T08:09:38.812829Z", "fetched_at": "2025-07-16T08:10:49.913884+00:00", "symbol": "BTC-USD"}, {"trade_id": 850149593, "side": "buy", "size": "0.02000000", "price": "118254.48000000", "time": "2025-07-16T08:09:38.812829Z", "fetched_at": "2025-07-16T08:10:49.913884+00:00", "symbol": "BTC-USD"}, {"trade_id": 850149592, "side": "buy", "size": "0.00845700", "price": "118256.85000000", "time": "2025-07-16T08:09:38.812829Z", "fetched_at": "2025-07-16T08:10:49.913884+00:00", "symbol": "BTC-USD"}, {"trade_id": 850149591, "side": "buy", "size": "0.04700000", "price": "118259.00000000", "time": "2025-07-16T08:09:38.812829Z", "fetched_at": "2025-07-16T08:10:49.913884+00:00", "symbol": "BTC-USD"}, {"trade_id": 850149590, "side": "buy", "size": "0.00013001", "price": "118262.21000000", "time": "2025-07-16T08:09:38.812829Z", "fetched_at": "2025-07-16T08:10:49.913884+00:00", "symbol": "BTC-USD"}, {"trade_id": 850149589, "side": "buy", "size": "0.00000659", "price": "118263.70000000", "time": "2025-07-16T08:09:38.812829Z", "fetched_at": "2025-07-16T08:10:49.913884+00:00", "symbol": "BTC-USD"}, {"trade_id": 850149588, "side": "buy", "size": "0.00939383", "price": "118263.70000000", "time": "2025-07-16T08:09:38.812829Z", "fetched_at": "2025-07-16T08:10:49.913884+00:00", "symbol": "BTC-USD"}, {"trade_id": 850149587, "side": "buy", "size": "0.00002443", "price": "118263.70000000", "time": "2025-07-16T08:09:38.812829Z", "fetched_at": "2025-07-16T08:10:49.913884+00:00", "symbol": "BTC-USD"}, {"trade_id": 850149586, "side": "buy", "size": "0.13230000", "price": "118263.70000000", "time": "2025-07-16T08:09:38.812829Z", "fetched_at": "2025-07-16T08:10:49.913884+00:00", "symbol": "BTC-USD"}, {"trade_id": 850149585, "side": "sell", "size": "0.00014920", "price": "118254.84000000", "time": "2025-07-16T08:09:38.760226Z", "fetched_at": "2025-07-16T08:10:49.913884+00:00", "symbol": "BTC-USD"}, {"trade_id": 850149584, "side": "sell", "size": "0.00003162", "price": "118254.84000000", "time": "2025-07-16T08:09:38.760226Z", "fetched_at": "2025-07-16T08:10:49.913884+00:00", "symbol": "BTC-USD"}, {"trade_id": 850149583, "side": "sell", "size": "0.07564185", "price": "118254.84000000", "time": "2025-07-16T08:09:38.760226Z", "fetched_at": "2025-07-16T08:10:49.913884+00:00", "symbol": "BTC-USD"}, {"trade_id": 850149582, "side": "sell", "size": "0.00829212", "price": "118254.84000000", "time": "2025-07-16T08:09:38.760048Z", "fetched_at": "2025-07-16T08:10:49.913884+00:00", "symbol": "BTC-USD"}, {"trade_id": 850149581, "side": "sell", "size": "0.02894162", "price": "118254.84000000", "time": "2025-07-16T08:09:38.758223Z", "fetched_at": "2025-07-16T08:10:49.913884+00:00", "symbol": "BTC-USD"}, {"trade_id": 850149580, "side": "sell", "size": "0.03516986", "price": "118254.84000000", "time": "2025-07-16T08:09:38.757677Z", "fetched_at": "2025-07-16T08:10:49.913884+00:00", "symbol": "BTC-USD"}, {"trade_id": 850149579, "side": "sell", "size": "0.16229843", "price": "118254.84000000", "time": "2025-07-16T08:09:38.757457Z", "fetched_at": "2025-07-16T08:10:49.913884+00:00", "symbol": "BTC-USD"}, {"trade_id": 850149578, "side": "sell", "size": "0.00001000", "price": "118254.84000000", "time": "2025-07-16T08:09:38.757457Z", "fetched_at": "2025-07-16T08:10:49.913884+00:00", "symbol": "BTC-USD"}, {"trade_id": 850149577, "side": "sell", "size": "0.01920871", "price": "118254.49000000", "time": "2025-07-16T08:09:38.757457Z", "fetched_at": "2025-07-16T08:10:49.913884+00:00", "symbol": "BTC-USD"}, {"trade_id": 850149576, "side": "sell", "size": "0.00616031", "price": "118254.49000000", "time": "2025-07-16T08:09:38.757380Z", "fetched_at": "2025-07-16T08:10:49.913884+00:00", "symbol": "BTC-USD"}, {"trade_id": 850149575, "side": "sell", "size": "0.00009302", "price": "118254.48000000", "time": "2025-07-16T08:09:38.757380Z", "fetched_at": "2025-07-16T08:10:49.913884+00:00", "symbol": "BTC-USD"}, {"trade_id": 850149574, "side": "sell", "size": "0.00243129", "price": "118252.83000000", "time": "2025-07-16T08:09:38.756943Z", "fetched_at": "2025-07-16T08:10:49.913884+00:00", "symbol": "BTC-USD"}, {"trade_id": 850149573, "side": "sell", "size": "0.08458425", "price": "118252.83000000", "time": "2025-07-16T08:09:38.756943Z", "fetched_at": "2025-07-16T08:10:49.913884+00:00", "symbol": "BTC-USD"}, {"trade_id": 850149572, "side": "sell", "size": "0.00845646", "price": "118252.72000000", "time": "2025-07-16T08:09:38.756943Z", "fetched_at": "2025-07-16T08:10:49.913884+00:00", "symbol": "BTC-USD"}, {"trade_id": 850149571, "side": "sell", "size": "0.01215642", "price": "118250.96000000", "time": "2025-07-16T08:09:36.147634Z", "fetched_at": "2025-07-16T08:10:49.913884+00:00", "symbol": "BTC-USD"}, {"trade_id": 850149570, "side": "sell", "size": "0.00313320", "price": "118250.95000000", "time": "2025-07-16T08:09:36.147634Z", "fetched_at": "2025-07-16T08:10:49.913884+00:00", "symbol": "BTC-USD"}, {"trade_id": 850149569, "side": "sell", "size": "0.00845659", "price": "118250.95000000", "time": "2025-07-16T08:09:36.147634Z", "fetched_at": "2025-07-16T08:10:49.913884+00:00", "symbol": "BTC-USD"}, {"trade_id": 850149568, "side": "sell", "size": "0.02537027", "price": "118248.62000000", "time": "2025-07-16T08:09:35.746607Z", "fetched_at": "2025-07-16T08:10:49.913884+00:00", "symbol": "BTC-USD"}, {"trade_id": 850149567, "side": "sell", "size": "0.00232400", "price": "118246.85000000", "time": "2025-07-16T08:09:35.746607Z", "fetched_at": "2025-07-16T08:10:49.913884+00:00", "symbol": "BTC-USD"}, {"trade_id": 850149566, "side": "sell", "size": "0.00805585", "price": "118246.85000000", "time": "2025-07-16T08:09:35.746607Z", "fetched_at": "2025-07-16T08:10:49.913884+00:00", "symbol": "BTC-USD"}, {"trade_id": 850149565, "side": "buy", "size": "0.00169132", "price": "118246.84000000", "time": "2025-07-16T08:09:34.114956Z", "fetched_at": "2025-07-16T08:10:49.913884+00:00", "symbol": "BTC-USD"}, {"trade_id": 850149564, "side": "buy", "size": "0.00003541", "price": "118246.84000000", "time": "2025-07-16T08:09:33.696761Z", "fetched_at": "2025-07-16T08:10:49.913884+00:00", "symbol": "BTC-USD"}, {"trade_id": 850149563, "side": "buy", "size": "0.00000917", "price": "118246.84000000", "time": "2025-07-16T08:09:33.380578Z", "fetched_at": "2025-07-16T08:10:49.913884+00:00", "symbol": "BTC-USD"}, {"trade_id": 850149562, "side": "sell", "size": "0.00040103", "price": "118246.85000000", "time": "2025-07-16T08:09:30.060780Z", "fetched_at": "2025-07-16T08:10:49.913884+00:00", "symbol": "BTC-USD"}, {"trade_id": 850149561, "side": "buy", "size": "0.01112487", "price": "118246.78000000", "time": "2025-07-16T08:09:28.889957Z", "fetched_at": "2025-07-16T08:10:49.913884+00:00", "symbol": "BTC-USD"}, {"trade_id": 850149560, "side": "buy", "size": "0.02026072", "price": "118241.49000000", "time": "2025-07-16T08:09:27.138131Z", "fetched_at": "2025-07-16T08:10:49.913884+00:00", "symbol": "BTC-USD"}, {"trade_id": 850149559, "side": "buy", "size": "0.04600000", "price": "118241.60000000", "time": "2025-07-16T08:09:27.138131Z", "fetched_at": "2025-07-16T08:10:49.913884+00:00", "symbol": "BTC-USD"}, {"trade_id": 850149558, "side": "buy", "size": "0.02026072", "price": "118248.52000000", "time": "2025-07-16T08:09:27.088219Z", "fetched_at": "2025-07-16T08:10:49.913884+00:00", "symbol": "BTC-USD"}, {"trade_id": 850149557, "side": "buy", "size": "0.00507800", "price": "118248.55000000", "time": "2025-07-16T08:09:27.088219Z", "fetched_at": "2025-07-16T08:10:49.913884+00:00", "symbol": "BTC-USD"}, {"trade_id": 850149556, "side": "buy", "size": "0.02700000", "price": "118248.57000000", "time": "2025-07-16T08:09:27.088219Z", "fetched_at": "2025-07-16T08:10:49.913884+00:00", "symbol": "BTC-USD"}, {"trade_id": 850149555, "side": "buy", "size": "0.00122767", "price": "118249.39000000", "time": "2025-07-16T08:09:25.949463Z", "fetched_at": "2025-07-16T08:10:49.913884+00:00", "symbol": "BTC-USD"}, {"trade_id": 850149554, "side": "buy", "size": "0.00313649", "price": "118249.39000000", "time": "2025-07-16T08:09:25.945908Z", "fetched_at": "2025-07-16T08:10:49.913884+00:00", "symbol": "BTC-USD"}, {"trade_id": 850149553, "side": "buy", "size": "0.00336121", "price": "118249.39000000", "time": "2025-07-16T08:09:25.942206Z", "fetched_at": "2025-07-16T08:10:49.913884+00:00", "symbol": "BTC-USD"}, {"trade_id": 850149552, "side": "buy", "size": "0.00367229", "price": "118249.39000000", "time": "2025-07-16T08:09:25.938465Z", "fetched_at": "2025-07-16T08:10:49.913884+00:00", "symbol": "BTC-USD"}, {"trade_id": 850149551, "side": "buy", "size": "0.00274856", "price": "118249.39000000", "time": "2025-07-16T08:09:25.934360Z", "fetched_at": "2025-07-16T08:10:49.913884+00:00", "symbol": "BTC-USD"}, {"trade_id": 850149550, "side": "buy", "size": "0.00334502", "price": "118249.39000000", "time": "2025-07-16T08:09:25.930605Z", "fetched_at": "2025-07-16T08:10:49.913884+00:00", "symbol": "BTC-USD"}, {"trade_id": 850149549, "side": "buy", "size": "0.00308647", "price": "118249.39000000", "time": "2025-07-16T08:09:25.926505Z", "fetched_at": "2025-07-16T08:10:49.913884+00:00", "symbol": "BTC-USD"}, {"trade_id": 850149548, "side": "buy", "size": "0.00334312", "price": "118249.39000000", "time": "2025-07-16T08:09:25.922894Z", "fetched_at": "2025-07-16T08:10:49.913884+00:00", "symbol": "BTC-USD"}, {"trade_id": 850149547, "side": "buy", "size": "0.00312323", "price": "118249.39000000", "time": "2025-07-16T08:09:25.919163Z", "fetched_at": "2025-07-16T08:10:49.913884+00:00", "symbol": "BTC-USD"}, {"trade_id": 850149546, "side": "buy", "size": "0.00327312", "price": "118249.39000000", "time": "2025-07-16T08:09:25.915461Z", "fetched_at": "2025-07-16T08:10:49.913884+00:00", "symbol": "BTC-USD"}, {"trade_id": 850149545, "side": "buy", "size": "0.00288289", "price": "118249.39000000", "time": "2025-07-16T08:09:25.911756Z", "fetched_at": "2025-07-16T08:10:49.913884+00:00", "symbol": "BTC-USD"}, {"trade_id": 850149544, "side": "buy", "size": "0.00308257", "price": "118249.39000000", "time": "2025-07-16T08:09:25.907996Z", "fetched_at": "2025-07-16T08:10:49.913884+00:00", "symbol": "BTC-USD"}, {"trade_id": 850149543, "side": "buy", "size": "0.00467556", "price": "118249.39000000", "time": "2025-07-16T08:09:25.904382Z", "fetched_at": "2025-07-16T08:10:49.913884+00:00", "symbol": "BTC-USD"}, {"trade_id": 850149542, "side": "buy", "size": "0.00308798", "price": "118249.39000000", "time": "2025-07-16T08:09:25.900791Z", "fetched_at": "2025-07-16T08:10:49.913884+00:00", "symbol": "BTC-USD"}, {"trade_id": 850149541, "side": "buy", "size": "0.00337771", "price": "118249.39000000", "time": "2025-07-16T08:09:25.895236Z", "fetched_at": "2025-07-16T08:10:49.913884+00:00", "symbol": "BTC-USD"}, {"trade_id": 850149540, "side": "buy", "size": "0.05006448", "price": "118249.39000000", "time": "2025-07-16T08:09:25.891426Z", "fetched_at": "2025-07-16T08:10:49.913884+00:00", "symbol": "BTC-USD"}, {"trade_id": 850149539, "side": "buy", "size": "0.00381524", "price": "118249.39000000", "time": "2025-07-16T08:09:25.887483Z", "fetched_at": "2025-07-16T08:10:49.913884+00:00", "symbol": "BTC-USD"}, {"trade_id": 850149538, "side": "buy", "size": "0.06236033", "price": "118249.42000000", "time": "2025-07-16T08:09:25.876681Z", "fetched_at": "2025-07-16T08:10:49.913884+00:00", "symbol": "BTC-USD"}, {"trade_id": 850149537, "side": "buy", "size": "0.02548616", "price": "118249.42000000", "time": "2025-07-16T08:09:25.876681Z", "fetched_at": "2025-07-16T08:10:49.913884+00:00", "symbol": "BTC-USD"}, {"trade_id": 850149536, "side": "buy", "size": "0.00121922", "price": "118253.71000000", "time": "2025-07-16T08:09:25.604729Z", "fetched_at": "2025-07-16T08:10:49.913884+00:00", "symbol": "BTC-USD"}, {"trade_id": 850149535, "side": "buy", "size": "0.00115271", "price": "118254.56000000", "time": "2025-07-16T08:09:25.394355Z", "fetched_at": "2025-07-16T08:10:49.913884+00:00", "symbol": "BTC-USD"}, {"trade_id": 850149534, "side": "sell", "size": "0.03961082", "price": "118247.38000000", "time": "2025-07-16T08:09:25.385250Z", "fetched_at": "2025-07-16T08:10:49.913884+00:00", "symbol": "BTC-USD"}, {"trade_id": 850149533, "side": "sell", "size": "0.00324233", "price": "118247.38000000", "time": "2025-07-16T08:09:25.385250Z", "fetched_at": "2025-07-16T08:10:49.913884+00:00", "symbol": "BTC-USD"}, {"trade_id": 850149532, "side": "sell", "size": "0.00845685", "price": "118247.27000000", "time": "2025-07-16T08:09:25.385250Z", "fetched_at": "2025-07-16T08:10:49.913884+00:00", "symbol": "BTC-USD"}, {"trade_id": 850149531, "side": "sell", "size": "0.02537107", "price": "118244.92000000", "time": "2025-07-16T08:09:25.306922Z", "fetched_at": "2025-07-16T08:10:49.913884+00:00", "symbol": "BTC-USD"}, {"trade_id": 850149530, "side": "sell", "size": "0.08458695", "price": "118243.26000000", "time": "2025-07-16T08:09:25.306922Z", "fetched_at": "2025-07-16T08:10:49.913884+00:00", "symbol": "BTC-USD"}, {"trade_id": 850149529, "side": "sell", "size": "0.00324233", "price": "118243.26000000", "time": "2025-07-16T08:09:25.306922Z", "fetched_at": "2025-07-16T08:10:49.913884+00:00", "symbol": "BTC-USD"}, {"trade_id": 850149528, "side": "sell", "size": "0.00845714", "price": "118243.15000000", "time": "2025-07-16T08:09:25.306922Z", "fetched_at": "2025-07-16T08:10:49.913884+00:00", "symbol": "BTC-USD"}, {"trade_id": 850149527, "side": "buy", "size": "0.00845600", "price": "118248.08000000", "time": "2025-07-16T08:09:24.598648Z", "fetched_at": "2025-07-16T08:10:49.913884+00:00", "symbol": "BTC-USD"}, {"trade_id": 850149526, "side": "buy", "size": "0.00646300", "price": "118249.85000000", "time": "2025-07-16T08:09:24.588197Z", "fetched_at": "2025-07-16T08:10:49.913884+00:00", "symbol": "BTC-USD"}, {"trade_id": 850149525, "side": "buy", "size": "0.02900000", "price": "118249.90000000", "time": "2025-07-16T08:09:24.558903Z", "fetched_at": "2025-07-16T08:10:49.913884+00:00", "symbol": "BTC-USD"}, {"trade_id": 850149524, "side": "buy", "size": "0.00002188", "price": "118252.82000000", "time": "2025-07-16T08:09:23.867257Z", "fetched_at": "2025-07-16T08:10:49.913884+00:00", "symbol": "BTC-USD"}, {"trade_id": 850149523, "side": "buy", "size": "0.08772798", "price": "118252.82000000", "time": "2025-07-16T08:09:23.854946Z", "fetched_at": "2025-07-16T08:10:49.913884+00:00", "symbol": "BTC-USD"}, {"trade_id": 850149522, "side": "buy", "size": "0.00338351", "price": "118252.82000000", "time": "2025-07-16T08:09:23.854946Z", "fetched_at": "2025-07-16T08:10:49.913884+00:00", "symbol": "BTC-USD"}, {"trade_id": 850149521, "side": "buy", "size": "0.00221000", "price": "118254.81000000", "time": "2025-07-16T08:09:23.808700Z", "fetched_at": "2025-07-16T08:10:49.913884+00:00", "symbol": "BTC-USD"}, {"trade_id": 850149520, "side": "buy", "size": "0.00221000", "price": "118254.81000000", "time": "2025-07-16T08:09:23.805509Z", "fetched_at": "2025-07-16T08:10:49.913884+00:00", "symbol": "BTC-USD"}, {"trade_id": 850149519, "side": "buy", "size": "0.00542858", "price": "118251.53000000", "time": "2025-07-16T08:09:23.007398Z", "fetched_at": "2025-07-16T08:10:49.913884+00:00", "symbol": "BTC-USD"}, {"trade_id": 850149518, "side": "buy", "size": "0.00113260", "price": "118251.53000000", "time": "2025-07-16T08:09:23.003737Z", "fetched_at": "2025-07-16T08:10:49.913884+00:00", "symbol": "BTC-USD"}, {"trade_id": 850149517, "side": "buy", "size": "0.02188882", "price": "118251.53000000", "time": "2025-07-16T08:09:22.997148Z", "fetched_at": "2025-07-16T08:10:49.913884+00:00", "symbol": "BTC-USD"}, {"trade_id": 850149516, "side": "buy", "size": "0.02000000", "price": "118251.53000000", "time": "2025-07-16T08:09:22.997148Z", "fetched_at": "2025-07-16T08:10:49.913884+00:00", "symbol": "BTC-USD"}, {"trade_id": 850149515, "side": "buy", "size": "0.00252218", "price": "118253.87000000", "time": "2025-07-16T08:09:22.963796Z", "fetched_at": "2025-07-16T08:10:49.913884+00:00", "symbol": "BTC-USD"}, {"trade_id": 850149514, "side": "buy", "size": "0.08620000", "price": "118254.49000000", "time": "2025-07-16T08:09:22.855902Z", "fetched_at": "2025-07-16T08:10:49.913884+00:00", "symbol": "BTC-USD"}, {"trade_id": 850149513, "side": "buy", "size": "0.00928000", "price": "118251.53000000", "time": "2025-07-16T08:09:22.849389Z", "fetched_at": "2025-07-16T08:10:49.913884+00:00", "symbol": "BTC-USD"}, {"trade_id": 850149512, "side": "buy", "size": "0.02429224", "price": "118248.55000000", "time": "2025-07-16T08:09:22.671041Z", "fetched_at": "2025-07-16T08:10:49.913884+00:00", "symbol": "BTC-USD"}, {"trade_id": 850149511, "side": "buy", "size": "0.00274266", "price": "118248.78000000", "time": "2025-07-16T08:09:22.598411Z", "fetched_at": "2025-07-16T08:10:49.913884+00:00", "symbol": "BTC-USD"}, {"trade_id": 850149510, "side": "buy", "size": "0.01727985", "price": "118250.31000000", "time": "2025-07-16T08:09:22.582618Z", "fetched_at": "2025-07-16T08:10:49.913884+00:00", "symbol": "BTC-USD"}, {"trade_id": 850149509, "side": "buy", "size": "0.00272015", "price": "118250.31000000", "time": "2025-07-16T08:09:22.579251Z", "fetched_at": "2025-07-16T08:10:49.913884+00:00", "symbol": "BTC-USD"}, {"trade_id": 850149508, "side": "buy", "size": "0.05000000", "price": "118250.32000000", "time": "2025-07-16T08:09:22.570918Z", "fetched_at": "2025-07-16T08:10:49.913884+00:00", "symbol": "BTC-USD"}, {"trade_id": 850149507, "side": "buy", "size": "0.02096205", "price": "118248.78000000", "time": "2025-07-16T08:09:22.568166Z", "fetched_at": "2025-07-16T08:10:49.913884+00:00", "symbol": "BTC-USD"}, {"trade_id": 850149506, "side": "buy", "size": "0.02000000", "price": "118250.30000000", "time": "2025-07-16T08:09:22.568166Z", "fetched_at": "2025-07-16T08:10:49.913884+00:00", "symbol": "BTC-USD"}, {"trade_id": 850149505, "side": "buy", "size": "0.05000000", "price": "118250.30000000", "time": "2025-07-16T08:09:22.568166Z", "fetched_at": "2025-07-16T08:10:49.913884+00:00", "symbol": "BTC-USD"}, {"trade_id": 850149504, "side": "buy", "size": "0.00336291", "price": "118252.28000000", "time": "2025-07-16T08:09:22.564185Z", "fetched_at": "2025-07-16T08:10:49.913884+00:00", "symbol": "BTC-USD"}, {"trade_id": 850149503, "side": "buy", "size": "0.00540390", "price": "118248.55000000", "time": "2025-07-16T08:09:20.886312Z", "fetched_at": "2025-07-16T08:10:49.913884+00:00", "symbol": "BTC-USD"}, {"trade_id": 850149502, "side": "buy", "size": "0.00115800", "price": "118248.54000000", "time": "2025-07-16T08:09:20.878660Z", "fetched_at": "2025-07-16T08:10:49.913884+00:00", "symbol": "BTC-USD"}, {"trade_id": 850149501, "side": "buy", "size": "0.00242995", "price": "118248.56000000", "time": "2025-07-16T08:09:20.878660Z", "fetched_at": "2025-07-16T08:10:49.913884+00:00", "symbol": "BTC-USD"}, {"trade_id": 850149500, "side": "buy", "size": "0.00297395", "price": "118248.56000000", "time": "2025-07-16T08:09:20.875391Z", "fetched_at": "2025-07-16T08:10:49.913884+00:00", "symbol": "BTC-USD"}, {"trade_id": 850149499, "side": "buy", "size": "0.01029991", "price": "118248.56000000", "time": "2025-07-16T08:09:20.871744Z", "fetched_at": "2025-07-16T08:10:49.913884+00:00", "symbol": "BTC-USD"}, {"trade_id": 850149498, "side": "buy", "size": "0.00229333", "price": "118250.20000000", "time": "2025-07-16T08:09:20.570353Z", "fetched_at": "2025-07-16T08:10:49.913884+00:00", "symbol": "BTC-USD"}, {"trade_id": 850149497, "side": "buy", "size": "0.02472619", "price": "118250.20000000", "time": "2025-07-16T08:09:20.563392Z", "fetched_at": "2025-07-16T08:10:49.913884+00:00", "symbol": "BTC-USD"}, {"trade_id": 850149496, "side": "buy", "size": "0.02688452", "price": "118250.30000000", "time": "2025-07-16T08:09:20.563392Z", "fetched_at": "2025-07-16T08:10:49.913884+00:00", "symbol": "BTC-USD"}, {"trade_id": 850149495, "side": "buy", "size": "0.03461818", "price": "118250.31000000", "time": "2025-07-16T08:09:20.555690Z", "fetched_at": "2025-07-16T08:10:49.913884+00:00", "symbol": "BTC-USD"}, {"trade_id": 850149494, "side": "buy", "size": "0.00350392", "price": "118250.31000000", "time": "2025-07-16T08:09:20.551570Z", "fetched_at": "2025-07-16T08:10:49.913884+00:00", "symbol": "BTC-USD"}, {"trade_id": 850149493, "side": "buy", "size": "0.00443409", "price": "118250.31000000", "time": "2025-07-16T08:09:20.547745Z", "fetched_at": "2025-07-16T08:10:49.913884+00:00", "symbol": "BTC-USD"}, {"trade_id": 850149492, "side": "buy", "size": "0.00384301", "price": "118250.31000000", "time": "2025-07-16T08:09:20.543735Z", "fetched_at": "2025-07-16T08:10:49.913884+00:00", "symbol": "BTC-USD"}, {"trade_id": 850149491, "side": "buy", "size": "0.00337486", "price": "118250.31000000", "time": "2025-07-16T08:09:20.538345Z", "fetched_at": "2025-07-16T08:10:49.913884+00:00", "symbol": "BTC-USD"}, {"trade_id": 850149490, "side": "buy", "size": "0.00324700", "price": "118250.31000000", "time": "2025-07-16T08:09:20.533912Z", "fetched_at": "2025-07-16T08:10:49.913884+00:00", "symbol": "BTC-USD"}, {"trade_id": 850149489, "side": "buy", "size": "0.00348509", "price": "118250.31000000", "time": "2025-07-16T08:09:20.530091Z", "fetched_at": "2025-07-16T08:10:49.913884+00:00", "symbol": "BTC-USD"}, {"trade_id": 850149488, "side": "buy", "size": "0.00322097", "price": "118250.31000000", "time": "2025-07-16T08:09:20.525926Z", "fetched_at": "2025-07-16T08:10:49.913884+00:00", "symbol": "BTC-USD"}, {"trade_id": 850149487, "side": "buy", "size": "0.00327153", "price": "118250.31000000", "time": "2025-07-16T08:09:20.522139Z", "fetched_at": "2025-07-16T08:10:49.913884+00:00", "symbol": "BTC-USD"}, {"trade_id": 850149486, "side": "buy", "size": "0.04018315", "price": "118250.31000000", "time": "2025-07-16T08:09:20.518188Z", "fetched_at": "2025-07-16T08:10:49.913884+00:00", "symbol": "BTC-USD"}, {"trade_id": 850149485, "side": "buy", "size": "0.01911548", "price": "118250.30000000", "time": "2025-07-16T08:09:20.365169Z", "fetched_at": "2025-07-16T08:10:49.913884+00:00", "symbol": "BTC-USD"}, {"trade_id": 850149484, "side": "buy", "size": "0.02536932", "price": "118253.06000000", "time": "2025-07-16T08:09:20.365169Z", "fetched_at": "2025-07-16T08:10:49.913884+00:00", "symbol": "BTC-USD"}, {"trade_id": 850149483, "side": "buy", "size": "0.13509757", "price": "118254.72000000", "time": "2025-07-16T08:09:20.365169Z", "fetched_at": "2025-07-16T08:10:49.913884+00:00", "symbol": "BTC-USD"}, {"trade_id": 850149482, "side": "buy", "size": "0.00835600", "price": "118254.81000000", "time": "2025-07-16T08:09:20.365169Z", "fetched_at": "2025-07-16T08:10:49.913884+00:00", "symbol": "BTC-USD"}, {"trade_id": 850149481, "side": "buy", "size": "0.00000900", "price": "118254.81000000", "time": "2025-07-16T08:09:20.365169Z", "fetched_at": "2025-07-16T08:10:49.913884+00:00", "symbol": "BTC-USD"}, {"trade_id": 850149480, "side": "buy", "size": "0.02448209", "price": "118254.83000000", "time": "2025-07-16T08:09:20.365169Z", "fetched_at": "2025-07-16T08:10:49.913884+00:00", "symbol": "BTC-USD"}, {"trade_id": 850149479, "side": "buy", "size": "0.00451791", "price": "118254.83000000", "time": "2025-07-16T08:09:17.672979Z", "fetched_at": "2025-07-16T08:10:49.913884+00:00", "symbol": "BTC-USD"}, {"trade_id": 850149478, "side": "buy", "size": "0.00213570", "price": "118254.83000000", "time": "2025-07-16T08:09:13.969164Z", "fetched_at": "2025-07-16T08:10:49.913884+00:00", "symbol": "BTC-USD"}, {"trade_id": 850149477, "side": "buy", "size": "0.09793882", "price": "118253.04000000", "time": "2025-07-16T08:09:13.180328Z", "fetched_at": "2025-07-16T08:10:49.913884+00:00", "symbol": "BTC-USD"}, {"trade_id": 850149476, "side": "buy", "size": "0.00044668", "price": "118253.04000000", "time": "2025-07-16T08:09:13.180328Z", "fetched_at": "2025-07-16T08:10:49.913884+00:00", "symbol": "BTC-USD"}, {"trade_id": 850149475, "side": "buy", "size": "0.13230000", "price": "118254.83000000", "time": "2025-07-16T08:09:13.180328Z", "fetched_at": "2025-07-16T08:10:49.913884+00:00", "symbol": "BTC-USD"}, {"trade_id": 850149474, "side": "buy", "size": "0.00044668", "price": "118254.83000000", "time": "2025-07-16T08:09:13.180328Z", "fetched_at": "2025-07-16T08:10:49.913884+00:00", "symbol": "BTC-USD"}, {"trade_id": 850149473, "side": "buy", "size": "0.08620000", "price": "118254.83000000", "time": "2025-07-16T08:09:13.180328Z", "fetched_at": "2025-07-16T08:10:49.913884+00:00", "symbol": "BTC-USD"}, {"trade_id": 850149472, "side": "sell", "size": "0.01081913", "price": "118251.77000000", "time": "2025-07-16T08:09:13.081801Z", "fetched_at": "2025-07-16T08:10:49.913884+00:00", "symbol": "BTC-USD"}, {"trade_id": 850149471, "side": "sell", "size": "0.00409000", "price": "118251.77000000", "time": "2025-07-16T08:09:13.081172Z", "fetched_at": "2025-07-16T08:10:49.913884+00:00", "symbol": "BTC-USD"}, {"trade_id": 850149470, "side": "sell", "size": "0.00130000", "price": "118251.77000000", "time": "2025-07-16T08:09:13.081162Z", "fetched_at": "2025-07-16T08:10:49.913884+00:00", "symbol": "BTC-USD"}, {"trade_id": 850149469, "side": "sell", "size": "0.00916047", "price": "118251.77000000", "time": "2025-07-16T08:09:13.080889Z", "fetched_at": "2025-07-16T08:10:49.913884+00:00", "symbol": "BTC-USD"}, {"trade_id": 850149468, "side": "sell", "size": "0.00009581", "price": "118250.00000000", "time": "2025-07-16T08:09:13.076649Z", "fetched_at": "2025-07-16T08:10:49.913884+00:00", "symbol": "BTC-USD"}, {"trade_id": 850149467, "side": "sell", "size": "0.00247240", "price": "118250.00000000", "time": "2025-07-16T08:09:13.076649Z", "fetched_at": "2025-07-16T08:10:49.913884+00:00", "symbol": "BTC-USD"}, {"trade_id": 850149466, "side": "sell", "size": "0.00009304", "price": "118250.00000000", "time": "2025-07-16T08:09:13.076649Z", "fetched_at": "2025-07-16T08:10:49.913884+00:00", "symbol": "BTC-USD"}, {"trade_id": 850149465, "side": "sell", "size": "0.28810305", "price": "118250.00000000", "time": "2025-07-16T08:09:13.076649Z", "fetched_at": "2025-07-16T08:10:49.913884+00:00", "symbol": "BTC-USD"}, {"trade_id": 850149464, "side": "sell", "size": "0.04696737", "price": "118250.00000000", "time": "2025-07-16T08:09:13.075469Z", "fetched_at": "2025-07-16T08:10:49.913884+00:00", "symbol": "BTC-USD"}, {"trade_id": 850149463, "side": "sell", "size": "0.02814885", "price": "118250.00000000", "time": "2025-07-16T08:09:13.070358Z", "fetched_at": "2025-07-16T08:10:49.913884+00:00", "symbol": "BTC-USD"}, {"trade_id": 850149462, "side": "sell", "size": "0.04411731", "price": "118248.36000000", "time": "2025-07-16T08:09:12.510367Z", "fetched_at": "2025-07-16T08:10:49.913884+00:00", "symbol": "BTC-USD"}, {"trade_id": 850149461, "side": "sell", "size": "0.02537033", "price": "118248.35000000", "time": "2025-07-16T08:09:12.510367Z", "fetched_at": "2025-07-16T08:10:49.913884+00:00", "symbol": "BTC-USD"}, {"trade_id": 850149460, "side": "sell", "size": "0.00009304", "price": "118246.01000000", "time": "2025-07-16T08:09:12.510367Z", "fetched_at": "2025-07-16T08:10:49.913884+00:00", "symbol": "BTC-USD"}, {"trade_id": 850149459, "side": "sell", "size": "0.00290080", "price": "118246.01000000", "time": "2025-07-16T08:09:12.510367Z", "fetched_at": "2025-07-16T08:10:49.913884+00:00", "symbol": "BTC-USD"}, {"trade_id": 850149458, "side": "sell", "size": "0.00001902", "price": "118246.01000000", "time": "2025-07-16T08:09:12.510367Z", "fetched_at": "2025-07-16T08:10:49.913884+00:00", "symbol": "BTC-USD"}, {"trade_id": 850149457, "side": "sell", "size": "0.00010916", "price": "118246.01000000", "time": "2025-07-16T08:09:12.510367Z", "fetched_at": "2025-07-16T08:10:49.913884+00:00", "symbol": "BTC-USD"}, {"trade_id": 850149456, "side": "sell", "size": "0.08459096", "price": "118241.42000000", "time": "2025-07-16T08:09:12.216979Z", "fetched_at": "2025-07-16T08:10:49.913884+00:00", "symbol": "BTC-USD"}, {"trade_id": 850149455, "side": "sell", "size": "0.00009304", "price": "118241.31000000", "time": "2025-07-16T08:09:12.216979Z", "fetched_at": "2025-07-16T08:10:49.913884+00:00", "symbol": "BTC-USD"}, {"trade_id": 850149454, "side": "sell", "size": "0.00905214", "price": "118241.32000000", "time": "2025-07-16T08:09:12.158590Z", "fetched_at": "2025-07-16T08:10:49.913884+00:00", "symbol": "BTC-USD"}, {"trade_id": 850149453, "side": "sell", "size": "0.00671426", "price": "118241.32000000", "time": "2025-07-16T08:09:12.158568Z", "fetched_at": "2025-07-16T08:10:49.913884+00:00", "symbol": "BTC-USD"}, {"trade_id": 850149452, "side": "sell", "size": "0.00960544", "price": "118241.32000000", "time": "2025-07-16T08:09:12.158013Z", "fetched_at": "2025-07-16T08:10:49.913884+00:00", "symbol": "BTC-USD"}, {"trade_id": 850149451, "side": "sell", "size": "0.00128162", "price": "118239.66000000", "time": "2025-07-16T08:09:12.157890Z", "fetched_at": "2025-07-16T08:10:49.913884+00:00", "symbol": "BTC-USD"}, {"trade_id": 850149450, "side": "sell", "size": "0.01618218", "price": "118239.66000000", "time": "2025-07-16T08:09:12.157890Z", "fetched_at": "2025-07-16T08:10:49.913884+00:00", "symbol": "BTC-USD"}, {"trade_id": 850149449, "side": "sell", "size": "0.06841924", "price": "118239.66000000", "time": "2025-07-16T08:09:12.157884Z", "fetched_at": "2025-07-16T08:10:49.913884+00:00", "symbol": "BTC-USD"}, {"trade_id": 850149448, "side": "sell", "size": "0.00271600", "price": "118239.55000000", "time": "2025-07-16T08:09:12.157884Z", "fetched_at": "2025-07-16T08:10:49.913884+00:00", "symbol": "BTC-USD"}, {"trade_id": 850149447, "side": "sell", "size": "0.00845740", "price": "118239.55000000", "time": "2025-07-16T08:09:12.157884Z", "fetched_at": "2025-07-16T08:10:49.913884+00:00", "symbol": "BTC-USD"}, {"trade_id": 850149446, "side": "buy", "size": "0.00190310", "price": "118239.54000000", "time": "2025-07-16T08:09:11.757874Z", "fetched_at": "2025-07-16T08:10:49.913884+00:00", "symbol": "BTC-USD"}, {"trade_id": 850149445, "side": "sell", "size": "0.00640807", "price": "118233.10000000", "time": "2025-07-16T08:09:08.946571Z", "fetched_at": "2025-07-16T08:10:49.913884+00:00", "symbol": "BTC-USD"}, {"trade_id": 850149444, "side": "sell", "size": "0.02537427", "price": "118230.01000000", "time": "2025-07-16T08:09:08.943259Z", "fetched_at": "2025-07-16T08:10:49.913884+00:00", "symbol": "BTC-USD"}, {"trade_id": 850149443, "side": "sell", "size": "0.00845821", "price": "118228.24000000", "time": "2025-07-16T08:09:08.943259Z", "fetched_at": "2025-07-16T08:10:49.913884+00:00", "symbol": "BTC-USD"}, {"trade_id": 850149442, "side": "buy", "size": "0.00002536", "price": "118228.23000000", "time": "2025-07-16T08:09:07.625262Z", "fetched_at": "2025-07-16T08:10:49.913884+00:00", "symbol": "BTC-USD"}, {"trade_id": 850149441, "side": "buy", "size": "0.00001057", "price": "118228.23000000", "time": "2025-07-16T08:09:07.625262Z", "fetched_at": "2025-07-16T08:10:49.913884+00:00", "symbol": "BTC-USD"}, {"trade_id": 850149440, "side": "buy", "size": "0.00001000", "price": "118228.23000000", "time": "2025-07-16T08:09:07.625262Z", "fetched_at": "2025-07-16T08:10:49.913884+00:00", "symbol": "BTC-USD"}, {"trade_id": 850149439, "side": "buy", "size": "0.01332379", "price": "118231.13000000", "time": "2025-07-16T08:09:05.092545Z", "fetched_at": "2025-07-16T08:10:49.913884+00:00", "symbol": "BTC-USD"}, {"trade_id": 850149438, "side": "buy", "size": "0.00010166", "price": "118232.90000000", "time": "2025-07-16T08:09:05.087310Z", "fetched_at": "2025-07-16T08:10:49.913884+00:00", "symbol": "BTC-USD"}, {"trade_id": 850149437, "side": "buy", "size": "0.00000118", "price": "118232.90000000", "time": "2025-07-16T08:09:05.087310Z", "fetched_at": "2025-07-16T08:10:49.913884+00:00", "symbol": "BTC-USD"}, {"trade_id": 850149436, "side": "buy", "size": "0.00030042", "price": "118232.90000000", "time": "2025-07-16T08:09:05.087310Z", "fetched_at": "2025-07-16T08:10:49.913884+00:00", "symbol": "BTC-USD"}, {"trade_id": 850149435, "side": "buy", "size": "0.00089467", "price": "118232.90000000", "time": "2025-07-16T08:09:05.087310Z", "fetched_at": "2025-07-16T08:10:49.913884+00:00", "symbol": "BTC-USD"}, {"trade_id": 850149434, "side": "buy", "size": "0.04623307", "price": "118232.90000000", "time": "2025-07-16T08:09:05.087310Z", "fetched_at": "2025-07-16T08:10:49.913884+00:00", "symbol": "BTC-USD"}, {"trade_id": 850149433, "side": "buy", "size": "0.00002603", "price": "118232.98000000", "time": "2025-07-16T08:09:05.087310Z", "fetched_at": "2025-07-16T08:10:49.913884+00:00", "symbol": "BTC-USD"}, {"trade_id": 850149432, "side": "buy", "size": "0.00000439", "price": "118232.98000000", "time": "2025-07-16T08:09:05.087310Z", "fetched_at": "2025-07-16T08:10:49.913884+00:00", "symbol": "BTC-USD"}, {"trade_id": 850149431, "side": "buy", "size": "0.02418316", "price": "118239.85000000", "time": "2025-07-16T08:09:04.887426Z", "fetched_at": "2025-07-16T08:10:49.913884+00:00", "symbol": "BTC-USD"}, {"trade_id": 850149430, "side": "buy", "size": "0.02880300", "price": "118241.60000000", "time": "2025-07-16T08:09:04.879280Z", "fetched_at": "2025-07-16T08:10:49.913884+00:00", "symbol": "BTC-USD"}, {"trade_id": 850149429, "side": "buy", "size": "0.01756108", "price": "118241.60000000", "time": "2025-07-16T08:09:04.879280Z", "fetched_at": "2025-07-16T08:10:49.913884+00:00", "symbol": "BTC-USD"}, {"trade_id": 850149428, "side": "buy", "size": "0.03016630", "price": "118241.60000000", "time": "2025-07-16T08:09:04.879004Z", "fetched_at": "2025-07-16T08:10:49.913884+00:00", "symbol": "BTC-USD"}, {"trade_id": 850149427, "side": "buy", "size": "0.00630806", "price": "118241.62000000", "time": "2025-07-16T08:09:04.879004Z", "fetched_at": "2025-07-16T08:10:49.913884+00:00", "symbol": "BTC-USD"}, {"trade_id": 850149426, "side": "buy", "size": "0.00028138", "price": "118241.62000000", "time": "2025-07-16T08:09:04.879004Z", "fetched_at": "2025-07-16T08:10:49.913884+00:00", "symbol": "BTC-USD"}, {"trade_id": 850149425, "side": "buy", "size": "0.00106070", "price": "118241.62000000", "time": "2025-07-16T08:09:04.878774Z", "fetched_at": "2025-07-16T08:10:49.913884+00:00", "symbol": "BTC-USD"}, {"trade_id": 850149424, "side": "buy", "size": "0.00000211", "price": "118241.62000000", "time": "2025-07-16T08:09:04.878774Z", "fetched_at": "2025-07-16T08:10:49.913884+00:00", "symbol": "BTC-USD"}, {"trade_id": 850149423, "side": "buy", "size": "0.00810357", "price": "118241.62000000", "time": "2025-07-16T08:09:04.878774Z", "fetched_at": "2025-07-16T08:10:49.913884+00:00", "symbol": "BTC-USD"}, {"trade_id": 850149422, "side": "buy", "size": "0.00003430", "price": "118241.62000000", "time": "2025-07-16T08:09:04.878774Z", "fetched_at": "2025-07-16T08:10:49.913884+00:00", "symbol": "BTC-USD"}, {"trade_id": 850149421, "side": "buy", "size": "0.00083510", "price": "118241.62000000", "time": "2025-07-16T08:09:04.878774Z", "fetched_at": "2025-07-16T08:10:49.913884+00:00", "symbol": "BTC-USD"}, {"trade_id": 850149420, "side": "sell", "size": "0.00020889", "price": "118241.63000000", "time": "2025-07-16T08:09:04.696308Z", "fetched_at": "2025-07-16T08:10:49.913884+00:00", "symbol": "BTC-USD"}, {"trade_id": 850149419, "side": "sell", "size": "0.00052321", "price": "118241.63000000", "time": "2025-07-16T08:09:02.172282Z", "fetched_at": "2025-07-16T08:10:49.913884+00:00", "symbol": "BTC-USD"}, {"trade_id": 850149418, "side": "sell", "size": "0.00205466", "price": "118241.63000000", "time": "2025-07-16T08:09:01.747849Z", "fetched_at": "2025-07-16T08:10:49.913884+00:00", "symbol": "BTC-USD"}, {"trade_id": 850149417, "side": "sell", "size": "0.00003977", "price": "118241.63000000", "time": "2025-07-16T08:09:01.715913Z", "fetched_at": "2025-07-16T08:10:49.913884+00:00", "symbol": "BTC-USD"}, {"trade_id": 850149416, "side": "buy", "size": "0.00173319", "price": "118241.62000000", "time": "2025-07-16T08:09:00.720333Z", "fetched_at": "2025-07-16T08:10:49.913884+00:00", "symbol": "BTC-USD"}, {"trade_id": 850149415, "side": "sell", "size": "0.00004563", "price": "118241.63000000", "time": "2025-07-16T08:09:00.291456Z", "fetched_at": "2025-07-16T08:10:49.913884+00:00", "symbol": "BTC-USD"}, {"trade_id": 850149414, "side": "sell", "size": "0.00041093", "price": "118241.63000000", "time": "2025-07-16T08:08:59.860560Z", "fetched_at": "2025-07-16T08:10:49.913884+00:00", "symbol": "BTC-USD"}, {"trade_id": 850149413, "side": "sell", "size": "0.01012333", "price": "118241.63000000", "time": "2025-07-16T08:08:59.705949Z", "fetched_at": "2025-07-16T08:10:49.913884+00:00", "symbol": "BTC-USD"}, {"trade_id": 850149412, "side": "sell", "size": "0.00004085", "price": "118241.63000000", "time": "2025-07-16T08:08:59.462917Z", "fetched_at": "2025-07-16T08:10:49.913884+00:00", "symbol": "BTC-USD"}, {"trade_id": 850149411, "side": "sell", "size": "0.01000000", "price": "118241.63000000", "time": "2025-07-16T08:08:59.420282Z", "fetched_at": "2025-07-16T08:10:49.913884+00:00", "symbol": "BTC-USD"}, {"trade_id": 850149410, "side": "sell", "size": "0.00040434", "price": "118241.63000000", "time": "2025-07-16T08:08:59.368859Z", "fetched_at": "2025-07-16T08:10:49.913884+00:00", "symbol": "BTC-USD"}, {"trade_id": 850149409, "side": "sell", "size": "0.00123939", "price": "118241.63000000", "time": "2025-07-16T08:08:59.368859Z", "fetched_at": "2025-07-16T08:10:49.913884+00:00", "symbol": "BTC-USD"}, {"trade_id": 850149408, "side": "sell", "size": "0.00139715", "price": "118241.63000000", "time": "2025-07-16T08:08:57.779636Z", "fetched_at": "2025-07-16T08:10:49.913884+00:00", "symbol": "BTC-USD"}, {"trade_id": 850149407, "side": "sell", "size": "0.00020546", "price": "118241.63000000", "time": "2025-07-16T08:08:57.449452Z", "fetched_at": "2025-07-16T08:10:49.913884+00:00", "symbol": "BTC-USD"}, {"trade_id": 850149406, "side": "sell", "size": "0.00080216", "price": "118241.63000000", "time": "2025-07-16T08:08:56.591579Z", "fetched_at": "2025-07-16T08:10:49.913884+00:00", "symbol": "BTC-USD"}, {"trade_id": 850149405, "side": "buy", "size": "0.00215375", "price": "118241.62000000", "time": "2025-07-16T08:08:55.093008Z", "fetched_at": "2025-07-16T08:10:49.913884+00:00", "symbol": "BTC-USD"}, {"trade_id": 850149404, "side": "sell", "size": "0.00012325", "price": "118241.63000000", "time": "2025-07-16T08:08:54.129722Z", "fetched_at": "2025-07-16T08:10:49.913884+00:00", "symbol": "BTC-USD"}, {"trade_id": 850149403, "side": "sell", "size": "0.00000192", "price": "118241.63000000", "time": "2025-07-16T08:08:53.457342Z", "fetched_at": "2025-07-16T08:10:49.913884+00:00", "symbol": "BTC-USD"}, {"trade_id": 850149402, "side": "buy", "size": "0.00023063", "price": "118241.62000000", "time": "2025-07-16T08:08:53.429521Z", "fetched_at": "2025-07-16T08:10:49.913884+00:00", "symbol": "BTC-USD"}, {"trade_id": 850149401, "side": "sell", "size": "0.00044882", "price": "118241.63000000", "time": "2025-07-16T08:08:53.349826Z", "fetched_at": "2025-07-16T08:10:49.913884+00:00", "symbol": "BTC-USD"}, {"trade_id": 850149400, "side": "sell", "size": "0.00038845", "price": "118241.63000000", "time": "2025-07-16T08:08:53.349826Z", "fetched_at": "2025-07-16T08:10:49.913884+00:00", "symbol": "BTC-USD"}, {"trade_id": 850149399, "side": "sell", "size": "0.00086297", "price": "118241.63000000", "time": "2025-07-16T08:08:52.792867Z", "fetched_at": "2025-07-16T08:10:49.913884+00:00", "symbol": "BTC-USD"}, {"trade_id": 850149398, "side": "sell", "size": "0.00123275", "price": "118241.63000000", "time": "2025-07-16T08:08:52.790805Z", "fetched_at": "2025-07-16T08:10:49.913884+00:00", "symbol": "BTC-USD"}, {"trade_id": 850149397, "side": "sell", "size": "0.00000628", "price": "118241.63000000", "time": "2025-07-16T08:08:52.543911Z", "fetched_at": "2025-07-16T08:10:49.913884+00:00", "symbol": "BTC-USD"}, {"trade_id": 850149396, "side": "sell", "size": "0.00001674", "price": "118241.63000000", "time": "2025-07-16T08:08:52.453403Z", "fetched_at": "2025-07-16T08:10:49.913884+00:00", "symbol": "BTC-USD"}, {"trade_id": 850149395, "side": "sell", "size": "0.00003977", "price": "118241.63000000", "time": "2025-07-16T08:08:52.210810Z", "fetched_at": "2025-07-16T08:10:49.913884+00:00", "symbol": "BTC-USD"}, {"trade_id": 850149394, "side": "sell", "size": "0.00002512", "price": "118241.63000000", "time": "2025-07-16T08:08:51.827145Z", "fetched_at": "2025-07-16T08:10:49.913884+00:00", "symbol": "BTC-USD"}, {"trade_id": 850149393, "side": "sell", "size": "0.00080219", "price": "118241.63000000", "time": "2025-07-16T08:08:51.311994Z", "fetched_at": "2025-07-16T08:10:49.913884+00:00", "symbol": "BTC-USD"}, {"trade_id": 850149392, "side": "sell", "size": "0.00020547", "price": "118241.63000000", "time": "2025-07-16T08:08:50.823923Z", "fetched_at": "2025-07-16T08:10:49.913884+00:00", "symbol": "BTC-USD"}, {"trade_id": 850149391, "side": "sell", "size": "0.00008373", "price": "118241.63000000", "time": "2025-07-16T08:08:50.189185Z", "fetched_at": "2025-07-16T08:10:49.913884+00:00", "symbol": "BTC-USD"}, {"trade_id": 850149390, "side": "buy", "size": "0.00646123", "price": "118241.62000000", "time": "2025-07-16T08:08:50.092766Z", "fetched_at": "2025-07-16T08:10:49.913884+00:00", "symbol": "BTC-USD"}, {"trade_id": 850149389, "side": "buy", "size": "0.00052366", "price": "118241.62000000", "time": "2025-07-16T08:08:49.811393Z", "fetched_at": "2025-07-16T08:10:49.913884+00:00", "symbol": "BTC-USD"}, {"trade_id": 850149388, "side": "buy", "size": "0.00681395", "price": "118241.62000000", "time": "2025-07-16T08:08:49.324245Z", "fetched_at": "2025-07-16T08:10:49.913884+00:00", "symbol": "BTC-USD"}, {"trade_id": 850149387, "side": "sell", "size": "0.00002448", "price": "118241.63000000", "time": "2025-07-16T08:08:48.963357Z", "fetched_at": "2025-07-16T08:10:49.913884+00:00", "symbol": "BTC-USD"}, {"trade_id": 850149386, "side": "buy", "size": "0.00001792", "price": "118241.62000000", "time": "2025-07-16T08:08:47.525230Z", "fetched_at": "2025-07-16T08:10:49.913884+00:00", "symbol": "BTC-USD"}, {"trade_id": 850149385, "side": "sell", "size": "0.00116639", "price": "118245.96000000", "time": "2025-07-16T08:08:46.807857Z", "fetched_at": "2025-07-16T08:10:49.913884+00:00", "symbol": "BTC-USD"}, {"trade_id": 850149384, "side": "sell", "size": "0.00009303", "price": "118241.63000000", "time": "2025-07-16T08:08:46.807857Z", "fetched_at": "2025-07-16T08:10:49.913884+00:00", "symbol": "BTC-USD"}, {"trade_id": 850149383, "side": "buy", "size": "0.01196812", "price": "118241.62000000", "time": "2025-07-16T08:08:46.791656Z", "fetched_at": "2025-07-16T08:10:49.913884+00:00", "symbol": "BTC-USD"}, {"trade_id": 850149382, "side": "sell", "size": "0.00590697", "price": "118241.64000000", "time": "2025-07-16T08:08:45.928764Z", "fetched_at": "2025-07-16T08:10:49.913884+00:00", "symbol": "BTC-USD"}, {"trade_id": 850149381, "side": "sell", "size": "0.00009303", "price": "118241.63000000", "time": "2025-07-16T08:08:45.928764Z", "fetched_at": "2025-07-16T08:10:49.913884+00:00", "symbol": "BTC-USD"}, {"trade_id": 850149380, "side": "buy", "size": "0.00007688", "price": "118241.62000000", "time": "2025-07-16T08:08:45.507669Z", "fetched_at": "2025-07-16T08:10:49.913884+00:00", "symbol": "BTC-USD"}, {"trade_id": 850149379, "side": "sell", "size": "0.00019697", "price": "118241.64000000", "time": "2025-07-16T08:08:45.187824Z", "fetched_at": "2025-07-16T08:10:49.913884+00:00", "symbol": "BTC-USD"}, {"trade_id": 850149378, "side": "sell", "size": "0.00009303", "price": "118241.63000000", "time": "2025-07-16T08:08:45.187824Z", "fetched_at": "2025-07-16T08:10:49.913884+00:00", "symbol": "BTC-USD"}, {"trade_id": 850149377, "side": "buy", "size": "0.00029354", "price": "118241.62000000", "time": "2025-07-16T08:08:44.868139Z", "fetched_at": "2025-07-16T08:10:49.913884+00:00", "symbol": "BTC-USD"}, {"trade_id": 850149376, "side": "sell", "size": "0.00062895", "price": "118241.64000000", "time": "2025-07-16T08:08:43.989065Z", "fetched_at": "2025-07-16T08:10:49.913884+00:00", "symbol": "BTC-USD"}, {"trade_id": 850149375, "side": "sell", "size": "0.00009303", "price": "118241.63000000", "time": "2025-07-16T08:08:43.989065Z", "fetched_at": "2025-07-16T08:10:49.913884+00:00", "symbol": "BTC-USD"}, {"trade_id": 850149374, "side": "buy", "size": "0.00089203", "price": "118241.62000000", "time": "2025-07-16T08:08:43.658083Z", "fetched_at": "2025-07-16T08:10:49.913884+00:00", "symbol": "BTC-USD"}, {"trade_id": 850149373, "side": "sell", "size": "0.00032086", "price": "118241.64000000", "time": "2025-07-16T08:08:42.320003Z", "fetched_at": "2025-07-16T08:10:49.913884+00:00", "symbol": "BTC-USD"}, {"trade_id": 850149372, "side": "sell", "size": "0.00240000", "price": "118241.64000000", "time": "2025-07-16T08:08:41.300450Z", "fetched_at": "2025-07-16T08:10:49.913884+00:00", "symbol": "BTC-USD"}, {"trade_id": 850149371, "side": "sell", "size": "0.00008021", "price": "118241.64000000", "time": "2025-07-16T08:08:40.239675Z", "fetched_at": "2025-07-16T08:10:49.913884+00:00", "symbol": "BTC-USD"}, {"trade_id": 850149370, "side": "sell", "size": "0.00384471", "price": "118241.61000000", "time": "2025-07-16T08:08:38.813783Z", "fetched_at": "2025-07-16T08:10:49.913884+00:00", "symbol": "BTC-USD"}, {"trade_id": 850149369, "side": "buy", "size": "0.00027262", "price": "118241.60000000", "time": "2025-07-16T08:08:38.163379Z", "fetched_at": "2025-07-16T08:10:49.913884+00:00", "symbol": "BTC-USD"}, {"trade_id": 850149368, "side": "sell", "size": "0.00016747", "price": "118241.61000000", "time": "2025-07-16T08:08:32.127892Z", "fetched_at": "2025-07-16T08:10:49.913884+00:00", "symbol": "BTC-USD"}, {"trade_id": 850149367, "side": "sell", "size": "0.00047745", "price": "118241.61000000", "time": "2025-07-16T08:08:31.591951Z", "fetched_at": "2025-07-16T08:10:49.913884+00:00", "symbol": "BTC-USD"}, {"trade_id": 850149366, "side": "sell", "size": "0.00080225", "price": "118241.61000000", "time": "2025-07-16T08:08:30.948624Z", "fetched_at": "2025-07-16T08:10:49.913884+00:00", "symbol": "BTC-USD"}, {"trade_id": 850149365, "side": "sell", "size": "0.00082183", "price": "118241.61000000", "time": "2025-07-16T08:08:30.617449Z", "fetched_at": "2025-07-16T08:10:49.913884+00:00", "symbol": "BTC-USD"}, {"trade_id": 850149364, "side": "sell", "size": "0.00006738", "price": "118241.61000000", "time": "2025-07-16T08:08:30.521544Z", "fetched_at": "2025-07-16T08:10:49.913884+00:00", "symbol": "BTC-USD"}, {"trade_id": 850149363, "side": "sell", "size": "0.00009303", "price": "118241.61000000", "time": "2025-07-16T08:08:30.521544Z", "fetched_at": "2025-07-16T08:10:49.913884+00:00", "symbol": "BTC-USD"}, {"trade_id": 850149362, "side": "buy", "size": "0.04789700", "price": "118245.91000000", "time": "2025-07-16T08:08:29.374381Z", "fetched_at": "2025-07-16T08:10:49.913884+00:00", "symbol": "BTC-USD"}, {"trade_id": 850149361, "side": "buy", "size": "0.02902731", "price": "118245.93000000", "time": "2025-07-16T08:08:29.374381Z", "fetched_at": "2025-07-16T08:10:49.913884+00:00", "symbol": "BTC-USD"}, {"trade_id": 850149360, "side": "sell", "size": "0.00669945", "price": "118245.84000000", "time": "2025-07-16T08:08:28.771950Z", "fetched_at": "2025-07-16T08:10:49.913884+00:00", "symbol": "BTC-USD"}, {"trade_id": 850149359, "side": "sell", "size": "0.05427224", "price": "118245.83000000", "time": "2025-07-16T08:08:28.771950Z", "fetched_at": "2025-07-16T08:10:49.913884+00:00", "symbol": "BTC-USD"}, {"trade_id": 850149358, "side": "sell", "size": "0.00072882", "price": "118245.96000000", "time": "2025-07-16T08:08:28.104199Z", "fetched_at": "2025-07-16T08:10:49.913884+00:00", "symbol": "BTC-USD"}, {"trade_id": 850149357, "side": "sell", "size": "0.00009304", "price": "118245.95000000", "time": "2025-07-16T08:08:28.104199Z", "fetched_at": "2025-07-16T08:10:49.913884+00:00", "symbol": "BTC-USD"}, {"trade_id": 850149356, "side": "sell", "size": "0.03962121", "price": "118235.22000000", "time": "2025-07-16T08:08:27.985166Z", "fetched_at": "2025-07-16T08:10:49.913884+00:00", "symbol": "BTC-USD"}, {"trade_id": 850149355, "side": "sell", "size": "0.00820654", "price": "118235.11000000", "time": "2025-07-16T08:08:27.985166Z", "fetched_at": "2025-07-16T08:10:49.913884+00:00", "symbol": "BTC-USD"}, {"trade_id": 850149354, "side": "sell", "size": "0.00025118", "price": "118235.11000000", "time": "2025-07-16T08:08:25.185597Z", "fetched_at": "2025-07-16T08:10:49.913884+00:00", "symbol": "BTC-USD"}, {"trade_id": 850149353, "side": "buy", "size": "0.00244174", "price": "118233.02000000", "time": "2025-07-16T08:08:23.341977Z", "fetched_at": "2025-07-16T08:10:49.913884+00:00", "symbol": "BTC-USD"}, {"trade_id": 850149352, "side": "buy", "size": "0.00012100", "price": "118233.02000000", "time": "2025-07-16T08:08:23.341977Z", "fetched_at": "2025-07-16T08:10:49.913884+00:00", "symbol": "BTC-USD"}, {"trade_id": 850149351, "side": "sell", "size": "0.00083572", "price": "118232.91000000", "time": "2025-07-16T08:08:22.079952Z", "fetched_at": "2025-07-16T08:10:49.913884+00:00", "symbol": "BTC-USD"}, {"trade_id": 850149350, "side": "buy", "size": "0.00043268", "price": "118232.90000000", "time": "2025-07-16T08:08:21.970665Z", "fetched_at": "2025-07-16T08:10:49.913884+00:00", "symbol": "BTC-USD"}, {"trade_id": 850149349, "side": "sell", "size": "0.00008372", "price": "118232.91000000", "time": "2025-07-16T08:08:20.198770Z", "fetched_at": "2025-07-16T08:10:49.913884+00:00", "symbol": "BTC-USD"}, {"trade_id": 850149348, "side": "buy", "size": "0.00002210", "price": "118232.90000000", "time": "2025-07-16T08:08:19.362440Z", "fetched_at": "2025-07-16T08:10:49.913884+00:00", "symbol": "BTC-USD"}, {"trade_id": 850149347, "side": "buy", "size": "0.00031215", "price": "118232.90000000", "time": "2025-07-16T08:08:18.769313Z", "fetched_at": "2025-07-16T08:10:49.913884+00:00", "symbol": "BTC-USD"}, {"trade_id": 850149346, "side": "buy", "size": "0.00014100", "price": "118237.08000000", "time": "2025-07-16T08:08:18.769313Z", "fetched_at": "2025-07-16T08:10:49.913884+00:00", "symbol": "BTC-USD"}, {"trade_id": 850149345, "side": "buy", "size": "0.00000321", "price": "118237.10000000", "time": "2025-07-16T08:08:18.769313Z", "fetched_at": "2025-07-16T08:10:49.913884+00:00", "symbol": "BTC-USD"}, {"trade_id": 850149344, "side": "buy", "size": "0.00000262", "price": "118237.10000000", "time": "2025-07-16T08:08:18.769313Z", "fetched_at": "2025-07-16T08:10:49.913884+00:00", "symbol": "BTC-USD"}, {"trade_id": 850149343, "side": "buy", "size": "0.00001000", "price": "118237.10000000", "time": "2025-07-16T08:08:18.769313Z", "fetched_at": "2025-07-16T08:10:49.913884+00:00", "symbol": "BTC-USD"}, {"trade_id": 850149342, "side": "sell", "size": "0.00103979", "price": "118237.11000000", "time": "2025-07-16T08:08:18.695558Z", "fetched_at": "2025-07-16T08:10:49.913884+00:00", "symbol": "BTC-USD"}, {"trade_id": 850149341, "side": "sell", "size": "0.00008372", "price": "118237.11000000", "time": "2025-07-16T08:08:18.568063Z", "fetched_at": "2025-07-16T08:10:49.913884+00:00", "symbol": "BTC-USD"}, {"trade_id": 850149340, "side": "buy", "size": "0.00000126", "price": "118241.60000000", "time": "2025-07-16T08:08:16.775359Z", "fetched_at": "2025-07-16T08:10:49.913884+00:00", "symbol": "BTC-USD"}, {"trade_id": 850149339, "side": "buy", "size": "0.00000346", "price": "118241.60000000", "time": "2025-07-16T08:08:16.775359Z", "fetched_at": "2025-07-16T08:10:49.913884+00:00", "symbol": "BTC-USD"}, {"trade_id": 850149338, "side": "buy", "size": "0.00089959", "price": "118241.60000000", "time": "2025-07-16T08:08:16.775359Z", "fetched_at": "2025-07-16T08:10:49.913884+00:00", "symbol": "BTC-USD"}, {"trade_id": 850149337, "side": "buy", "size": "0.04900000", "price": "118241.60000000", "time": "2025-07-16T08:08:16.775359Z", "fetched_at": "2025-07-16T08:10:49.913884+00:00", "symbol": "BTC-USD"}, {"trade_id": 850149336, "side": "buy", "size": "0.00000900", "price": "118245.91000000", "time": "2025-07-16T08:08:13.992882Z", "fetched_at": "2025-07-16T08:10:49.913884+00:00", "symbol": "BTC-USD"}, {"trade_id": 850149335, "side": "buy", "size": "0.00001000", "price": "118245.91000000", "time": "2025-07-16T08:08:13.992882Z", "fetched_at": "2025-07-16T08:10:49.913884+00:00", "symbol": "BTC-USD"}, {"trade_id": 850149334, "side": "buy", "size": "0.00002189", "price": "118245.93000000", "time": "2025-07-16T08:08:13.992882Z", "fetched_at": "2025-07-16T08:10:49.913884+00:00", "symbol": "BTC-USD"}, {"trade_id": 850149333, "side": "buy", "size": "0.00179177", "price": "118245.93000000", "time": "2025-07-16T08:08:13.992882Z", "fetched_at": "2025-07-16T08:10:49.913884+00:00", "symbol": "BTC-USD"}, {"trade_id": 850149332, "side": "buy", "size": "0.00000177", "price": "118245.93000000", "time": "2025-07-16T08:08:13.992882Z", "fetched_at": "2025-07-16T08:10:49.913884+00:00", "symbol": "BTC-USD"}, {"trade_id": 850149331, "side": "buy", "size": "0.00000389", "price": "118245.93000000", "time": "2025-07-16T08:08:13.992882Z", "fetched_at": "2025-07-16T08:10:49.913884+00:00", "symbol": "BTC-USD"}, {"trade_id": 850149330, "side": "buy", "size": "0.00134372", "price": "118245.93000000", "time": "2025-07-16T08:08:13.992882Z", "fetched_at": "2025-07-16T08:10:49.913884+00:00", "symbol": "BTC-USD"}, {"trade_id": 850149329, "side": "buy", "size": "0.02857808", "price": "118245.93000000", "time": "2025-07-16T08:08:13.992882Z", "fetched_at": "2025-07-16T08:10:49.913884+00:00", "symbol": "BTC-USD"}, {"trade_id": 850149328, "side": "buy", "size": "0.00429968", "price": "118245.93000000", "time": "2025-07-16T08:08:13.989481Z", "fetched_at": "2025-07-16T08:10:49.913884+00:00", "symbol": "BTC-USD"}, {"trade_id": 850149327, "side": "buy", "size": "0.00042000", "price": "118245.93000000", "time": "2025-07-16T08:08:13.982522Z", "fetched_at": "2025-07-16T08:10:49.913884+00:00", "symbol": "BTC-USD"}, {"trade_id": 850149326, "side": "sell", "size": "0.00016745", "price": "118245.94000000", "time": "2025-07-16T08:08:10.057934Z", "fetched_at": "2025-07-16T08:10:49.913884+00:00", "symbol": "BTC-USD"}, {"trade_id": 850149325, "side": "sell", "size": "0.04293534", "price": "118245.94000000", "time": "2025-07-16T08:08:09.944531Z", "fetched_at": "2025-07-16T08:10:49.913884+00:00", "symbol": "BTC-USD"}, {"trade_id": 850149324, "side": "sell", "size": "0.00028311", "price": "118245.94000000", "time": "2025-07-16T08:08:09.356787Z", "fetched_at": "2025-07-16T08:10:49.913884+00:00", "symbol": "BTC-USD"}, {"trade_id": 850149323, "side": "sell", "size": "0.00000012", "price": "118245.94000000", "time": "2025-07-16T08:08:09.269764Z", "fetched_at": "2025-07-16T08:10:49.913884+00:00", "symbol": "BTC-USD"}, {"trade_id": 850149322, "side": "sell", "size": "0.00000199", "price": "118245.94000000", "time": "2025-07-16T08:08:07.556688Z", "fetched_at": "2025-07-16T08:10:49.913884+00:00", "symbol": "BTC-USD"}, {"trade_id": 850149321, "side": "buy", "size": "0.00030300", "price": "118245.93000000", "time": "2025-07-16T08:08:07.281084Z", "fetched_at": "2025-07-16T08:10:49.913884+00:00", "symbol": "BTC-USD"}, {"trade_id": 850149320, "side": "buy", "size": "0.00193946", "price": "118245.93000000", "time": "2025-07-16T08:08:07.072688Z", "fetched_at": "2025-07-16T08:10:49.913884+00:00", "symbol": "BTC-USD"}, {"trade_id": 850149319, "side": "sell", "size": "0.00049385", "price": "118245.94000000", "time": "2025-07-16T08:08:06.640212Z", "fetched_at": "2025-07-16T08:10:49.913884+00:00", "symbol": "BTC-USD"}, {"trade_id": 850149318, "side": "sell", "size": "0.00088564", "price": "118245.94000000", "time": "2025-07-16T08:08:06.540012Z", "fetched_at": "2025-07-16T08:10:49.913884+00:00", "symbol": "BTC-USD"}, {"trade_id": 850149317, "side": "buy", "size": "0.00004228", "price": "118245.93000000", "time": "2025-07-16T08:08:06.432246Z", "fetched_at": "2025-07-16T08:10:49.913884+00:00", "symbol": "BTC-USD"}, {"trade_id": 850149316, "side": "buy", "size": "0.00669273", "price": "118245.93000000", "time": "2025-07-16T08:08:02.741761Z", "fetched_at": "2025-07-16T08:10:49.913884+00:00", "symbol": "BTC-USD"}, {"trade_id": 850149315, "side": "buy", "size": "0.00001000", "price": "118245.97000000", "time": "2025-07-16T08:08:02.741761Z", "fetched_at": "2025-07-16T08:10:49.913884+00:00", "symbol": "BTC-USD"}, {"trade_id": 850149314, "side": "buy", "size": "0.00000042", "price": "118245.99000000", "time": "2025-07-16T08:08:02.741761Z", "fetched_at": "2025-07-16T08:10:49.913884+00:00", "symbol": "BTC-USD"}, {"trade_id": 850149313, "side": "buy", "size": "0.00000312", "price": "118245.99000000", "time": "2025-07-16T08:08:02.741761Z", "fetched_at": "2025-07-16T08:10:49.913884+00:00", "symbol": "BTC-USD"}, {"trade_id": 850149312, "side": "buy", "size": "0.03296341", "price": "118245.99000000", "time": "2025-07-16T08:08:02.741761Z", "fetched_at": "2025-07-16T08:10:49.913884+00:00", "symbol": "BTC-USD"}, {"trade_id": 850149311, "side": "buy", "size": "0.00003659", "price": "118245.99000000", "time": "2025-07-16T08:08:02.487685Z", "fetched_at": "2025-07-16T08:10:49.913884+00:00", "symbol": "BTC-USD"}, {"trade_id": 850149310, "side": "buy", "size": "0.04400000", "price": "118250.30000000", "time": "2025-07-16T08:08:02.475195Z", "fetched_at": "2025-07-16T08:10:49.913884+00:00", "symbol": "BTC-USD"}, {"trade_id": 850149309, "side": "buy", "size": "0.00015600", "price": "118254.82000000", "time": "2025-07-16T08:08:02.475195Z", "fetched_at": "2025-07-16T08:10:49.913884+00:00", "symbol": "BTC-USD"}, {"trade_id": 850149308, "side": "buy", "size": "0.00015568", "price": "118254.84000000", "time": "2025-07-16T08:08:02.475195Z", "fetched_at": "2025-07-16T08:10:49.913884+00:00", "symbol": "BTC-USD"}, {"trade_id": 850149307, "side": "buy", "size": "0.00005090", "price": "118254.84000000", "time": "2025-07-16T08:08:02.475195Z", "fetched_at": "2025-07-16T08:10:49.913884+00:00", "symbol": "BTC-USD"}, {"trade_id": 850149306, "side": "buy", "size": "0.00000744", "price": "118254.84000000", "time": "2025-07-16T08:08:02.475195Z", "fetched_at": "2025-07-16T08:10:49.913884+00:00", "symbol": "BTC-USD"}, {"trade_id": 850149305, "side": "buy", "size": "0.00002097", "price": "118254.84000000", "time": "2025-07-16T08:08:02.475195Z", "fetched_at": "2025-07-16T08:10:49.913884+00:00", "symbol": "BTC-USD"}, {"trade_id": 850149304, "side": "buy", "size": "0.00001000", "price": "118254.84000000", "time": "2025-07-16T08:08:02.475195Z", "fetched_at": "2025-07-16T08:10:49.913884+00:00", "symbol": "BTC-USD"}, {"trade_id": 850149303, "side": "sell", "size": "0.00006190", "price": "118254.85000000", "time": "2025-07-16T08:08:01.872909Z", "fetched_at": "2025-07-16T08:10:49.913884+00:00", "symbol": "BTC-USD"}, {"trade_id": 850149302, "side": "sell", "size": "0.00087800", "price": "118257.64000000", "time": "2025-07-16T08:08:00.163255Z", "fetched_at": "2025-07-16T08:10:49.913884+00:00", "symbol": "BTC-USD"}, {"trade_id": 850149301, "side": "buy", "size": "0.00000098", "price": "118254.85000000", "time": "2025-07-16T08:08:00.068582Z", "fetched_at": "2025-07-16T08:10:49.913884+00:00", "symbol": "BTC-USD"}, {"trade_id": 850149300, "side": "buy", "size": "0.00935210", "price": "118259.00000000", "time": "2025-07-16T08:08:00.056733Z", "fetched_at": "2025-07-16T08:10:49.913884+00:00", "symbol": "BTC-USD"}, {"trade_id": 850149299, "side": "buy", "size": "0.03464790", "price": "118259.00000000", "time": "2025-07-16T08:08:00.051869Z", "fetched_at": "2025-07-16T08:10:49.913884+00:00", "symbol": "BTC-USD"}, {"trade_id": 850149298, "side": "buy", "size": "0.00542045", "price": "118261.28000000", "time": "2025-07-16T08:08:00.051869Z", "fetched_at": "2025-07-16T08:10:49.913884+00:00", "symbol": "BTC-USD"}, {"trade_id": 850149297, "side": "buy", "size": "0.00000084", "price": "118261.28000000", "time": "2025-07-16T08:08:00.051869Z", "fetched_at": "2025-07-16T08:10:49.913884+00:00", "symbol": "BTC-USD"}, {"trade_id": 850149296, "side": "buy", "size": "0.00000346", "price": "118261.28000000", "time": "2025-07-16T08:08:00.051869Z", "fetched_at": "2025-07-16T08:10:49.913884+00:00", "symbol": "BTC-USD"}, {"trade_id": 850149295, "side": "buy", "size": "0.00030398", "price": "118261.28000000", "time": "2025-07-16T08:08:00.051869Z", "fetched_at": "2025-07-16T08:10:49.913884+00:00", "symbol": "BTC-USD"}, {"trade_id": 850149294, "side": "buy", "size": "0.00005943", "price": "118261.28000000", "time": "2025-07-16T08:08:00.051869Z", "fetched_at": "2025-07-16T08:10:49.913884+00:00", "symbol": "BTC-USD"}, {"trade_id": 850149293, "side": "buy", "size": "0.00356394", "price": "118262.00000000", "time": "2025-07-16T08:08:00.051869Z", "fetched_at": "2025-07-16T08:10:49.913884+00:00", "symbol": "BTC-USD"}, {"trade_id": 850149292, "side": "buy", "size": "0.06720473", "price": "118267.59000000", "time": "2025-07-16T08:08:00.023664Z", "fetched_at": "2025-07-16T08:10:49.913884+00:00", "symbol": "BTC-USD"}, {"trade_id": 850149291, "side": "buy", "size": "0.00491973", "price": "118267.70000000", "time": "2025-07-16T08:08:00.023664Z", "fetched_at": "2025-07-16T08:10:49.913884+00:00", "symbol": "BTC-USD"}, {"trade_id": 850149290, "side": "buy", "size": "0.00935210", "price": "118267.70000000", "time": "2025-07-16T08:08:00.023042Z", "fetched_at": "2025-07-16T08:10:49.913884+00:00", "symbol": "BTC-USD"}, {"trade_id": 850149289, "side": "buy", "size": "0.03072817", "price": "118267.70000000", "time": "2025-07-16T08:08:00.018194Z", "fetched_at": "2025-07-16T08:10:49.913884+00:00", "symbol": "BTC-USD"}, {"trade_id": 850149288, "side": "buy", "size": "0.00089453", "price": "118273.15000000", "time": "2025-07-16T08:07:59.989573Z", "fetched_at": "2025-07-16T08:10:49.913884+00:00", "symbol": "BTC-USD"}, {"trade_id": 850149287, "side": "buy", "size": "0.00010162", "price": "118274.02000000", "time": "2025-07-16T08:07:59.989573Z", "fetched_at": "2025-07-16T08:10:49.913884+00:00", "symbol": "BTC-USD"}, {"trade_id": 850149286, "side": "buy", "size": "0.00030048", "price": "118274.02000000", "time": "2025-07-16T08:07:59.989573Z", "fetched_at": "2025-07-16T08:10:49.913884+00:00", "symbol": "BTC-USD"}, {"trade_id": 850149285, "side": "buy", "size": "0.02536480", "price": "118274.13000000", "time": "2025-07-16T08:07:59.989573Z", "fetched_at": "2025-07-16T08:10:49.913884+00:00", "symbol": "BTC-USD"}, {"trade_id": 850149284, "side": "buy", "size": "0.06720473", "price": "118275.79000000", "time": "2025-07-16T08:07:59.982893Z", "fetched_at": "2025-07-16T08:10:49.913884+00:00", "symbol": "BTC-USD"}, {"trade_id": 850149283, "side": "buy", "size": "0.00153000", "price": "118275.88000000", "time": "2025-07-16T08:07:59.982893Z", "fetched_at": "2025-07-16T08:10:49.913884+00:00", "symbol": "BTC-USD"}, {"trade_id": 850149282, "side": "buy", "size": "0.00030352", "price": "118275.90000000", "time": "2025-07-16T08:07:59.982893Z", "fetched_at": "2025-07-16T08:10:49.913884+00:00", "symbol": "BTC-USD"}, {"trade_id": 850149281, "side": "buy", "size": "0.00055691", "price": "118275.90000000", "time": "2025-07-16T08:07:59.982893Z", "fetched_at": "2025-07-16T08:10:49.913884+00:00", "symbol": "BTC-USD"}, {"trade_id": 850149280, "side": "sell", "size": "0.00006697", "price": "118275.91000000", "time": "2025-07-16T08:07:59.961454Z", "fetched_at": "2025-07-16T08:10:49.913884+00:00", "symbol": "BTC-USD"}, {"trade_id": 850149279, "side": "sell", "size": "0.00016433", "price": "118275.91000000", "time": "2025-07-16T08:07:59.562825Z", "fetched_at": "2025-07-16T08:10:49.913884+00:00", "symbol": "BTC-USD"}, {"trade_id": 850149278, "side": "sell", "size": "0.00197878", "price": "118275.91000000", "time": "2025-07-16T08:07:58.779172Z", "fetched_at": "2025-07-16T08:10:49.913884+00:00", "symbol": "BTC-USD"}, {"trade_id": 850149277, "side": "buy", "size": "0.00034648", "price": "118275.90000000", "time": "2025-07-16T08:07:58.697690Z", "fetched_at": "2025-07-16T08:10:49.913884+00:00", "symbol": "BTC-USD"}, {"trade_id": 850149276, "side": "buy", "size": "0.00002637", "price": "118275.90000000", "time": "2025-07-16T08:07:58.697690Z", "fetched_at": "2025-07-16T08:10:49.913884+00:00", "symbol": "BTC-USD"}, {"trade_id": 850149275, "side": "buy", "size": "0.00005284", "price": "118275.90000000", "time": "2025-07-16T08:07:58.697690Z", "fetched_at": "2025-07-16T08:10:49.913884+00:00", "symbol": "BTC-USD"}, {"trade_id": 850149274, "side": "buy", "size": "0.00003429", "price": "118275.90000000", "time": "2025-07-16T08:07:58.697690Z", "fetched_at": "2025-07-16T08:10:49.913884+00:00", "symbol": "BTC-USD"}