[{"trade_id": 849993445, "side": "sell", "size": "0.00024764", "price": "117704.44000000", "time": "2025-07-15T23:23:24.543277Z", "fetched_at": "2025-07-15T23:23:25.090664+00:00", "symbol": "BTC-USD"}, {"trade_id": 849993444, "side": "sell", "size": "0.00041271", "price": "117704.44000000", "time": "2025-07-15T23:23:24.405853Z", "fetched_at": "2025-07-15T23:23:25.090664+00:00", "symbol": "BTC-USD"}, {"trade_id": 849993443, "side": "sell", "size": "0.00412707", "price": "117704.44000000", "time": "2025-07-15T23:23:24.311241Z", "fetched_at": "2025-07-15T23:23:25.090664+00:00", "symbol": "BTC-USD"}, {"trade_id": 849993442, "side": "sell", "size": "0.00500000", "price": "117704.44000000", "time": "2025-07-15T23:23:24.151247Z", "fetched_at": "2025-07-15T23:23:25.090664+00:00", "symbol": "BTC-USD"}, {"trade_id": 849993441, "side": "sell", "size": "0.00020139", "price": "117704.44000000", "time": "2025-07-15T23:23:24.113670Z", "fetched_at": "2025-07-15T23:23:25.090664+00:00", "symbol": "BTC-USD"}, {"trade_id": 849993440, "side": "sell", "size": "0.00082541", "price": "117704.44000000", "time": "2025-07-15T23:23:24.104553Z", "fetched_at": "2025-07-15T23:23:25.090664+00:00", "symbol": "BTC-USD"}, {"trade_id": 849993439, "side": "buy", "size": "0.01549522", "price": "117704.43000000", "time": "2025-07-15T23:23:24.033222Z", "fetched_at": "2025-07-15T23:23:25.090664+00:00", "symbol": "BTC-USD"}, {"trade_id": 849993438, "side": "buy", "size": "0.00010415", "price": "117705.26000000", "time": "2025-07-15T23:23:24.033222Z", "fetched_at": "2025-07-15T23:23:25.090664+00:00", "symbol": "BTC-USD"}, {"trade_id": 849993437, "side": "buy", "size": "0.00030491", "price": "117705.26000000", "time": "2025-07-15T23:23:24.033222Z", "fetched_at": "2025-07-15T23:23:25.090664+00:00", "symbol": "BTC-USD"}, {"trade_id": 849993436, "side": "buy", "size": "0.00009345", "price": "117705.26000000", "time": "2025-07-15T23:23:24.033222Z", "fetched_at": "2025-07-15T23:23:25.090664+00:00", "symbol": "BTC-USD"}, {"trade_id": 849993435, "side": "buy", "size": "0.00425239", "price": "117705.26000000", "time": "2025-07-15T23:23:24.033222Z", "fetched_at": "2025-07-15T23:23:25.090664+00:00", "symbol": "BTC-USD"}, {"trade_id": 849993434, "side": "sell", "size": "0.00571873", "price": "117705.27000000", "time": "2025-07-15T23:23:23.990968Z", "fetched_at": "2025-07-15T23:23:25.090664+00:00", "symbol": "BTC-USD"}, {"trade_id": 849993433, "side": "sell", "size": "0.00015830", "price": "117705.27000000", "time": "2025-07-15T23:23:23.781723Z", "fetched_at": "2025-07-15T23:23:25.090664+00:00", "symbol": "BTC-USD"}, {"trade_id": 849993432, "side": "sell", "size": "0.00009397", "price": "117705.27000000", "time": "2025-07-15T23:23:23.781723Z", "fetched_at": "2025-07-15T23:23:25.090664+00:00", "symbol": "BTC-USD"}, {"trade_id": 849993431, "side": "sell", "size": "0.00480969", "price": "117705.27000000", "time": "2025-07-15T23:23:23.686623Z", "fetched_at": "2025-07-15T23:23:25.090664+00:00", "symbol": "BTC-USD"}, {"trade_id": 849993430, "side": "sell", "size": "0.00165083", "price": "117705.27000000", "time": "2025-07-15T23:23:23.309895Z", "fetched_at": "2025-07-15T23:23:25.090664+00:00", "symbol": "BTC-USD"}, {"trade_id": 849993429, "side": "sell", "size": "0.00000067", "price": "117705.27000000", "time": "2025-07-15T23:23:22.873905Z", "fetched_at": "2025-07-15T23:23:25.090664+00:00", "symbol": "BTC-USD"}, {"trade_id": 849993428, "side": "sell", "size": "0.00165083", "price": "117705.27000000", "time": "2025-07-15T23:23:22.588323Z", "fetched_at": "2025-07-15T23:23:25.090664+00:00", "symbol": "BTC-USD"}, {"trade_id": 849993427, "side": "buy", "size": "0.00003991", "price": "117705.26000000", "time": "2025-07-15T23:23:22.551888Z", "fetched_at": "2025-07-15T23:23:25.090664+00:00", "symbol": "BTC-USD"}, {"trade_id": 849993426, "side": "sell", "size": "0.00005886", "price": "117705.27000000", "time": "2025-07-15T23:23:22.116344Z", "fetched_at": "2025-07-15T23:23:25.090664+00:00", "symbol": "BTC-USD"}, {"trade_id": 849993425, "side": "sell", "size": "0.00041271", "price": "117705.27000000", "time": "2025-07-15T23:23:21.841529Z", "fetched_at": "2025-07-15T23:23:25.090664+00:00", "symbol": "BTC-USD"}, {"trade_id": 849993424, "side": "sell", "size": "0.00082541", "price": "117705.27000000", "time": "2025-07-15T23:23:21.819120Z", "fetched_at": "2025-07-15T23:23:25.090664+00:00", "symbol": "BTC-USD"}, {"trade_id": 849993423, "side": "sell", "size": "0.00000900", "price": "117705.28000000", "time": "2025-07-15T23:23:21.764978Z", "fetched_at": "2025-07-15T23:23:25.090664+00:00", "symbol": "BTC-USD"}, {"trade_id": 849993422, "side": "sell", "size": "0.00021459", "price": "117705.28000000", "time": "2025-07-15T23:23:21.762281Z", "fetched_at": "2025-07-15T23:23:25.090664+00:00", "symbol": "BTC-USD"}, {"trade_id": 849993421, "side": "sell", "size": "0.00016818", "price": "117705.28000000", "time": "2025-07-15T23:23:21.711990Z", "fetched_at": "2025-07-15T23:23:25.090664+00:00", "symbol": "BTC-USD"}, {"trade_id": 849993420, "side": "buy", "size": "0.00849539", "price": "117710.93000000", "time": "2025-07-15T23:23:21.673814Z", "fetched_at": "2025-07-15T23:23:25.090664+00:00", "symbol": "BTC-USD"}, {"trade_id": 849993419, "side": "buy", "size": "0.04509753", "price": "117711.47000000", "time": "2025-07-15T23:23:21.668674Z", "fetched_at": "2025-07-15T23:23:25.090664+00:00", "symbol": "BTC-USD"}, {"trade_id": 849993418, "side": "buy", "size": "0.00003593", "price": "117711.49000000", "time": "2025-07-15T23:23:21.668674Z", "fetched_at": "2025-07-15T23:23:25.090664+00:00", "symbol": "BTC-USD"}, {"trade_id": 849993417, "side": "buy", "size": "0.00007187", "price": "117711.49000000", "time": "2025-07-15T23:23:21.668674Z", "fetched_at": "2025-07-15T23:23:25.090664+00:00", "symbol": "BTC-USD"}, {"trade_id": 849993416, "side": "buy", "size": "0.00013550", "price": "117711.49000000", "time": "2025-07-15T23:23:21.668674Z", "fetched_at": "2025-07-15T23:23:25.090664+00:00", "symbol": "BTC-USD"}, {"trade_id": 849993415, "side": "buy", "size": "0.00042434", "price": "117711.49000000", "time": "2025-07-15T23:23:21.668674Z", "fetched_at": "2025-07-15T23:23:25.090664+00:00", "symbol": "BTC-USD"}, {"trade_id": 849993414, "side": "buy", "size": "0.00040293", "price": "117711.49000000", "time": "2025-07-15T23:23:21.668674Z", "fetched_at": "2025-07-15T23:23:25.090664+00:00", "symbol": "BTC-USD"}, {"trade_id": 849993413, "side": "buy", "size": "0.00120761", "price": "117711.49000000", "time": "2025-07-15T23:23:21.668674Z", "fetched_at": "2025-07-15T23:23:25.090664+00:00", "symbol": "BTC-USD"}, {"trade_id": 849993412, "side": "buy", "size": "0.00091070", "price": "117711.53000000", "time": "2025-07-15T23:23:21.668674Z", "fetched_at": "2025-07-15T23:23:25.090664+00:00", "symbol": "BTC-USD"}, {"trade_id": 849993411, "side": "buy", "size": "0.00005318", "price": "117712.65000000", "time": "2025-07-15T23:23:21.668674Z", "fetched_at": "2025-07-15T23:23:25.090664+00:00", "symbol": "BTC-USD"}, {"trade_id": 849993410, "side": "buy", "size": "0.00010415", "price": "117712.65000000", "time": "2025-07-15T23:23:21.668674Z", "fetched_at": "2025-07-15T23:23:25.090664+00:00", "symbol": "BTC-USD"}, {"trade_id": 849993409, "side": "buy", "size": "0.00030489", "price": "117712.65000000", "time": "2025-07-15T23:23:21.668674Z", "fetched_at": "2025-07-15T23:23:25.090664+00:00", "symbol": "BTC-USD"}, {"trade_id": 849993408, "side": "buy", "size": "0.00090754", "price": "117712.65000000", "time": "2025-07-15T23:23:21.668674Z", "fetched_at": "2025-07-15T23:23:25.090664+00:00", "symbol": "BTC-USD"}, {"trade_id": 849993407, "side": "buy", "size": "0.00002659", "price": "117712.65000000", "time": "2025-07-15T23:23:21.668674Z", "fetched_at": "2025-07-15T23:23:25.090664+00:00", "symbol": "BTC-USD"}, {"trade_id": 849993406, "side": "buy", "size": "0.00005318", "price": "117712.65000000", "time": "2025-07-15T23:23:21.668674Z", "fetched_at": "2025-07-15T23:23:25.090664+00:00", "symbol": "BTC-USD"}, {"trade_id": 849993405, "side": "buy", "size": "0.00010415", "price": "117712.65000000", "time": "2025-07-15T23:23:21.668674Z", "fetched_at": "2025-07-15T23:23:25.090664+00:00", "symbol": "BTC-USD"}, {"trade_id": 849993404, "side": "buy", "size": "0.00030481", "price": "117712.65000000", "time": "2025-07-15T23:23:21.668674Z", "fetched_at": "2025-07-15T23:23:25.090664+00:00", "symbol": "BTC-USD"}, {"trade_id": 849993403, "side": "buy", "size": "0.00001000", "price": "117712.71000000", "time": "2025-07-15T23:23:21.668674Z", "fetched_at": "2025-07-15T23:23:25.090664+00:00", "symbol": "BTC-USD"}, {"trade_id": 849993402, "side": "buy", "size": "0.00090754", "price": "117712.73000000", "time": "2025-07-15T23:23:21.668674Z", "fetched_at": "2025-07-15T23:23:25.090664+00:00", "symbol": "BTC-USD"}, {"trade_id": 849993401, "side": "buy", "size": "0.00001000", "price": "117712.73000000", "time": "2025-07-15T23:23:21.668674Z", "fetched_at": "2025-07-15T23:23:25.090664+00:00", "symbol": "BTC-USD"}, {"trade_id": 849993400, "side": "sell", "size": "0.00042910", "price": "117712.74000000", "time": "2025-07-15T23:23:21.620410Z", "fetched_at": "2025-07-15T23:23:25.090664+00:00", "symbol": "BTC-USD"}, {"trade_id": 849993399, "side": "sell", "size": "0.00040278", "price": "117712.74000000", "time": "2025-07-15T23:23:21.146003Z", "fetched_at": "2025-07-15T23:23:25.090664+00:00", "symbol": "BTC-USD"}, {"trade_id": 849993398, "side": "sell", "size": "0.00002859", "price": "117712.74000000", "time": "2025-07-15T23:23:20.865316Z", "fetched_at": "2025-07-15T23:23:25.090664+00:00", "symbol": "BTC-USD"}, {"trade_id": 849993397, "side": "sell", "size": "0.00023000", "price": "117712.74000000", "time": "2025-07-15T23:23:20.826909Z", "fetched_at": "2025-07-15T23:23:25.090664+00:00", "symbol": "BTC-USD"}, {"trade_id": 849993396, "side": "buy", "size": "0.00849485", "price": "117718.40000000", "time": "2025-07-15T23:23:20.823090Z", "fetched_at": "2025-07-15T23:23:25.090664+00:00", "symbol": "BTC-USD"}, {"trade_id": 849993395, "side": "buy", "size": "0.00166286", "price": "117720.06000000", "time": "2025-07-15T23:23:20.822345Z", "fetched_at": "2025-07-15T23:23:25.090664+00:00", "symbol": "BTC-USD"}, {"trade_id": 849993394, "side": "buy", "size": "0.00009344", "price": "117720.17000000", "time": "2025-07-15T23:23:20.822345Z", "fetched_at": "2025-07-15T23:23:25.090664+00:00", "symbol": "BTC-USD"}, {"trade_id": 849993393, "side": "buy", "size": "0.04500000", "price": "117720.17000000", "time": "2025-07-15T23:23:20.822345Z", "fetched_at": "2025-07-15T23:23:25.090664+00:00", "symbol": "BTC-USD"}, {"trade_id": 849993392, "side": "sell", "size": "0.00011277", "price": "117720.18000000", "time": "2025-07-15T23:23:20.514249Z", "fetched_at": "2025-07-15T23:23:25.090664+00:00", "symbol": "BTC-USD"}, {"trade_id": 849993391, "side": "sell", "size": "0.00060426", "price": "117720.18000000", "time": "2025-07-15T23:23:20.256534Z", "fetched_at": "2025-07-15T23:23:25.090664+00:00", "symbol": "BTC-USD"}, {"trade_id": 849993390, "side": "sell", "size": "0.06679000", "price": "117720.47000000", "time": "2025-07-15T23:23:20.234328Z", "fetched_at": "2025-07-15T23:23:25.090664+00:00", "symbol": "BTC-USD"}, {"trade_id": 849993389, "side": "buy", "size": "0.05100000", "price": "117728.87000000", "time": "2025-07-15T23:23:20.219988Z", "fetched_at": "2025-07-15T23:23:25.090664+00:00", "symbol": "BTC-USD"}, {"trade_id": 849993388, "side": "buy", "size": "0.00090742", "price": "117728.88000000", "time": "2025-07-15T23:23:20.219988Z", "fetched_at": "2025-07-15T23:23:25.090664+00:00", "symbol": "BTC-USD"}, {"trade_id": 849993387, "side": "buy", "size": "0.00849407", "price": "117729.24000000", "time": "2025-07-15T23:23:20.219988Z", "fetched_at": "2025-07-15T23:23:25.090664+00:00", "symbol": "BTC-USD"}, {"trade_id": 849993386, "side": "buy", "size": "0.00072900", "price": "117730.89000000", "time": "2025-07-15T23:23:20.219988Z", "fetched_at": "2025-07-15T23:23:25.090664+00:00", "symbol": "BTC-USD"}, {"trade_id": 849993385, "side": "buy", "size": "0.00178100", "price": "117730.89000000", "time": "2025-07-15T23:23:20.219988Z", "fetched_at": "2025-07-15T23:23:25.090664+00:00", "symbol": "BTC-USD"}, {"trade_id": 849993384, "side": "buy", "size": "0.00002658", "price": "117730.91000000", "time": "2025-07-15T23:23:20.219988Z", "fetched_at": "2025-07-15T23:23:25.090664+00:00", "symbol": "BTC-USD"}, {"trade_id": 849993383, "side": "buy", "size": "0.00009343", "price": "117730.91000000", "time": "2025-07-15T23:23:20.219988Z", "fetched_at": "2025-07-15T23:23:25.090664+00:00", "symbol": "BTC-USD"}, {"trade_id": 849993382, "side": "buy", "size": "0.00790598", "price": "117730.91000000", "time": "2025-07-15T23:23:20.219988Z", "fetched_at": "2025-07-15T23:23:25.090664+00:00", "symbol": "BTC-USD"}, {"trade_id": 849993381, "side": "sell", "size": "0.00165083", "price": "117730.92000000", "time": "2025-07-15T23:23:20.205884Z", "fetched_at": "2025-07-15T23:23:25.090664+00:00", "symbol": "BTC-USD"}, {"trade_id": 849993380, "side": "sell", "size": "0.00041271", "price": "117730.92000000", "time": "2025-07-15T23:23:19.885728Z", "fetched_at": "2025-07-15T23:23:25.090664+00:00", "symbol": "BTC-USD"}, {"trade_id": 849993379, "side": "sell", "size": "0.00024023", "price": "117730.92000000", "time": "2025-07-15T23:23:19.846700Z", "fetched_at": "2025-07-15T23:23:25.090664+00:00", "symbol": "BTC-USD"}, {"trade_id": 849993378, "side": "sell", "size": "0.00000464", "price": "117730.92000000", "time": "2025-07-15T23:23:19.699879Z", "fetched_at": "2025-07-15T23:23:25.090664+00:00", "symbol": "BTC-USD"}, {"trade_id": 849993377, "side": "sell", "size": "0.00041271", "price": "117730.92000000", "time": "2025-07-15T23:23:19.680581Z", "fetched_at": "2025-07-15T23:23:25.090664+00:00", "symbol": "BTC-USD"}, {"trade_id": 849993376, "side": "sell", "size": "0.00024764", "price": "117730.92000000", "time": "2025-07-15T23:23:19.349322Z", "fetched_at": "2025-07-15T23:23:25.090664+00:00", "symbol": "BTC-USD"}, {"trade_id": 849993375, "side": "buy", "size": "0.00040835", "price": "117730.91000000", "time": "2025-07-15T23:23:19.057699Z", "fetched_at": "2025-07-15T23:23:25.090664+00:00", "symbol": "BTC-USD"}, {"trade_id": 849993374, "side": "buy", "size": "0.00005325", "price": "117731.02000000", "time": "2025-07-15T23:23:19.057699Z", "fetched_at": "2025-07-15T23:23:25.090664+00:00", "symbol": "BTC-USD"}, {"trade_id": 849993373, "side": "buy", "size": "0.00009343", "price": "117731.02000000", "time": "2025-07-15T23:23:19.057699Z", "fetched_at": "2025-07-15T23:23:25.090664+00:00", "symbol": "BTC-USD"}, {"trade_id": 849993372, "side": "sell", "size": "0.00004129", "price": "117731.03000000", "time": "2025-07-15T23:23:18.980520Z", "fetched_at": "2025-07-15T23:23:25.090664+00:00", "symbol": "BTC-USD"}, {"trade_id": 849993371, "side": "sell", "size": "0.00238545", "price": "117731.03000000", "time": "2025-07-15T23:23:18.947256Z", "fetched_at": "2025-07-15T23:23:25.090664+00:00", "symbol": "BTC-USD"}, {"trade_id": 849993370, "side": "sell", "size": "0.00165000", "price": "117731.03000000", "time": "2025-07-15T23:23:18.947256Z", "fetched_at": "2025-07-15T23:23:25.090664+00:00", "symbol": "BTC-USD"}, {"trade_id": 849993369, "side": "buy", "size": "0.02418847", "price": "117728.88000000", "time": "2025-07-15T23:23:18.865295Z", "fetched_at": "2025-07-15T23:23:25.090664+00:00", "symbol": "BTC-USD"}, {"trade_id": 849993368, "side": "buy", "size": "0.00005317", "price": "117730.29000000", "time": "2025-07-15T23:23:18.865295Z", "fetched_at": "2025-07-15T23:23:25.090664+00:00", "symbol": "BTC-USD"}, {"trade_id": 849993367, "side": "buy", "size": "0.00010413", "price": "117730.29000000", "time": "2025-07-15T23:23:18.865295Z", "fetched_at": "2025-07-15T23:23:25.090664+00:00", "symbol": "BTC-USD"}, {"trade_id": 849993366, "side": "buy", "size": "0.00849394", "price": "117731.02000000", "time": "2025-07-15T23:23:18.865295Z", "fetched_at": "2025-07-15T23:23:25.090664+00:00", "symbol": "BTC-USD"}, {"trade_id": 849993365, "side": "buy", "size": "0.00066000", "price": "117732.75000000", "time": "2025-07-15T23:23:18.865295Z", "fetched_at": "2025-07-15T23:23:25.090664+00:00", "symbol": "BTC-USD"}, {"trade_id": 849993364, "side": "buy", "size": "0.00517000", "price": "117732.75000000", "time": "2025-07-15T23:23:18.865295Z", "fetched_at": "2025-07-15T23:23:25.090664+00:00", "symbol": "BTC-USD"}, {"trade_id": 849993363, "side": "buy", "size": "0.00018409", "price": "117732.75000000", "time": "2025-07-15T23:23:18.865295Z", "fetched_at": "2025-07-15T23:23:25.090664+00:00", "symbol": "BTC-USD"}, {"trade_id": 849993362, "side": "buy", "size": "0.00010421", "price": "117732.77000000", "time": "2025-07-15T23:23:18.865295Z", "fetched_at": "2025-07-15T23:23:25.090664+00:00", "symbol": "BTC-USD"}, {"trade_id": 849993361, "side": "buy", "size": "0.00002198", "price": "117732.77000000", "time": "2025-07-15T23:23:18.865295Z", "fetched_at": "2025-07-15T23:23:25.090664+00:00", "symbol": "BTC-USD"}, {"trade_id": 849993360, "side": "buy", "size": "0.00009343", "price": "117732.77000000", "time": "2025-07-15T23:23:18.865295Z", "fetched_at": "2025-07-15T23:23:25.090664+00:00", "symbol": "BTC-USD"}, {"trade_id": 849993359, "side": "buy", "size": "0.00030492", "price": "117732.77000000", "time": "2025-07-15T23:23:18.865295Z", "fetched_at": "2025-07-15T23:23:25.090664+00:00", "symbol": "BTC-USD"}, {"trade_id": 849993358, "side": "buy", "size": "0.03462166", "price": "117732.77000000", "time": "2025-07-15T23:23:18.865295Z", "fetched_at": "2025-07-15T23:23:25.090664+00:00", "symbol": "BTC-USD"}, {"trade_id": 849993357, "side": "buy", "size": "0.00037662", "price": "117732.77000000", "time": "2025-07-15T23:23:18.378059Z", "fetched_at": "2025-07-15T23:23:25.090664+00:00", "symbol": "BTC-USD"}, {"trade_id": 849993356, "side": "sell", "size": "0.00119683", "price": "117732.78000000", "time": "2025-07-15T23:23:18.086842Z", "fetched_at": "2025-07-15T23:23:25.090664+00:00", "symbol": "BTC-USD"}, {"trade_id": 849993355, "side": "sell", "size": "0.00429196", "price": "117732.78000000", "time": "2025-07-15T23:23:18.019548Z", "fetched_at": "2025-07-15T23:23:25.090664+00:00", "symbol": "BTC-USD"}, {"trade_id": 849993354, "side": "sell", "size": "0.00849400", "price": "117732.78000000", "time": "2025-07-15T23:23:18.019548Z", "fetched_at": "2025-07-15T23:23:25.090664+00:00", "symbol": "BTC-USD"}, {"trade_id": 849993353, "side": "sell", "size": "0.00424679", "price": "117732.78000000", "time": "2025-07-15T23:23:18.019548Z", "fetched_at": "2025-07-15T23:23:25.090664+00:00", "symbol": "BTC-USD"}, {"trade_id": 849993352, "side": "sell", "size": "0.00009817", "price": "117732.78000000", "time": "2025-07-15T23:23:18.019548Z", "fetched_at": "2025-07-15T23:23:25.090664+00:00", "symbol": "BTC-USD"}, {"trade_id": 849993351, "side": "sell", "size": "0.00002569", "price": "117732.78000000", "time": "2025-07-15T23:23:17.622813Z", "fetched_at": "2025-07-15T23:23:25.090664+00:00", "symbol": "BTC-USD"}, {"trade_id": 849993350, "side": "sell", "size": "0.00172942", "price": "117732.78000000", "time": "2025-07-15T23:23:17.292777Z", "fetched_at": "2025-07-15T23:23:25.090664+00:00", "symbol": "BTC-USD"}, {"trade_id": 849993349, "side": "sell", "size": "0.00427058", "price": "117732.78000000", "time": "2025-07-15T23:23:17.292777Z", "fetched_at": "2025-07-15T23:23:25.090664+00:00", "symbol": "BTC-USD"}, {"trade_id": 849993348, "side": "sell", "size": "0.01238942", "price": "117732.78000000", "time": "2025-07-15T23:23:17.090668Z", "fetched_at": "2025-07-15T23:23:25.090664+00:00", "symbol": "BTC-USD"}, {"trade_id": 849993347, "side": "sell", "size": "0.00001307", "price": "117732.78000000", "time": "2025-07-15T23:23:17.090668Z", "fetched_at": "2025-07-15T23:23:25.090664+00:00", "symbol": "BTC-USD"}, {"trade_id": 849993346, "side": "sell", "size": "0.00410534", "price": "117732.78000000", "time": "2025-07-15T23:23:17.090668Z", "fetched_at": "2025-07-15T23:23:25.090664+00:00", "symbol": "BTC-USD"}, {"trade_id": 849993345, "side": "buy", "size": "0.00000172", "price": "117732.77000000", "time": "2025-07-15T23:23:16.775855Z", "fetched_at": "2025-07-15T23:23:25.090664+00:00", "symbol": "BTC-USD"}, {"trade_id": 849993344, "side": "buy", "size": "0.00009343", "price": "117732.77000000", "time": "2025-07-15T23:23:16.775855Z", "fetched_at": "2025-07-15T23:23:25.090664+00:00", "symbol": "BTC-USD"}, {"trade_id": 849993343, "side": "buy", "size": "0.00096191", "price": "117732.75000000", "time": "2025-07-15T23:23:16.636929Z", "fetched_at": "2025-07-15T23:23:25.090664+00:00", "symbol": "BTC-USD"}, {"trade_id": 849993342, "side": "buy", "size": "0.00045100", "price": "117732.75000000", "time": "2025-07-15T23:23:16.636929Z", "fetched_at": "2025-07-15T23:23:25.090664+00:00", "symbol": "BTC-USD"}, {"trade_id": 849993341, "side": "buy", "size": "0.00009343", "price": "117732.77000000", "time": "2025-07-15T23:23:16.636929Z", "fetched_at": "2025-07-15T23:23:25.090664+00:00", "symbol": "BTC-USD"}, {"trade_id": 849993340, "side": "buy", "size": "0.00019241", "price": "117732.77000000", "time": "2025-07-15T23:23:16.636929Z", "fetched_at": "2025-07-15T23:23:25.090664+00:00", "symbol": "BTC-USD"}, {"trade_id": 849993339, "side": "buy", "size": "0.00071506", "price": "117732.77000000", "time": "2025-07-15T23:23:16.496945Z", "fetched_at": "2025-07-15T23:23:25.090664+00:00", "symbol": "BTC-USD"}, {"trade_id": 849993338, "side": "buy", "size": "0.00002658", "price": "117732.77000000", "time": "2025-07-15T23:23:16.496945Z", "fetched_at": "2025-07-15T23:23:25.090664+00:00", "symbol": "BTC-USD"}, {"trade_id": 849993337, "side": "buy", "size": "0.00005317", "price": "117732.77000000", "time": "2025-07-15T23:23:16.496945Z", "fetched_at": "2025-07-15T23:23:25.090664+00:00", "symbol": "BTC-USD"}, {"trade_id": 849993336, "side": "buy", "size": "0.00010413", "price": "117732.77000000", "time": "2025-07-15T23:23:16.496945Z", "fetched_at": "2025-07-15T23:23:25.090664+00:00", "symbol": "BTC-USD"}, {"trade_id": 849993335, "side": "buy", "size": "0.00000900", "price": "117732.77000000", "time": "2025-07-15T23:23:16.496945Z", "fetched_at": "2025-07-15T23:23:25.090664+00:00", "symbol": "BTC-USD"}, {"trade_id": 849993334, "side": "buy", "size": "0.00123675", "price": "117732.77000000", "time": "2025-07-15T23:23:16.496945Z", "fetched_at": "2025-07-15T23:23:25.090664+00:00", "symbol": "BTC-USD"}, {"trade_id": 849993333, "side": "sell", "size": "0.00004205", "price": "117732.78000000", "time": "2025-07-15T23:23:16.348898Z", "fetched_at": "2025-07-15T23:23:25.090664+00:00", "symbol": "BTC-USD"}, {"trade_id": 849993332, "side": "sell", "size": "0.00009965", "price": "117732.78000000", "time": "2025-07-15T23:23:16.324461Z", "fetched_at": "2025-07-15T23:23:25.090664+00:00", "symbol": "BTC-USD"}, {"trade_id": 849993331, "side": "sell", "size": "0.00040279", "price": "117732.78000000", "time": "2025-07-15T23:23:15.569368Z", "fetched_at": "2025-07-15T23:23:25.090664+00:00", "symbol": "BTC-USD"}, {"trade_id": 849993330, "side": "sell", "size": "0.00098226", "price": "117732.78000000", "time": "2025-07-15T23:23:15.466627Z", "fetched_at": "2025-07-15T23:23:25.090664+00:00", "symbol": "BTC-USD"}, {"trade_id": 849993329, "side": "buy", "size": "0.00428951", "price": "117732.77000000", "time": "2025-07-15T23:23:15.204593Z", "fetched_at": "2025-07-15T23:23:25.090664+00:00", "symbol": "BTC-USD"}, {"trade_id": 849993328, "side": "buy", "size": "0.00036010", "price": "117732.77000000", "time": "2025-07-15T23:23:15.106918Z", "fetched_at": "2025-07-15T23:23:25.090664+00:00", "symbol": "BTC-USD"}, {"trade_id": 849993327, "side": "sell", "size": "0.00245912", "price": "117732.78000000", "time": "2025-07-15T23:23:14.731054Z", "fetched_at": "2025-07-15T23:23:25.090664+00:00", "symbol": "BTC-USD"}, {"trade_id": 849993326, "side": "sell", "size": "0.01442377", "price": "117732.78000000", "time": "2025-07-15T23:23:14.565889Z", "fetched_at": "2025-07-15T23:23:25.090664+00:00", "symbol": "BTC-USD"}, {"trade_id": 849993325, "side": "sell", "size": "0.00990510", "price": "117732.78000000", "time": "2025-07-15T23:23:14.144174Z", "fetched_at": "2025-07-15T23:23:25.090664+00:00", "symbol": "BTC-USD"}, {"trade_id": 849993324, "side": "sell", "size": "0.00083178", "price": "117732.78000000", "time": "2025-07-15T23:23:13.938430Z", "fetched_at": "2025-07-15T23:23:25.090664+00:00", "symbol": "BTC-USD"}, {"trade_id": 849993323, "side": "sell", "size": "0.00412716", "price": "117732.78000000", "time": "2025-07-15T23:23:13.767974Z", "fetched_at": "2025-07-15T23:23:25.090664+00:00", "symbol": "BTC-USD"}, {"trade_id": 849993322, "side": "sell", "size": "0.00583800", "price": "117732.78000000", "time": "2025-07-15T23:23:13.330025Z", "fetched_at": "2025-07-15T23:23:25.090664+00:00", "symbol": "BTC-USD"}, {"trade_id": 849993321, "side": "sell", "size": "0.00012891", "price": "117732.78000000", "time": "2025-07-15T23:23:13.192737Z", "fetched_at": "2025-07-15T23:23:25.090664+00:00", "symbol": "BTC-USD"}, {"trade_id": 849993320, "side": "sell", "size": "0.00120846", "price": "117732.78000000", "time": "2025-07-15T23:23:12.568857Z", "fetched_at": "2025-07-15T23:23:25.090664+00:00", "symbol": "BTC-USD"}, {"trade_id": 849993319, "side": "buy", "size": "0.00177764", "price": "117732.77000000", "time": "2025-07-15T23:23:12.461314Z", "fetched_at": "2025-07-15T23:23:25.090664+00:00", "symbol": "BTC-USD"}, {"trade_id": 849993318, "side": "buy", "size": "0.00030484", "price": "117732.79000000", "time": "2025-07-15T23:23:12.461314Z", "fetched_at": "2025-07-15T23:23:25.090664+00:00", "symbol": "BTC-USD"}, {"trade_id": 849993317, "side": "buy", "size": "0.00090739", "price": "117732.79000000", "time": "2025-07-15T23:23:12.461314Z", "fetched_at": "2025-07-15T23:23:25.090664+00:00", "symbol": "BTC-USD"}, {"trade_id": 849993316, "side": "buy", "size": "0.00002658", "price": "117732.79000000", "time": "2025-07-15T23:23:12.461314Z", "fetched_at": "2025-07-15T23:23:25.090664+00:00", "symbol": "BTC-USD"}, {"trade_id": 849993315, "side": "sell", "size": "0.00084301", "price": "117732.80000000", "time": "2025-07-15T23:23:12.381616Z", "fetched_at": "2025-07-15T23:23:25.090664+00:00", "symbol": "BTC-USD"}, {"trade_id": 849993314, "side": "sell", "size": "0.00079733", "price": "117732.80000000", "time": "2025-07-15T23:23:11.905120Z", "fetched_at": "2025-07-15T23:23:25.090664+00:00", "symbol": "BTC-USD"}, {"trade_id": 849993313, "side": "sell", "size": "0.00001503", "price": "117732.80000000", "time": "2025-07-15T23:23:11.905120Z", "fetched_at": "2025-07-15T23:23:25.090664+00:00", "symbol": "BTC-USD"}, {"trade_id": 849993312, "side": "sell", "size": "0.00000760", "price": "117732.80000000", "time": "2025-07-15T23:23:11.905120Z", "fetched_at": "2025-07-15T23:23:25.090664+00:00", "symbol": "BTC-USD"}, {"trade_id": 849993311, "side": "sell", "size": "0.00006640", "price": "117732.80000000", "time": "2025-07-15T23:23:11.905120Z", "fetched_at": "2025-07-15T23:23:25.090664+00:00", "symbol": "BTC-USD"}, {"trade_id": 849993310, "side": "sell", "size": "0.00002114", "price": "117732.80000000", "time": "2025-07-15T23:23:11.905120Z", "fetched_at": "2025-07-15T23:23:25.090664+00:00", "symbol": "BTC-USD"}, {"trade_id": 849993309, "side": "sell", "size": "0.00030258", "price": "117732.80000000", "time": "2025-07-15T23:23:11.905120Z", "fetched_at": "2025-07-15T23:23:25.090664+00:00", "symbol": "BTC-USD"}, {"trade_id": 849993308, "side": "sell", "size": "0.00082474", "price": "117732.80000000", "time": "2025-07-15T23:23:11.206647Z", "fetched_at": "2025-07-15T23:23:25.090664+00:00", "symbol": "BTC-USD"}, {"trade_id": 849993307, "side": "sell", "size": "0.00004054", "price": "117732.80000000", "time": "2025-07-15T23:23:09.222442Z", "fetched_at": "2025-07-15T23:23:25.090664+00:00", "symbol": "BTC-USD"}, {"trade_id": 849993306, "side": "sell", "size": "0.00002067", "price": "117730.30000000", "time": "2025-07-15T23:23:09.222442Z", "fetched_at": "2025-07-15T23:23:25.090664+00:00", "symbol": "BTC-USD"}, {"trade_id": 849993305, "side": "sell", "size": "0.00001876", "price": "117730.30000000", "time": "2025-07-15T23:23:09.222442Z", "fetched_at": "2025-07-15T23:23:25.090664+00:00", "symbol": "BTC-USD"}, {"trade_id": 849993304, "side": "buy", "size": "0.00015503", "price": "117730.29000000", "time": "2025-07-15T23:23:08.589843Z", "fetched_at": "2025-07-15T23:23:25.090664+00:00", "symbol": "BTC-USD"}, {"trade_id": 849993303, "side": "sell", "size": "0.00027533", "price": "117732.05000000", "time": "2025-07-15T23:23:07.548737Z", "fetched_at": "2025-07-15T23:23:25.090664+00:00", "symbol": "BTC-USD"}, {"trade_id": 849993302, "side": "sell", "size": "0.00001899", "price": "117730.28000000", "time": "2025-07-15T23:23:07.548737Z", "fetched_at": "2025-07-15T23:23:25.090664+00:00", "symbol": "BTC-USD"}, {"trade_id": 849993301, "side": "buy", "size": "0.00822007", "price": "117730.27000000", "time": "2025-07-15T23:23:07.536644Z", "fetched_at": "2025-07-15T23:23:25.090664+00:00", "symbol": "BTC-USD"}, {"trade_id": 849993300, "side": "buy", "size": "0.00030484", "price": "117732.04000000", "time": "2025-07-15T23:23:07.536644Z", "fetched_at": "2025-07-15T23:23:25.090664+00:00", "symbol": "BTC-USD"}, {"trade_id": 849993299, "side": "sell", "size": "0.00205102", "price": "117732.05000000", "time": "2025-07-15T23:23:07.382253Z", "fetched_at": "2025-07-15T23:23:25.090664+00:00", "symbol": "BTC-USD"}, {"trade_id": 849993298, "side": "sell", "size": "0.00001256", "price": "117732.05000000", "time": "2025-07-15T23:23:07.382253Z", "fetched_at": "2025-07-15T23:23:25.090664+00:00", "symbol": "BTC-USD"}, {"trade_id": 849993297, "side": "sell", "size": "0.02066394", "price": "117739.70000000", "time": "2025-07-15T23:23:06.737192Z", "fetched_at": "2025-07-15T23:23:25.090664+00:00", "symbol": "BTC-USD"}, {"trade_id": 849993296, "side": "sell", "size": "0.00012714", "price": "117739.54000000", "time": "2025-07-15T23:23:06.737192Z", "fetched_at": "2025-07-15T23:23:25.090664+00:00", "symbol": "BTC-USD"}, {"trade_id": 849993295, "side": "sell", "size": "0.00004068", "price": "117739.54000000", "time": "2025-07-15T23:23:06.737192Z", "fetched_at": "2025-07-15T23:23:25.090664+00:00", "symbol": "BTC-USD"}, {"trade_id": 849993294, "side": "sell", "size": "0.00020256", "price": "117739.54000000", "time": "2025-07-15T23:23:06.737192Z", "fetched_at": "2025-07-15T23:23:25.090664+00:00", "symbol": "BTC-USD"}, {"trade_id": 849993293, "side": "sell", "size": "0.00001000", "price": "117739.22000000", "time": "2025-07-15T23:23:06.737192Z", "fetched_at": "2025-07-15T23:23:25.090664+00:00", "symbol": "BTC-USD"}, {"trade_id": 849993292, "side": "sell", "size": "0.03155884", "price": "117738.82000000", "time": "2025-07-15T23:23:06.737192Z", "fetched_at": "2025-07-15T23:23:25.090664+00:00", "symbol": "BTC-USD"}, {"trade_id": 849993291, "side": "sell", "size": "0.03215909", "price": "117738.81000000", "time": "2025-07-15T23:23:06.737192Z", "fetched_at": "2025-07-15T23:23:25.090664+00:00", "symbol": "BTC-USD"}, {"trade_id": 849993290, "side": "sell", "size": "0.00811349", "price": "117736.33000000", "time": "2025-07-15T23:23:06.737192Z", "fetched_at": "2025-07-15T23:23:25.090664+00:00", "symbol": "BTC-USD"}, {"trade_id": 849993289, "side": "sell", "size": "0.00849368", "price": "117734.57000000", "time": "2025-07-15T23:23:06.737192Z", "fetched_at": "2025-07-15T23:23:25.090664+00:00", "symbol": "BTC-USD"}, {"trade_id": 849993288, "side": "sell", "size": "0.00368152", "price": "117732.80000000", "time": "2025-07-15T23:23:06.737192Z", "fetched_at": "2025-07-15T23:23:25.090664+00:00", "symbol": "BTC-USD"}, {"trade_id": 849993287, "side": "sell", "size": "0.00001859", "price": "117730.39000000", "time": "2025-07-15T23:23:06.545360Z", "fetched_at": "2025-07-15T23:23:25.090664+00:00", "symbol": "BTC-USD"}, {"trade_id": 849993286, "side": "sell", "size": "0.00014529", "price": "117730.39000000", "time": "2025-07-15T23:23:06.545360Z", "fetched_at": "2025-07-15T23:23:25.090664+00:00", "symbol": "BTC-USD"}, {"trade_id": 849993285, "side": "sell", "size": "0.00001000", "price": "117730.39000000", "time": "2025-07-15T23:23:06.545360Z", "fetched_at": "2025-07-15T23:23:25.090664+00:00", "symbol": "BTC-USD"}, {"trade_id": 849993284, "side": "sell", "size": "0.06540421", "price": "117730.39000000", "time": "2025-07-15T23:23:06.545360Z", "fetched_at": "2025-07-15T23:23:25.090664+00:00", "symbol": "BTC-USD"}, {"trade_id": 849993283, "side": "buy", "size": "0.00008520", "price": "117728.88000000", "time": "2025-07-15T23:23:05.754605Z", "fetched_at": "2025-07-15T23:23:25.090664+00:00", "symbol": "BTC-USD"}, {"trade_id": 849993282, "side": "sell", "size": "0.04198156", "price": "117730.28000000", "time": "2025-07-15T23:23:05.432863Z", "fetched_at": "2025-07-15T23:23:25.090664+00:00", "symbol": "BTC-USD"}, {"trade_id": 849993281, "side": "sell", "size": "0.00001844", "price": "117728.89000000", "time": "2025-07-15T23:23:05.432863Z", "fetched_at": "2025-07-15T23:23:25.090664+00:00", "symbol": "BTC-USD"}, {"trade_id": 849993280, "side": "sell", "size": "0.00849500", "price": "117728.89000000", "time": "2025-07-15T23:23:05.406594Z", "fetched_at": "2025-07-15T23:23:25.090664+00:00", "symbol": "BTC-USD"}, {"trade_id": 849993279, "side": "sell", "size": "0.00001844", "price": "117728.89000000", "time": "2025-07-15T23:23:05.406594Z", "fetched_at": "2025-07-15T23:23:25.090664+00:00", "symbol": "BTC-USD"}, {"trade_id": 849993278, "side": "sell", "size": "0.01022700", "price": "117730.28000000", "time": "2025-07-15T23:23:05.351057Z", "fetched_at": "2025-07-15T23:23:25.090664+00:00", "symbol": "BTC-USD"}, {"trade_id": 849993277, "side": "buy", "size": "0.01655155", "price": "117730.27000000", "time": "2025-07-15T23:23:05.304834Z", "fetched_at": "2025-07-15T23:23:25.090664+00:00", "symbol": "BTC-USD"}, {"trade_id": 849993276, "side": "buy", "size": "0.00000900", "price": "117730.36000000", "time": "2025-07-15T23:23:05.304834Z", "fetched_at": "2025-07-15T23:23:25.090664+00:00", "symbol": "BTC-USD"}, {"trade_id": 849993275, "side": "buy", "size": "0.00021100", "price": "117730.36000000", "time": "2025-07-15T23:23:05.304834Z", "fetched_at": "2025-07-15T23:23:25.090664+00:00", "symbol": "BTC-USD"}, {"trade_id": 849993274, "side": "buy", "size": "0.00002658", "price": "117730.38000000", "time": "2025-07-15T23:23:05.304834Z", "fetched_at": "2025-07-15T23:23:25.090664+00:00", "symbol": "BTC-USD"}, {"trade_id": 849993273, "side": "buy", "size": "0.00005317", "price": "117730.38000000", "time": "2025-07-15T23:23:05.304834Z", "fetched_at": "2025-07-15T23:23:25.090664+00:00", "symbol": "BTC-USD"}, {"trade_id": 849993272, "side": "buy", "size": "0.00010405", "price": "117730.38000000", "time": "2025-07-15T23:23:05.304834Z", "fetched_at": "2025-07-15T23:23:25.090664+00:00", "symbol": "BTC-USD"}, {"trade_id": 849993271, "side": "buy", "size": "0.00030476", "price": "117730.38000000", "time": "2025-07-15T23:23:05.304834Z", "fetched_at": "2025-07-15T23:23:25.090664+00:00", "symbol": "BTC-USD"}, {"trade_id": 849993270, "side": "buy", "size": "0.00048777", "price": "117730.38000000", "time": "2025-07-15T23:23:05.304834Z", "fetched_at": "2025-07-15T23:23:25.090664+00:00", "symbol": "BTC-USD"}, {"trade_id": 849993269, "side": "buy", "size": "0.00034316", "price": "117730.38000000", "time": "2025-07-15T23:23:04.294719Z", "fetched_at": "2025-07-15T23:23:25.090664+00:00", "symbol": "BTC-USD"}, {"trade_id": 849993268, "side": "sell", "size": "0.00041243", "price": "117730.39000000", "time": "2025-07-15T23:23:03.801320Z", "fetched_at": "2025-07-15T23:23:25.090664+00:00", "symbol": "BTC-USD"}, {"trade_id": 849993267, "side": "sell", "size": "0.00050581", "price": "117730.39000000", "time": "2025-07-15T23:23:03.718253Z", "fetched_at": "2025-07-15T23:23:25.090664+00:00", "symbol": "BTC-USD"}, {"trade_id": 849993266, "side": "buy", "size": "0.00007631", "price": "117730.38000000", "time": "2025-07-15T23:23:03.403012Z", "fetched_at": "2025-07-15T23:23:25.090664+00:00", "symbol": "BTC-USD"}, {"trade_id": 849993265, "side": "buy", "size": "0.00002616", "price": "117730.38000000", "time": "2025-07-15T23:23:03.403012Z", "fetched_at": "2025-07-15T23:23:25.090664+00:00", "symbol": "BTC-USD"}, {"trade_id": 849993264, "side": "buy", "size": "0.00002198", "price": "117730.38000000", "time": "2025-07-15T23:23:03.403012Z", "fetched_at": "2025-07-15T23:23:25.090664+00:00", "symbol": "BTC-USD"}, {"trade_id": 849993263, "side": "buy", "size": "0.00005239", "price": "117730.38000000", "time": "2025-07-15T23:23:03.403012Z", "fetched_at": "2025-07-15T23:23:25.090664+00:00", "symbol": "BTC-USD"}, {"trade_id": 849993262, "side": "sell", "size": "0.00001565", "price": "117730.39000000", "time": "2025-07-15T23:23:02.939067Z", "fetched_at": "2025-07-15T23:23:25.090664+00:00", "symbol": "BTC-USD"}, {"trade_id": 849993261, "side": "sell", "size": "0.00169215", "price": "117730.39000000", "time": "2025-07-15T23:23:02.921829Z", "fetched_at": "2025-07-15T23:23:25.090664+00:00", "symbol": "BTC-USD"}, {"trade_id": 849993260, "side": "buy", "size": "0.00000001", "price": "117730.38000000", "time": "2025-07-15T23:23:02.017429Z", "fetched_at": "2025-07-15T23:23:25.090664+00:00", "symbol": "BTC-USD"}, {"trade_id": 849993259, "side": "sell", "size": "0.00001993", "price": "117730.39000000", "time": "2025-07-15T23:23:01.251675Z", "fetched_at": "2025-07-15T23:23:25.090664+00:00", "symbol": "BTC-USD"}, {"trade_id": 849993258, "side": "sell", "size": "0.00231157", "price": "117730.39000000", "time": "2025-07-15T23:23:01.107535Z", "fetched_at": "2025-07-15T23:23:25.090664+00:00", "symbol": "BTC-USD"}, {"trade_id": 849993257, "side": "sell", "size": "0.00056408", "price": "117730.39000000", "time": "2025-07-15T23:23:00.630863Z", "fetched_at": "2025-07-15T23:23:25.090664+00:00", "symbol": "BTC-USD"}, {"trade_id": 849993256, "side": "sell", "size": "0.00018551", "price": "117730.39000000", "time": "2025-07-15T23:23:00.134644Z", "fetched_at": "2025-07-15T23:23:25.090664+00:00", "symbol": "BTC-USD"}, {"trade_id": 849993255, "side": "buy", "size": "0.00000265", "price": "117730.38000000", "time": "2025-07-15T23:22:59.807673Z", "fetched_at": "2025-07-15T23:23:25.090664+00:00", "symbol": "BTC-USD"}, {"trade_id": 849993254, "side": "buy", "size": "0.00165317", "price": "117730.38000000", "time": "2025-07-15T23:22:59.538397Z", "fetched_at": "2025-07-15T23:23:25.090664+00:00", "symbol": "BTC-USD"}, {"trade_id": 849993253, "side": "buy", "size": "0.00176868", "price": "117730.38000000", "time": "2025-07-15T23:22:58.884221Z", "fetched_at": "2025-07-15T23:23:25.090664+00:00", "symbol": "BTC-USD"}, {"trade_id": 849993252, "side": "buy", "size": "0.00010337", "price": "117730.38000000", "time": "2025-07-15T23:22:58.884221Z", "fetched_at": "2025-07-15T23:23:25.090664+00:00", "symbol": "BTC-USD"}, {"trade_id": 849993251, "side": "buy", "size": "0.00030790", "price": "117730.38000000", "time": "2025-07-15T23:22:58.884221Z", "fetched_at": "2025-07-15T23:23:25.090664+00:00", "symbol": "BTC-USD"}, {"trade_id": 849993250, "side": "buy", "size": "0.00091633", "price": "117730.38000000", "time": "2025-07-15T23:22:58.884221Z", "fetched_at": "2025-07-15T23:23:25.090664+00:00", "symbol": "BTC-USD"}, {"trade_id": 849993249, "side": "sell", "size": "0.00247667", "price": "117730.39000000", "time": "2025-07-15T23:22:58.221387Z", "fetched_at": "2025-07-15T23:23:25.090664+00:00", "symbol": "BTC-USD"}, {"trade_id": 849993248, "side": "buy", "size": "0.00000001", "price": "117730.38000000", "time": "2025-07-15T23:22:56.179644Z", "fetched_at": "2025-07-15T23:23:25.090664+00:00", "symbol": "BTC-USD"}, {"trade_id": 849993247, "side": "buy", "size": "0.01287032", "price": "117730.38000000", "time": "2025-07-15T23:22:55.250353Z", "fetched_at": "2025-07-15T23:23:25.090664+00:00", "symbol": "BTC-USD"}, {"trade_id": 849993246, "side": "sell", "size": "0.00003995", "price": "117730.39000000", "time": "2025-07-15T23:22:55.184056Z", "fetched_at": "2025-07-15T23:23:25.090664+00:00", "symbol": "BTC-USD"}, {"trade_id": 849993245, "side": "sell", "size": "0.00012086", "price": "117730.39000000", "time": "2025-07-15T23:22:54.912724Z", "fetched_at": "2025-07-15T23:23:25.090664+00:00", "symbol": "BTC-USD"}, {"trade_id": 849993244, "side": "sell", "size": "0.06829086", "price": "117729.52000000", "time": "2025-07-15T23:22:54.636045Z", "fetched_at": "2025-07-15T23:23:25.090664+00:00", "symbol": "BTC-USD"}, {"trade_id": 849993243, "side": "sell", "size": "0.04656331", "price": "117719.98000000", "time": "2025-07-15T23:22:54.612529Z", "fetched_at": "2025-07-15T23:23:25.090664+00:00", "symbol": "BTC-USD"}, {"trade_id": 849993242, "side": "sell", "size": "0.00424720", "price": "117719.62000000", "time": "2025-07-15T23:22:54.612529Z", "fetched_at": "2025-07-15T23:23:25.090664+00:00", "symbol": "BTC-USD"}, {"trade_id": 849993241, "side": "sell", "size": "0.11071734", "price": "117716.99000000", "time": "2025-07-15T23:22:54.612480Z", "fetched_at": "2025-07-15T23:23:25.090664+00:00", "symbol": "BTC-USD"}, {"trade_id": 849993240, "side": "sell", "size": "0.03723157", "price": "117716.99000000", "time": "2025-07-15T23:22:54.612457Z", "fetched_at": "2025-07-15T23:23:25.090664+00:00", "symbol": "BTC-USD"}, {"trade_id": 849993239, "side": "sell", "size": "0.02082958", "price": "117716.99000000", "time": "2025-07-15T23:22:54.612436Z", "fetched_at": "2025-07-15T23:23:25.090664+00:00", "symbol": "BTC-USD"}, {"trade_id": 849993238, "side": "sell", "size": "0.05304201", "price": "117716.99000000", "time": "2025-07-15T23:22:54.612420Z", "fetched_at": "2025-07-15T23:23:25.090664+00:00", "symbol": "BTC-USD"}, {"trade_id": 849993237, "side": "sell", "size": "0.11382390", "price": "117716.99000000", "time": "2025-07-15T23:22:54.612352Z", "fetched_at": "2025-07-15T23:23:25.090664+00:00", "symbol": "BTC-USD"}, {"trade_id": 849993236, "side": "sell", "size": "0.02460483", "price": "117716.99000000", "time": "2025-07-15T23:22:54.612252Z", "fetched_at": "2025-07-15T23:23:25.090664+00:00", "symbol": "BTC-USD"}, {"trade_id": 849993235, "side": "sell", "size": "0.05878756", "price": "117716.99000000", "time": "2025-07-15T23:22:54.611686Z", "fetched_at": "2025-07-15T23:23:25.090664+00:00", "symbol": "BTC-USD"}, {"trade_id": 849993234, "side": "sell", "size": "0.00600009", "price": "117716.99000000", "time": "2025-07-15T23:22:54.611367Z", "fetched_at": "2025-07-15T23:23:25.090664+00:00", "symbol": "BTC-USD"}, {"trade_id": 849993233, "side": "sell", "size": "0.07496312", "price": "117716.99000000", "time": "2025-07-15T23:22:54.611350Z", "fetched_at": "2025-07-15T23:23:25.090664+00:00", "symbol": "BTC-USD"}, {"trade_id": 849993232, "side": "sell", "size": "0.05387476", "price": "117716.98000000", "time": "2025-07-15T23:22:54.611350Z", "fetched_at": "2025-07-15T23:23:25.090664+00:00", "symbol": "BTC-USD"}, {"trade_id": 849993231, "side": "sell", "size": "0.01129499", "price": "117716.98000000", "time": "2025-07-15T23:22:54.609734Z", "fetched_at": "2025-07-15T23:23:25.090664+00:00", "symbol": "BTC-USD"}, {"trade_id": 849993230, "side": "sell", "size": "0.00007035", "price": "117716.97000000", "time": "2025-07-15T23:22:54.609734Z", "fetched_at": "2025-07-15T23:23:25.090664+00:00", "symbol": "BTC-USD"}, {"trade_id": 849993229, "side": "sell", "size": "0.00849514", "price": "117714.42000000", "time": "2025-07-15T23:22:54.608666Z", "fetched_at": "2025-07-15T23:23:25.090664+00:00", "symbol": "BTC-USD"}, {"trade_id": 849993228, "side": "sell", "size": "0.06829086", "price": "117712.85000000", "time": "2025-07-15T23:22:54.608666Z", "fetched_at": "2025-07-15T23:23:25.090664+00:00", "symbol": "BTC-USD"}, {"trade_id": 849993227, "side": "sell", "size": "0.06485366", "price": "117712.74000000", "time": "2025-07-15T23:22:54.608666Z", "fetched_at": "2025-07-15T23:23:25.090664+00:00", "symbol": "BTC-USD"}, {"trade_id": 849993226, "side": "sell", "size": "0.03090445", "price": "117712.74000000", "time": "2025-07-15T23:22:54.608595Z", "fetched_at": "2025-07-15T23:23:25.090664+00:00", "symbol": "BTC-USD"}, {"trade_id": 849993225, "side": "sell", "size": "0.00013495", "price": "117712.66000000", "time": "2025-07-15T23:22:54.608595Z", "fetched_at": "2025-07-15T23:23:25.090664+00:00", "symbol": "BTC-USD"}, {"trade_id": 849993224, "side": "sell", "size": "0.06945764", "price": "117712.66000000", "time": "2025-07-15T23:22:54.608595Z", "fetched_at": "2025-07-15T23:23:25.090664+00:00", "symbol": "BTC-USD"}, {"trade_id": 849993223, "side": "buy", "size": "0.00006186", "price": "117712.65000000", "time": "2025-07-15T23:22:54.491771Z", "fetched_at": "2025-07-15T23:23:25.090664+00:00", "symbol": "BTC-USD"}, {"trade_id": 849993222, "side": "buy", "size": "0.00090754", "price": "117712.65000000", "time": "2025-07-15T23:22:54.491771Z", "fetched_at": "2025-07-15T23:23:25.090664+00:00", "symbol": "BTC-USD"}, {"trade_id": 849993221, "side": "buy", "size": "0.00002659", "price": "117712.65000000", "time": "2025-07-15T23:22:54.491771Z", "fetched_at": "2025-07-15T23:23:25.090664+00:00", "symbol": "BTC-USD"}, {"trade_id": 849993220, "side": "buy", "size": "0.00005309", "price": "117712.65000000", "time": "2025-07-15T23:22:54.491771Z", "fetched_at": "2025-07-15T23:23:25.090664+00:00", "symbol": "BTC-USD"}, {"trade_id": 849993219, "side": "buy", "size": "0.00010406", "price": "117712.65000000", "time": "2025-07-15T23:22:54.491771Z", "fetched_at": "2025-07-15T23:23:25.090664+00:00", "symbol": "BTC-USD"}, {"trade_id": 849993218, "side": "buy", "size": "0.00030481", "price": "117712.65000000", "time": "2025-07-15T23:22:54.491771Z", "fetched_at": "2025-07-15T23:23:25.090664+00:00", "symbol": "BTC-USD"}, {"trade_id": 849993217, "side": "buy", "size": "0.00025039", "price": "117712.65000000", "time": "2025-07-15T23:22:54.491771Z", "fetched_at": "2025-07-15T23:23:25.090664+00:00", "symbol": "BTC-USD"}, {"trade_id": 849993216, "side": "buy", "size": "0.00030923", "price": "117712.65000000", "time": "2025-07-15T23:22:54.373611Z", "fetched_at": "2025-07-15T23:23:25.090664+00:00", "symbol": "BTC-USD"}, {"trade_id": 849993215, "side": "sell", "size": "0.00003667", "price": "117712.66000000", "time": "2025-07-15T23:22:53.648115Z", "fetched_at": "2025-07-15T23:23:25.090664+00:00", "symbol": "BTC-USD"}, {"trade_id": 849993214, "side": "sell", "size": "0.00026032", "price": "117712.66000000", "time": "2025-07-15T23:22:53.165612Z", "fetched_at": "2025-07-15T23:23:25.090664+00:00", "symbol": "BTC-USD"}, {"trade_id": 849993213, "side": "sell", "size": "0.00165111", "price": "117712.66000000", "time": "2025-07-15T23:22:53.161843Z", "fetched_at": "2025-07-15T23:23:25.090664+00:00", "symbol": "BTC-USD"}, {"trade_id": 849993212, "side": "sell", "size": "0.00041278", "price": "117712.66000000", "time": "2025-07-15T23:22:52.143896Z", "fetched_at": "2025-07-15T23:23:25.090664+00:00", "symbol": "BTC-USD"}, {"trade_id": 849993211, "side": "buy", "size": "0.00000001", "price": "117712.65000000", "time": "2025-07-15T23:22:51.224074Z", "fetched_at": "2025-07-15T23:23:25.090664+00:00", "symbol": "BTC-USD"}, {"trade_id": 849993210, "side": "sell", "size": "0.00145044", "price": "117712.66000000", "time": "2025-07-15T23:22:51.169553Z", "fetched_at": "2025-07-15T23:23:25.090664+00:00", "symbol": "BTC-USD"}, {"trade_id": 849993209, "side": "buy", "size": "0.00034783", "price": "117712.65000000", "time": "2025-07-15T23:22:50.669637Z", "fetched_at": "2025-07-15T23:23:25.090664+00:00", "symbol": "BTC-USD"}, {"trade_id": 849993208, "side": "buy", "size": "0.00002198", "price": "117712.65000000", "time": "2025-07-15T23:22:50.669637Z", "fetched_at": "2025-07-15T23:23:25.090664+00:00", "symbol": "BTC-USD"}, {"trade_id": 849993207, "side": "buy", "size": "0.00002633", "price": "117712.65000000", "time": "2025-07-15T23:22:50.669637Z", "fetched_at": "2025-07-15T23:23:25.090664+00:00", "symbol": "BTC-USD"}, {"trade_id": 849993206, "side": "buy", "size": "0.00003288", "price": "117712.65000000", "time": "2025-07-15T23:22:50.669637Z", "fetched_at": "2025-07-15T23:23:25.090664+00:00", "symbol": "BTC-USD"}, {"trade_id": 849993205, "side": "sell", "size": "0.00123833", "price": "117712.66000000", "time": "2025-07-15T23:22:50.260039Z", "fetched_at": "2025-07-15T23:23:25.090664+00:00", "symbol": "BTC-USD"}, {"trade_id": 849993204, "side": "buy", "size": "0.00001342", "price": "117712.65000000", "time": "2025-07-15T23:22:50.183447Z", "fetched_at": "2025-07-15T23:23:25.090664+00:00", "symbol": "BTC-USD"}, {"trade_id": 849993203, "side": "buy", "size": "0.00000637", "price": "117712.65000000", "time": "2025-07-15T23:22:49.913217Z", "fetched_at": "2025-07-15T23:23:25.090664+00:00", "symbol": "BTC-USD"}, {"trade_id": 849993202, "side": "buy", "size": "0.00005947", "price": "117712.65000000", "time": "2025-07-15T23:22:49.627779Z", "fetched_at": "2025-07-15T23:23:25.090664+00:00", "symbol": "BTC-USD"}, {"trade_id": 849993201, "side": "sell", "size": "0.00082518", "price": "117712.66000000", "time": "2025-07-15T23:22:49.016698Z", "fetched_at": "2025-07-15T23:23:25.090664+00:00", "symbol": "BTC-USD"}, {"trade_id": 849993200, "side": "sell", "size": "0.00008200", "price": "117712.66000000", "time": "2025-07-15T23:22:48.496407Z", "fetched_at": "2025-07-15T23:23:25.090664+00:00", "symbol": "BTC-USD"}, {"trade_id": 849993199, "side": "sell", "size": "0.00005921", "price": "117712.66000000", "time": "2025-07-15T23:22:48.462421Z", "fetched_at": "2025-07-15T23:23:25.090664+00:00", "symbol": "BTC-USD"}, {"trade_id": 849993198, "side": "sell", "size": "0.00022000", "price": "117712.66000000", "time": "2025-07-15T23:22:48.090973Z", "fetched_at": "2025-07-15T23:23:25.090664+00:00", "symbol": "BTC-USD"}, {"trade_id": 849993197, "side": "sell", "size": "0.00016000", "price": "117712.66000000", "time": "2025-07-15T23:22:47.804989Z", "fetched_at": "2025-07-15T23:23:25.090664+00:00", "symbol": "BTC-USD"}, {"trade_id": 849993196, "side": "sell", "size": "0.00017439", "price": "117712.66000000", "time": "2025-07-15T23:22:46.366692Z", "fetched_at": "2025-07-15T23:23:25.090664+00:00", "symbol": "BTC-USD"}, {"trade_id": 849993195, "side": "buy", "size": "0.00000001", "price": "117712.65000000", "time": "2025-07-15T23:22:45.850407Z", "fetched_at": "2025-07-15T23:23:25.090664+00:00", "symbol": "BTC-USD"}, {"trade_id": 849993194, "side": "sell", "size": "0.00037064", "price": "117712.66000000", "time": "2025-07-15T23:22:45.245023Z", "fetched_at": "2025-07-15T23:23:25.090664+00:00", "symbol": "BTC-USD"}, {"trade_id": 849993193, "side": "sell", "size": "0.01320338", "price": "117712.66000000", "time": "2025-07-15T23:22:45.185173Z", "fetched_at": "2025-07-15T23:23:25.090664+00:00", "symbol": "BTC-USD"}, {"trade_id": 849993192, "side": "sell", "size": "0.00083652", "price": "117712.66000000", "time": "2025-07-15T23:22:45.021810Z", "fetched_at": "2025-07-15T23:23:25.090664+00:00", "symbol": "BTC-USD"}, {"trade_id": 849993191, "side": "sell", "size": "0.00001422", "price": "117712.66000000", "time": "2025-07-15T23:22:44.105293Z", "fetched_at": "2025-07-15T23:23:25.090664+00:00", "symbol": "BTC-USD"}, {"trade_id": 849993190, "side": "sell", "size": "0.00412778", "price": "117712.66000000", "time": "2025-07-15T23:22:43.775798Z", "fetched_at": "2025-07-15T23:23:25.090664+00:00", "symbol": "BTC-USD"}, {"trade_id": 849993189, "side": "buy", "size": "0.00008058", "price": "117712.65000000", "time": "2025-07-15T23:22:43.215767Z", "fetched_at": "2025-07-15T23:23:25.090664+00:00", "symbol": "BTC-USD"}, {"trade_id": 849993188, "side": "sell", "size": "0.00165113", "price": "117712.66000000", "time": "2025-07-15T23:22:42.967428Z", "fetched_at": "2025-07-15T23:23:25.090664+00:00", "symbol": "BTC-USD"}, {"trade_id": 849993187, "side": "sell", "size": "0.00042052", "price": "117712.66000000", "time": "2025-07-15T23:22:42.953509Z", "fetched_at": "2025-07-15T23:23:25.090664+00:00", "symbol": "BTC-USD"}, {"trade_id": 849993186, "side": "buy", "size": "0.00000001", "price": "117712.65000000", "time": "2025-07-15T23:22:41.834899Z", "fetched_at": "2025-07-15T23:23:25.090664+00:00", "symbol": "BTC-USD"}, {"trade_id": 849993185, "side": "sell", "size": "0.00847402", "price": "117712.66000000", "time": "2025-07-15T23:22:41.797113Z", "fetched_at": "2025-07-15T23:23:25.090664+00:00", "symbol": "BTC-USD"}, {"trade_id": 849993184, "side": "sell", "size": "0.01279603", "price": "117712.66000000", "time": "2025-07-15T23:22:41.734185Z", "fetched_at": "2025-07-15T23:23:25.090664+00:00", "symbol": "BTC-USD"}, {"trade_id": 849993183, "side": "sell", "size": "0.00082556", "price": "117712.66000000", "time": "2025-07-15T23:22:41.548798Z", "fetched_at": "2025-07-15T23:23:25.090664+00:00", "symbol": "BTC-USD"}, {"trade_id": 849993182, "side": "buy", "size": "0.00003457", "price": "117712.65000000", "time": "2025-07-15T23:22:40.923369Z", "fetched_at": "2025-07-15T23:23:25.090664+00:00", "symbol": "BTC-USD"}, {"trade_id": 849993181, "side": "sell", "size": "0.00008199", "price": "117712.66000000", "time": "2025-07-15T23:22:40.317422Z", "fetched_at": "2025-07-15T23:23:25.090664+00:00", "symbol": "BTC-USD"}, {"trade_id": 849993180, "side": "sell", "size": "0.00066664", "price": "117712.66000000", "time": "2025-07-15T23:22:40.214035Z", "fetched_at": "2025-07-15T23:23:25.090664+00:00", "symbol": "BTC-USD"}, {"trade_id": 849993179, "side": "sell", "size": "0.00016510", "price": "117712.66000000", "time": "2025-07-15T23:22:40.038946Z", "fetched_at": "2025-07-15T23:23:25.090664+00:00", "symbol": "BTC-USD"}, {"trade_id": 849993178, "side": "sell", "size": "0.00000008", "price": "117712.66000000", "time": "2025-07-15T23:22:40.015281Z", "fetched_at": "2025-07-15T23:23:25.090664+00:00", "symbol": "BTC-USD"}, {"trade_id": 849993177, "side": "sell", "size": "0.00000025", "price": "117712.66000000", "time": "2025-07-15T23:22:39.996101Z", "fetched_at": "2025-07-15T23:23:25.090664+00:00", "symbol": "BTC-USD"}, {"trade_id": 849993176, "side": "sell", "size": "0.00042026", "price": "117712.66000000", "time": "2025-07-15T23:22:39.978499Z", "fetched_at": "2025-07-15T23:23:25.090664+00:00", "symbol": "BTC-USD"}, {"trade_id": 849993175, "side": "sell", "size": "0.00082556", "price": "117712.66000000", "time": "2025-07-15T23:22:39.767380Z", "fetched_at": "2025-07-15T23:23:25.090664+00:00", "symbol": "BTC-USD"}, {"trade_id": 849993174, "side": "buy", "size": "0.00595587", "price": "117712.65000000", "time": "2025-07-15T23:22:39.268508Z", "fetched_at": "2025-07-15T23:23:25.090664+00:00", "symbol": "BTC-USD"}, {"trade_id": 849993173, "side": "sell", "size": "0.00020141", "price": "117712.66000000", "time": "2025-07-15T23:22:39.196442Z", "fetched_at": "2025-07-15T23:23:25.090664+00:00", "symbol": "BTC-USD"}, {"trade_id": 849993172, "side": "sell", "size": "0.00002860", "price": "117712.66000000", "time": "2025-07-15T23:22:38.817487Z", "fetched_at": "2025-07-15T23:23:25.090664+00:00", "symbol": "BTC-USD"}, {"trade_id": 849993171, "side": "sell", "size": "0.00002944", "price": "117712.66000000", "time": "2025-07-15T23:22:38.647705Z", "fetched_at": "2025-07-15T23:23:25.090664+00:00", "symbol": "BTC-USD"}, {"trade_id": 849993170, "side": "sell", "size": "0.00041278", "price": "117712.66000000", "time": "2025-07-15T23:22:38.299652Z", "fetched_at": "2025-07-15T23:23:25.090664+00:00", "symbol": "BTC-USD"}, {"trade_id": 849993169, "side": "buy", "size": "0.00021731", "price": "117712.65000000", "time": "2025-07-15T23:22:37.933177Z", "fetched_at": "2025-07-15T23:23:25.090664+00:00", "symbol": "BTC-USD"}, {"trade_id": 849993168, "side": "buy", "size": "0.00009345", "price": "117712.65000000", "time": "2025-07-15T23:22:37.933177Z", "fetched_at": "2025-07-15T23:23:25.090664+00:00", "symbol": "BTC-USD"}, {"trade_id": 849993167, "side": "buy", "size": "0.00010364", "price": "117712.65000000", "time": "2025-07-15T23:22:37.933177Z", "fetched_at": "2025-07-15T23:23:25.090664+00:00", "symbol": "BTC-USD"}, {"trade_id": 849993166, "side": "buy", "size": "0.00030413", "price": "117712.65000000", "time": "2025-07-15T23:22:37.933177Z", "fetched_at": "2025-07-15T23:23:25.090664+00:00", "symbol": "BTC-USD"}, {"trade_id": 849993165, "side": "buy", "size": "0.00000001", "price": "117712.65000000", "time": "2025-07-15T23:22:37.750215Z", "fetched_at": "2025-07-15T23:23:25.090664+00:00", "symbol": "BTC-USD"}, {"trade_id": 849993164, "side": "sell", "size": "0.00121000", "price": "117712.66000000", "time": "2025-07-15T23:22:37.682878Z", "fetched_at": "2025-07-15T23:23:25.090664+00:00", "symbol": "BTC-USD"}, {"trade_id": 849993163, "side": "sell", "size": "0.00036072", "price": "117712.66000000", "time": "2025-07-15T23:22:37.406589Z", "fetched_at": "2025-07-15T23:23:25.090664+00:00", "symbol": "BTC-USD"}, {"trade_id": 849993162, "side": "sell", "size": "0.00082556", "price": "117712.66000000", "time": "2025-07-15T23:22:36.994756Z", "fetched_at": "2025-07-15T23:23:25.090664+00:00", "symbol": "BTC-USD"}, {"trade_id": 849993161, "side": "sell", "size": "0.00009671", "price": "117712.66000000", "time": "2025-07-15T23:22:36.950191Z", "fetched_at": "2025-07-15T23:23:25.090664+00:00", "symbol": "BTC-USD"}, {"trade_id": 849993160, "side": "sell", "size": "0.00082556", "price": "117712.66000000", "time": "2025-07-15T23:22:36.786003Z", "fetched_at": "2025-07-15T23:23:25.090664+00:00", "symbol": "BTC-USD"}, {"trade_id": 849993159, "side": "buy", "size": "0.00001868", "price": "117712.65000000", "time": "2025-07-15T23:22:36.746869Z", "fetched_at": "2025-07-15T23:23:25.090664+00:00", "symbol": "BTC-USD"}, {"trade_id": 849993158, "side": "buy", "size": "0.00009345", "price": "117712.65000000", "time": "2025-07-15T23:22:36.746869Z", "fetched_at": "2025-07-15T23:23:25.090664+00:00", "symbol": "BTC-USD"}, {"trade_id": 849993157, "side": "sell", "size": "0.00041275", "price": "117712.65000000", "time": "2025-07-15T23:22:35.695295Z", "fetched_at": "2025-07-15T23:23:25.090664+00:00", "symbol": "BTC-USD"}, {"trade_id": 849993156, "side": "buy", "size": "0.00008493", "price": "117712.64000000", "time": "2025-07-15T23:22:35.118510Z", "fetched_at": "2025-07-15T23:23:25.090664+00:00", "symbol": "BTC-USD"}, {"trade_id": 849993155, "side": "sell", "size": "0.00441160", "price": "117712.65000000", "time": "2025-07-15T23:22:34.889049Z", "fetched_at": "2025-07-15T23:23:25.090664+00:00", "symbol": "BTC-USD"}, {"trade_id": 849993154, "side": "sell", "size": "0.00295361", "price": "117711.50000000", "time": "2025-07-15T23:22:34.889049Z", "fetched_at": "2025-07-15T23:23:25.090664+00:00", "symbol": "BTC-USD"}, {"trade_id": 849993153, "side": "sell", "size": "0.00012378", "price": "117711.50000000", "time": "2025-07-15T23:22:34.840714Z", "fetched_at": "2025-07-15T23:23:25.090664+00:00", "symbol": "BTC-USD"}, {"trade_id": 849993152, "side": "sell", "size": "0.00675860", "price": "117711.50000000", "time": "2025-07-15T23:22:34.791052Z", "fetched_at": "2025-07-15T23:23:25.090664+00:00", "symbol": "BTC-USD"}, {"trade_id": 849993151, "side": "sell", "size": "0.00330151", "price": "117711.50000000", "time": "2025-07-15T23:22:34.352965Z", "fetched_at": "2025-07-15T23:23:25.090664+00:00", "symbol": "BTC-USD"}, {"trade_id": 849993150, "side": "buy", "size": "0.00509612", "price": "117711.49000000", "time": "2025-07-15T23:22:33.952850Z", "fetched_at": "2025-07-15T23:23:25.090664+00:00", "symbol": "BTC-USD"}, {"trade_id": 849993149, "side": "buy", "size": "0.00018357", "price": "117711.49000000", "time": "2025-07-15T23:22:33.691417Z", "fetched_at": "2025-07-15T23:23:25.090664+00:00", "symbol": "BTC-USD"}, {"trade_id": 849993148, "side": "sell", "size": "0.00008058", "price": "117711.50000000", "time": "2025-07-15T23:22:33.655375Z", "fetched_at": "2025-07-15T23:23:25.090664+00:00", "symbol": "BTC-USD"}, {"trade_id": 849993147, "side": "buy", "size": "0.00000001", "price": "117711.49000000", "time": "2025-07-15T23:22:33.018194Z", "fetched_at": "2025-07-15T23:23:25.090664+00:00", "symbol": "BTC-USD"}, {"trade_id": 849993146, "side": "buy", "size": "0.00600621", "price": "117711.49000000", "time": "2025-07-15T23:22:31.920192Z", "fetched_at": "2025-07-15T23:23:25.090664+00:00", "symbol": "BTC-USD"}, {"trade_id": 849993145, "side": "sell", "size": "0.00000631", "price": "117711.50000000", "time": "2025-07-15T23:22:31.660617Z", "fetched_at": "2025-07-15T23:23:25.090664+00:00", "symbol": "BTC-USD"}, {"trade_id": 849993144, "side": "sell", "size": "0.00041275", "price": "117711.50000000", "time": "2025-07-15T23:22:31.541638Z", "fetched_at": "2025-07-15T23:23:25.090664+00:00", "symbol": "BTC-USD"}, {"trade_id": 849993143, "side": "sell", "size": "0.00247619", "price": "117711.50000000", "time": "2025-07-15T23:22:31.434004Z", "fetched_at": "2025-07-15T23:23:25.090664+00:00", "symbol": "BTC-USD"}, {"trade_id": 849993142, "side": "sell", "size": "0.00042047", "price": "117711.50000000", "time": "2025-07-15T23:22:31.139844Z", "fetched_at": "2025-07-15T23:23:25.090664+00:00", "symbol": "BTC-USD"}, {"trade_id": 849993141, "side": "sell", "size": "0.00048348", "price": "117711.50000000", "time": "2025-07-15T23:22:31.120157Z", "fetched_at": "2025-07-15T23:23:25.090664+00:00", "symbol": "BTC-USD"}, {"trade_id": 849993140, "side": "sell", "size": "0.00017333", "price": "117711.50000000", "time": "2025-07-15T23:22:31.091532Z", "fetched_at": "2025-07-15T23:23:25.090664+00:00", "symbol": "BTC-USD"}, {"trade_id": 849993139, "side": "sell", "size": "0.00206356", "price": "117711.50000000", "time": "2025-07-15T23:22:30.547754Z", "fetched_at": "2025-07-15T23:23:25.090664+00:00", "symbol": "BTC-USD"}, {"trade_id": 849993138, "side": "buy", "size": "0.00104522", "price": "117711.49000000", "time": "2025-07-15T23:22:30.030733Z", "fetched_at": "2025-07-15T23:23:25.090664+00:00", "symbol": "BTC-USD"}, {"trade_id": 849993137, "side": "sell", "size": "0.00204178", "price": "117711.50000000", "time": "2025-07-15T23:22:29.772818Z", "fetched_at": "2025-07-15T23:23:25.090664+00:00", "symbol": "BTC-USD"}, {"trade_id": 849993136, "side": "sell", "size": "0.00373575", "price": "117711.50000000", "time": "2025-07-15T23:22:29.772818Z", "fetched_at": "2025-07-15T23:23:25.090664+00:00", "symbol": "BTC-USD"}, {"trade_id": 849993135, "side": "buy", "size": "0.00093827", "price": "117711.49000000", "time": "2025-07-15T23:22:29.719609Z", "fetched_at": "2025-07-15T23:23:25.090664+00:00", "symbol": "BTC-USD"}, {"trade_id": 849993134, "side": "sell", "size": "0.00020638", "price": "117711.50000000", "time": "2025-07-15T23:22:29.284230Z", "fetched_at": "2025-07-15T23:23:25.090664+00:00", "symbol": "BTC-USD"}, {"trade_id": 849993133, "side": "buy", "size": "0.00001459", "price": "117711.49000000", "time": "2025-07-15T23:22:28.946307Z", "fetched_at": "2025-07-15T23:23:25.090664+00:00", "symbol": "BTC-USD"}, {"trade_id": 849993132, "side": "buy", "size": "0.00000001", "price": "117711.49000000", "time": "2025-07-15T23:22:28.853030Z", "fetched_at": "2025-07-15T23:23:25.090664+00:00", "symbol": "BTC-USD"}, {"trade_id": 849993131, "side": "sell", "size": "0.02063880", "price": "117711.50000000", "time": "2025-07-15T23:22:28.826705Z", "fetched_at": "2025-07-15T23:23:25.090664+00:00", "symbol": "BTC-USD"}, {"trade_id": 849993130, "side": "sell", "size": "0.00003669", "price": "117711.50000000", "time": "2025-07-15T23:22:27.437385Z", "fetched_at": "2025-07-15T23:23:25.090664+00:00", "symbol": "BTC-USD"}, {"trade_id": 849993129, "side": "sell", "size": "0.00082541", "price": "117711.50000000", "time": "2025-07-15T23:22:27.313696Z", "fetched_at": "2025-07-15T23:23:25.090664+00:00", "symbol": "BTC-USD"}, {"trade_id": 849993128, "side": "sell", "size": "0.00082550", "price": "117711.50000000", "time": "2025-07-15T23:22:26.992100Z", "fetched_at": "2025-07-15T23:23:25.090664+00:00", "symbol": "BTC-USD"}, {"trade_id": 849993127, "side": "sell", "size": "0.00005425", "price": "117711.50000000", "time": "2025-07-15T23:22:26.920402Z", "fetched_at": "2025-07-15T23:23:25.090664+00:00", "symbol": "BTC-USD"}, {"trade_id": 849993126, "side": "sell", "size": "0.00008199", "price": "117711.50000000", "time": "2025-07-15T23:22:26.744365Z", "fetched_at": "2025-07-15T23:23:25.090664+00:00", "symbol": "BTC-USD"}, {"trade_id": 849993125, "side": "sell", "size": "0.00008199", "price": "117711.50000000", "time": "2025-07-15T23:22:26.532656Z", "fetched_at": "2025-07-15T23:23:25.090664+00:00", "symbol": "BTC-USD"}, {"trade_id": 849993124, "side": "sell", "size": "0.00080574", "price": "117711.50000000", "time": "2025-07-15T23:22:26.477871Z", "fetched_at": "2025-07-15T23:23:25.090664+00:00", "symbol": "BTC-USD"}, {"trade_id": 849993123, "side": "buy", "size": "0.00490247", "price": "117711.47000000", "time": "2025-07-15T23:22:25.999654Z", "fetched_at": "2025-07-15T23:23:25.090664+00:00", "symbol": "BTC-USD"}, {"trade_id": 849993122, "side": "buy", "size": "0.00000900", "price": "117712.71000000", "time": "2025-07-15T23:22:25.999654Z", "fetched_at": "2025-07-15T23:23:25.090664+00:00", "symbol": "BTC-USD"}, {"trade_id": 849993121, "side": "buy", "size": "0.00085000", "price": "117712.71000000", "time": "2025-07-15T23:22:25.999654Z", "fetched_at": "2025-07-15T23:23:25.090664+00:00", "symbol": "BTC-USD"}, {"trade_id": 849993120, "side": "buy", "size": "0.00092207", "price": "117712.73000000", "time": "2025-07-15T23:22:25.999654Z", "fetched_at": "2025-07-15T23:23:25.090664+00:00", "symbol": "BTC-USD"}, {"trade_id": 849993119, "side": "buy", "size": "0.00007000", "price": "117712.73000000", "time": "2025-07-15T23:22:25.999654Z", "fetched_at": "2025-07-15T23:23:25.090664+00:00", "symbol": "BTC-USD"}, {"trade_id": 849993118, "side": "buy", "size": "0.00009342", "price": "117712.73000000", "time": "2025-07-15T23:22:25.999654Z", "fetched_at": "2025-07-15T23:23:25.090664+00:00", "symbol": "BTC-USD"}, {"trade_id": 849993117, "side": "buy", "size": "0.00013371", "price": "117712.73000000", "time": "2025-07-15T23:22:25.999654Z", "fetched_at": "2025-07-15T23:23:25.090664+00:00", "symbol": "BTC-USD"}, {"trade_id": 849993116, "side": "buy", "size": "0.00040021", "price": "117712.73000000", "time": "2025-07-15T23:22:25.999654Z", "fetched_at": "2025-07-15T23:23:25.090664+00:00", "symbol": "BTC-USD"}, {"trade_id": 849993115, "side": "buy", "size": "0.00002198", "price": "117712.73000000", "time": "2025-07-15T23:22:25.999654Z", "fetched_at": "2025-07-15T23:23:25.090664+00:00", "symbol": "BTC-USD"}, {"trade_id": 849993114, "side": "buy", "size": "0.00119927", "price": "117712.73000000", "time": "2025-07-15T23:22:25.999654Z", "fetched_at": "2025-07-15T23:23:25.090664+00:00", "symbol": "BTC-USD"}, {"trade_id": 849993113, "side": "buy", "size": "0.00132711", "price": "117712.73000000", "time": "2025-07-15T23:22:25.999654Z", "fetched_at": "2025-07-15T23:23:25.090664+00:00", "symbol": "BTC-USD"}, {"trade_id": 849993112, "side": "buy", "size": "0.00226850", "price": "117712.73000000", "time": "2025-07-15T23:22:25.993489Z", "fetched_at": "2025-07-15T23:23:25.090664+00:00", "symbol": "BTC-USD"}, {"trade_id": 849993111, "side": "sell", "size": "0.00041270", "price": "117712.74000000", "time": "2025-07-15T23:22:25.861157Z", "fetched_at": "2025-07-15T23:23:25.090664+00:00", "symbol": "BTC-USD"}, {"trade_id": 849993110, "side": "sell", "size": "0.00051183", "price": "117712.74000000", "time": "2025-07-15T23:22:25.779561Z", "fetched_at": "2025-07-15T23:23:25.090664+00:00", "symbol": "BTC-USD"}, {"trade_id": 849993109, "side": "sell", "size": "0.00084099", "price": "117712.74000000", "time": "2025-07-15T23:22:25.763866Z", "fetched_at": "2025-07-15T23:23:25.090664+00:00", "symbol": "BTC-USD"}, {"trade_id": 849993108, "side": "sell", "size": "0.00021024", "price": "117712.74000000", "time": "2025-07-15T23:22:25.704004Z", "fetched_at": "2025-07-15T23:23:25.090664+00:00", "symbol": "BTC-USD"}, {"trade_id": 849993107, "side": "sell", "size": "0.00052088", "price": "117712.74000000", "time": "2025-07-15T23:22:25.601838Z", "fetched_at": "2025-07-15T23:23:25.090664+00:00", "symbol": "BTC-USD"}, {"trade_id": 849993106, "side": "sell", "size": "0.00747912", "price": "117712.74000000", "time": "2025-07-15T23:22:25.601838Z", "fetched_at": "2025-07-15T23:23:25.090664+00:00", "symbol": "BTC-USD"}, {"trade_id": 849993105, "side": "sell", "size": "0.00016113", "price": "117712.74000000", "time": "2025-07-15T23:22:25.195876Z", "fetched_at": "2025-07-15T23:23:25.090664+00:00", "symbol": "BTC-USD"}, {"trade_id": 849993104, "side": "sell", "size": "0.00619128", "price": "117712.74000000", "time": "2025-07-15T23:22:25.159943Z", "fetched_at": "2025-07-15T23:23:25.090664+00:00", "symbol": "BTC-USD"}, {"trade_id": 849993103, "side": "sell", "size": "0.00016506", "price": "117712.74000000", "time": "2025-07-15T23:22:25.068481Z", "fetched_at": "2025-07-15T23:23:25.090664+00:00", "symbol": "BTC-USD"}, {"trade_id": 849993102, "side": "buy", "size": "0.00007059", "price": "117712.73000000", "time": "2025-07-15T23:22:24.434059Z", "fetched_at": "2025-07-15T23:23:25.090664+00:00", "symbol": "BTC-USD"}, {"trade_id": 849993101, "side": "buy", "size": "0.00000999", "price": "117712.73000000", "time": "2025-07-15T23:22:24.434059Z", "fetched_at": "2025-07-15T23:23:25.090664+00:00", "symbol": "BTC-USD"}, {"trade_id": 849993100, "side": "buy", "size": "0.00000001", "price": "117712.73000000", "time": "2025-07-15T23:22:24.393042Z", "fetched_at": "2025-07-15T23:23:25.090664+00:00", "symbol": "BTC-USD"}, {"trade_id": 849993099, "side": "sell", "size": "0.00008199", "price": "117712.74000000", "time": "2025-07-15T23:22:24.054816Z", "fetched_at": "2025-07-15T23:23:25.090664+00:00", "symbol": "BTC-USD"}, {"trade_id": 849993098, "side": "sell", "size": "0.00120872", "price": "117712.74000000", "time": "2025-07-15T23:22:24.002639Z", "fetched_at": "2025-07-15T23:23:25.090664+00:00", "symbol": "BTC-USD"}, {"trade_id": 849993097, "side": "sell", "size": "0.00008199", "price": "117712.74000000", "time": "2025-07-15T23:22:23.945081Z", "fetched_at": "2025-07-15T23:23:25.090664+00:00", "symbol": "BTC-USD"}, {"trade_id": 849993096, "side": "sell", "size": "0.00016508", "price": "117712.74000000", "time": "2025-07-15T23:22:23.797901Z", "fetched_at": "2025-07-15T23:23:25.090664+00:00", "symbol": "BTC-USD"}, {"trade_id": 849993095, "side": "sell", "size": "0.00008410", "price": "117712.74000000", "time": "2025-07-15T23:22:23.758794Z", "fetched_at": "2025-07-15T23:23:25.090664+00:00", "symbol": "BTC-USD"}, {"trade_id": 849993094, "side": "sell", "size": "0.00019738", "price": "117712.74000000", "time": "2025-07-15T23:22:23.748397Z", "fetched_at": "2025-07-15T23:23:25.090664+00:00", "symbol": "BTC-USD"}, {"trade_id": 849993093, "side": "sell", "size": "0.00041275", "price": "117712.74000000", "time": "2025-07-15T23:22:23.741947Z", "fetched_at": "2025-07-15T23:23:25.090664+00:00", "symbol": "BTC-USD"}, {"trade_id": 849993092, "side": "sell", "size": "0.00001306", "price": "117712.74000000", "time": "2025-07-15T23:22:23.736968Z", "fetched_at": "2025-07-15T23:23:25.090664+00:00", "symbol": "BTC-USD"}, {"trade_id": 849993091, "side": "sell", "size": "0.00041275", "price": "117712.74000000", "time": "2025-07-15T23:22:23.645655Z", "fetched_at": "2025-07-15T23:23:25.090664+00:00", "symbol": "BTC-USD"}, {"trade_id": 849993090, "side": "sell", "size": "0.00002032", "price": "117712.74000000", "time": "2025-07-15T23:22:23.482560Z", "fetched_at": "2025-07-15T23:23:25.090664+00:00", "symbol": "BTC-USD"}, {"trade_id": 849993089, "side": "sell", "size": "0.00004205", "price": "117712.74000000", "time": "2025-07-15T23:22:23.451608Z", "fetched_at": "2025-07-15T23:23:25.090664+00:00", "symbol": "BTC-USD"}, {"trade_id": 849993088, "side": "sell", "size": "0.00168196", "price": "117712.74000000", "time": "2025-07-15T23:22:23.427093Z", "fetched_at": "2025-07-15T23:23:25.090664+00:00", "symbol": "BTC-USD"}, {"trade_id": 849993087, "side": "sell", "size": "0.00021024", "price": "117712.74000000", "time": "2025-07-15T23:22:23.381970Z", "fetched_at": "2025-07-15T23:23:25.090664+00:00", "symbol": "BTC-USD"}, {"trade_id": 849993086, "side": "sell", "size": "0.00016818", "price": "117712.74000000", "time": "2025-07-15T23:22:23.320452Z", "fetched_at": "2025-07-15T23:23:25.090664+00:00", "symbol": "BTC-USD"}, {"trade_id": 849993085, "side": "sell", "size": "0.00000673", "price": "117712.74000000", "time": "2025-07-15T23:22:23.281362Z", "fetched_at": "2025-07-15T23:23:25.090664+00:00", "symbol": "BTC-USD"}, {"trade_id": 849993084, "side": "sell", "size": "0.00185415", "price": "117712.74000000", "time": "2025-07-15T23:22:22.796779Z", "fetched_at": "2025-07-15T23:23:25.090664+00:00", "symbol": "BTC-USD"}, {"trade_id": 849993083, "side": "sell", "size": "0.00000008", "price": "117712.74000000", "time": "2025-07-15T23:22:22.317308Z", "fetched_at": "2025-07-15T23:23:25.090664+00:00", "symbol": "BTC-USD"}, {"trade_id": 849993082, "side": "sell", "size": "0.00000093", "price": "117712.74000000", "time": "2025-07-15T23:22:22.298598Z", "fetched_at": "2025-07-15T23:23:25.090664+00:00", "symbol": "BTC-USD"}, {"trade_id": 849993081, "side": "sell", "size": "0.00211973", "price": "117712.74000000", "time": "2025-07-15T23:22:22.281273Z", "fetched_at": "2025-07-15T23:23:25.090664+00:00", "symbol": "BTC-USD"}, {"trade_id": 849993080, "side": "sell", "size": "0.00012379", "price": "117712.74000000", "time": "2025-07-15T23:22:21.740817Z", "fetched_at": "2025-07-15T23:23:25.090664+00:00", "symbol": "BTC-USD"}, {"trade_id": 849993079, "side": "sell", "size": "0.00004205", "price": "117712.74000000", "time": "2025-07-15T23:22:21.677646Z", "fetched_at": "2025-07-15T23:23:25.090664+00:00", "symbol": "BTC-USD"}, {"trade_id": 849993078, "side": "sell", "size": "0.00042049", "price": "117712.74000000", "time": "2025-07-15T23:22:21.373223Z", "fetched_at": "2025-07-15T23:23:25.090664+00:00", "symbol": "BTC-USD"}, {"trade_id": 849993077, "side": "sell", "size": "0.00000925", "price": "117712.74000000", "time": "2025-07-15T23:22:21.182298Z", "fetched_at": "2025-07-15T23:23:25.090664+00:00", "symbol": "BTC-USD"}, {"trade_id": 849993076, "side": "sell", "size": "0.00092445", "price": "117712.74000000", "time": "2025-07-15T23:22:21.050050Z", "fetched_at": "2025-07-15T23:23:25.090664+00:00", "symbol": "BTC-USD"}, {"trade_id": 849993075, "side": "sell", "size": "0.00008200", "price": "117712.74000000", "time": "2025-07-15T23:22:20.966261Z", "fetched_at": "2025-07-15T23:23:25.090664+00:00", "symbol": "BTC-USD"}, {"trade_id": 849993074, "side": "sell", "size": "0.00016113", "price": "117712.74000000", "time": "2025-07-15T23:22:20.721163Z", "fetched_at": "2025-07-15T23:23:25.090664+00:00", "symbol": "BTC-USD"}, {"trade_id": 849993073, "side": "sell", "size": "0.00101426", "price": "117712.74000000", "time": "2025-07-15T23:22:20.185177Z", "fetched_at": "2025-07-15T23:23:25.090664+00:00", "symbol": "BTC-USD"}, {"trade_id": 849993072, "side": "sell", "size": "0.00008410", "price": "117712.74000000", "time": "2025-07-15T23:22:20.173016Z", "fetched_at": "2025-07-15T23:23:25.090664+00:00", "symbol": "BTC-USD"}, {"trade_id": 849993071, "side": "sell", "size": "0.00041275", "price": "117712.74000000", "time": "2025-07-15T23:22:19.838032Z", "fetched_at": "2025-07-15T23:23:25.090664+00:00", "symbol": "BTC-USD"}, {"trade_id": 849993070, "side": "buy", "size": "0.06514000", "price": "117713.85000000", "time": "2025-07-15T23:22:19.494241Z", "fetched_at": "2025-07-15T23:23:25.090664+00:00", "symbol": "BTC-USD"}, {"trade_id": 849993069, "side": "buy", "size": "0.00000051", "price": "117715.59000000", "time": "2025-07-15T23:22:19.493117Z", "fetched_at": "2025-07-15T23:23:25.090664+00:00", "symbol": "BTC-USD"}, {"trade_id": 849993068, "side": "buy", "size": "0.08495000", "price": "117715.59000000", "time": "2025-07-15T23:22:19.491632Z", "fetched_at": "2025-07-15T23:23:25.090664+00:00", "symbol": "BTC-USD"}, {"trade_id": 849993067, "side": "buy", "size": "0.00175523", "price": "117719.97000000", "time": "2025-07-15T23:22:19.490112Z", "fetched_at": "2025-07-15T23:23:25.090664+00:00", "symbol": "BTC-USD"}, {"trade_id": 849993066, "side": "buy", "size": "0.00009342", "price": "117719.97000000", "time": "2025-07-15T23:22:19.490112Z", "fetched_at": "2025-07-15T23:23:25.090664+00:00", "symbol": "BTC-USD"}, {"trade_id": 849993065, "side": "buy", "size": "0.00849486", "price": "117718.20000000", "time": "2025-07-15T23:22:19.480170Z", "fetched_at": "2025-07-15T23:23:25.090664+00:00", "symbol": "BTC-USD"}, {"trade_id": 849993064, "side": "buy", "size": "0.00168000", "price": "117719.95000000", "time": "2025-07-15T23:22:19.480170Z", "fetched_at": "2025-07-15T23:23:25.090664+00:00", "symbol": "BTC-USD"}, {"trade_id": 849993063, "side": "buy", "size": "0.13230000", "price": "117719.97000000", "time": "2025-07-15T23:22:19.480170Z", "fetched_at": "2025-07-15T23:23:25.090664+00:00", "symbol": "BTC-USD"}, {"trade_id": 849993062, "side": "buy", "size": "0.01238250", "price": "117719.97000000", "time": "2025-07-15T23:22:19.480170Z", "fetched_at": "2025-07-15T23:23:25.090664+00:00", "symbol": "BTC-USD"}, {"trade_id": 849993061, "side": "buy", "size": "0.00460236", "price": "117719.97000000", "time": "2025-07-15T23:22:19.478517Z", "fetched_at": "2025-07-15T23:23:25.090664+00:00", "symbol": "BTC-USD"}, {"trade_id": 849993060, "side": "buy", "size": "0.00009342", "price": "117719.97000000", "time": "2025-07-15T23:22:19.478517Z", "fetched_at": "2025-07-15T23:23:25.090664+00:00", "symbol": "BTC-USD"}, {"trade_id": 849993059, "side": "buy", "size": "0.15271000", "price": "117719.97000000", "time": "2025-07-15T23:22:19.478517Z", "fetched_at": "2025-07-15T23:23:25.090664+00:00", "symbol": "BTC-USD"}, {"trade_id": 849993058, "side": "sell", "size": "0.00015136", "price": "117719.98000000", "time": "2025-07-15T23:22:19.297343Z", "fetched_at": "2025-07-15T23:23:25.090664+00:00", "symbol": "BTC-USD"}, {"trade_id": 849993057, "side": "sell", "size": "0.00002860", "price": "117719.98000000", "time": "2025-07-15T23:22:19.287295Z", "fetched_at": "2025-07-15T23:23:25.090664+00:00", "symbol": "BTC-USD"}, {"trade_id": 849993056, "side": "sell", "size": "0.00001682", "price": "117719.98000000", "time": "2025-07-15T23:22:19.242657Z", "fetched_at": "2025-07-15T23:23:25.090664+00:00", "symbol": "BTC-USD"}, {"trade_id": 849993055, "side": "sell", "size": "0.62000000", "price": "117719.98000000", "time": "2025-07-15T23:22:19.214929Z", "fetched_at": "2025-07-15T23:23:25.090664+00:00", "symbol": "BTC-USD"}, {"trade_id": 849993054, "side": "sell", "size": "0.10314306", "price": "117719.98000000", "time": "2025-07-15T23:22:19.143886Z", "fetched_at": "2025-07-15T23:23:25.090664+00:00", "symbol": "BTC-USD"}, {"trade_id": 849993053, "side": "buy", "size": "0.04700000", "price": "117720.17000000", "time": "2025-07-15T23:22:19.138591Z", "fetched_at": "2025-07-15T23:23:25.090664+00:00", "symbol": "BTC-USD"}, {"trade_id": 849993052, "side": "buy", "size": "0.00051000", "price": "117720.43000000", "time": "2025-07-15T23:22:19.138591Z", "fetched_at": "2025-07-15T23:23:25.090664+00:00", "symbol": "BTC-USD"}, {"trade_id": 849993051, "side": "buy", "size": "0.08494938", "price": "117721.62000000", "time": "2025-07-15T23:22:19.138591Z", "fetched_at": "2025-07-15T23:23:25.090664+00:00", "symbol": "BTC-USD"}, {"trade_id": 849993050, "side": "buy", "size": "0.11679932", "price": "117721.63000000", "time": "2025-07-15T23:22:19.138591Z", "fetched_at": "2025-07-15T23:23:25.090664+00:00", "symbol": "BTC-USD"}, {"trade_id": 849993049, "side": "buy", "size": "0.03828767", "price": "117721.64000000", "time": "2025-07-15T23:22:19.138591Z", "fetched_at": "2025-07-15T23:23:25.090664+00:00", "symbol": "BTC-USD"}, {"trade_id": 849993048, "side": "buy", "size": "0.00227866", "price": "117723.42000000", "time": "2025-07-15T23:22:19.138591Z", "fetched_at": "2025-07-15T23:23:25.090664+00:00", "symbol": "BTC-USD"}, {"trade_id": 849993047, "side": "buy", "size": "0.01698463", "price": "117727.77000000", "time": "2025-07-15T23:22:19.138591Z", "fetched_at": "2025-07-15T23:23:25.090664+00:00", "symbol": "BTC-USD"}, {"trade_id": 849993046, "side": "buy", "size": "0.00849415", "price": "117728.14000000", "time": "2025-07-15T23:22:19.138591Z", "fetched_at": "2025-07-15T23:23:25.090664+00:00", "symbol": "BTC-USD"}, {"trade_id": 849993045, "side": "buy", "size": "0.04800000", "price": "117728.87000000", "time": "2025-07-15T23:22:19.138591Z", "fetched_at": "2025-07-15T23:23:25.090664+00:00", "symbol": "BTC-USD"}, {"trade_id": 849993044, "side": "buy", "size": "0.00009341", "price": "117730.38000000", "time": "2025-07-15T23:22:19.138591Z", "fetched_at": "2025-07-15T23:23:25.090664+00:00", "symbol": "BTC-USD"}, {"trade_id": 849993043, "side": "buy", "size": "0.00002372", "price": "117730.38000000", "time": "2025-07-15T23:22:19.138591Z", "fetched_at": "2025-07-15T23:23:25.090664+00:00", "symbol": "BTC-USD"}, {"trade_id": 849993042, "side": "buy", "size": "0.00849396", "price": "117730.68000000", "time": "2025-07-15T23:22:18.948628Z", "fetched_at": "2025-07-15T23:23:25.090664+00:00", "symbol": "BTC-USD"}, {"trade_id": 849993041, "side": "buy", "size": "0.00849387", "price": "117732.00000000", "time": "2025-07-15T23:22:18.948628Z", "fetched_at": "2025-07-15T23:23:25.090664+00:00", "symbol": "BTC-USD"}, {"trade_id": 849993040, "side": "buy", "size": "0.00510300", "price": "117733.74000000", "time": "2025-07-15T23:22:18.948628Z", "fetched_at": "2025-07-15T23:23:25.090664+00:00", "symbol": "BTC-USD"}, {"trade_id": 849993039, "side": "buy", "size": "0.03183774", "price": "117733.76000000", "time": "2025-07-15T23:22:18.948628Z", "fetched_at": "2025-07-15T23:23:25.090664+00:00", "symbol": "BTC-USD"}, {"trade_id": 849993038, "side": "buy", "size": "0.00016225", "price": "117733.76000000", "time": "2025-07-15T23:22:18.765562Z", "fetched_at": "2025-07-15T23:23:25.090664+00:00", "symbol": "BTC-USD"}, {"trade_id": 849993037, "side": "sell", "size": "0.00041276", "price": "117738.04000000", "time": "2025-07-15T23:22:18.686479Z", "fetched_at": "2025-07-15T23:23:25.090664+00:00", "symbol": "BTC-USD"}, {"trade_id": 849993036, "side": "buy", "size": "0.00000001", "price": "117733.76000000", "time": "2025-07-15T23:22:18.537070Z", "fetched_at": "2025-07-15T23:23:25.090664+00:00", "symbol": "BTC-USD"}, {"trade_id": 849993035, "side": "sell", "size": "0.00024172", "price": "117738.05000000", "time": "2025-07-15T23:22:18.530773Z", "fetched_at": "2025-07-15T23:23:25.090664+00:00", "symbol": "BTC-USD"}, {"trade_id": 849993034, "side": "sell", "size": "0.00016508", "price": "117740.55000000", "time": "2025-07-15T23:22:17.529970Z", "fetched_at": "2025-07-15T23:23:25.090664+00:00", "symbol": "BTC-USD"}, {"trade_id": 849993033, "side": "sell", "size": "0.00008411", "price": "117740.63000000", "time": "2025-07-15T23:22:17.428710Z", "fetched_at": "2025-07-15T23:23:25.090664+00:00", "symbol": "BTC-USD"}, {"trade_id": 849993032, "side": "sell", "size": "0.00020143", "price": "117737.46000000", "time": "2025-07-15T23:22:17.054710Z", "fetched_at": "2025-07-15T23:23:25.090664+00:00", "symbol": "BTC-USD"}, {"trade_id": 849993031, "side": "sell", "size": "0.01296372", "price": "117740.00000000", "time": "2025-07-15T23:22:17.017935Z", "fetched_at": "2025-07-15T23:23:25.090664+00:00", "symbol": "BTC-USD"}, {"trade_id": 849993030, "side": "sell", "size": "0.02887885", "price": "117739.99000000", "time": "2025-07-15T23:22:17.017935Z", "fetched_at": "2025-07-15T23:23:25.090664+00:00", "symbol": "BTC-USD"}, {"trade_id": 849993029, "side": "sell", "size": "0.00001000", "price": "117739.22000000", "time": "2025-07-15T23:22:17.017935Z", "fetched_at": "2025-07-15T23:23:25.090664+00:00", "symbol": "BTC-USD"}, {"trade_id": 849993028, "side": "sell", "size": "0.01665187", "price": "117736.48000000", "time": "2025-07-15T23:22:17.017935Z", "fetched_at": "2025-07-15T23:23:25.090664+00:00", "symbol": "BTC-USD"}, {"trade_id": 849993027, "side": "sell", "size": "0.00849358", "price": "117735.99000000", "time": "2025-07-15T23:22:17.017935Z", "fetched_at": "2025-07-15T23:23:25.090664+00:00", "symbol": "BTC-USD"}, {"trade_id": 849993026, "side": "sell", "size": "0.00007912", "price": "117735.98000000", "time": "2025-07-15T23:22:17.017935Z", "fetched_at": "2025-07-15T23:23:25.090664+00:00", "symbol": "BTC-USD"}, {"trade_id": 849993025, "side": "sell", "size": "0.00041225", "price": "117733.14000000", "time": "2025-07-15T23:22:17.017935Z", "fetched_at": "2025-07-15T23:23:25.090664+00:00", "symbol": "BTC-USD"}, {"trade_id": 849993024, "side": "sell", "size": "0.00010034", "price": "117733.14000000", "time": "2025-07-15T23:22:17.010209Z", "fetched_at": "2025-07-15T23:23:25.090664+00:00", "symbol": "BTC-USD"}, {"trade_id": 849993023, "side": "sell", "size": "0.00006201", "price": "117733.14000000", "time": "2025-07-15T23:22:17.010209Z", "fetched_at": "2025-07-15T23:23:25.090664+00:00", "symbol": "BTC-USD"}, {"trade_id": 849993022, "side": "sell", "size": "0.00003984", "price": "117733.14000000", "time": "2025-07-15T23:22:17.010209Z", "fetched_at": "2025-07-15T23:23:25.090664+00:00", "symbol": "BTC-USD"}, {"trade_id": 849993021, "side": "sell", "size": "0.00000419", "price": "117733.14000000", "time": "2025-07-15T23:22:17.010209Z", "fetched_at": "2025-07-15T23:23:25.090664+00:00", "symbol": "BTC-USD"}, {"trade_id": 849993020, "side": "sell", "size": "0.00000855", "price": "117733.14000000", "time": "2025-07-15T23:22:16.205399Z", "fetched_at": "2025-07-15T23:23:25.090664+00:00", "symbol": "BTC-USD"}, {"trade_id": 849993019, "side": "buy", "size": "0.01447533", "price": "117733.13000000", "time": "2025-07-15T23:22:16.140590Z", "fetched_at": "2025-07-15T23:23:25.090664+00:00", "symbol": "BTC-USD"}, {"trade_id": 849993018, "side": "sell", "size": "0.00012211", "price": "117732.16000000", "time": "2025-07-15T23:22:15.995509Z", "fetched_at": "2025-07-15T23:23:25.090664+00:00", "symbol": "BTC-USD"}, {"trade_id": 849993017, "side": "sell", "size": "0.00070339", "price": "117730.39000000", "time": "2025-07-15T23:22:15.995509Z", "fetched_at": "2025-07-15T23:23:25.090664+00:00", "symbol": "BTC-USD"}, {"trade_id": 849993016, "side": "sell", "size": "0.00003364", "price": "117730.39000000", "time": "2025-07-15T23:22:15.069691Z", "fetched_at": "2025-07-15T23:23:25.090664+00:00", "symbol": "BTC-USD"}, {"trade_id": 849993015, "side": "sell", "size": "0.00028816", "price": "117730.39000000", "time": "2025-07-15T23:22:15.020158Z", "fetched_at": "2025-07-15T23:23:25.090664+00:00", "symbol": "BTC-USD"}, {"trade_id": 849993014, "side": "sell", "size": "0.00001000", "price": "117730.39000000", "time": "2025-07-15T23:22:15.020158Z", "fetched_at": "2025-07-15T23:23:25.090664+00:00", "symbol": "BTC-USD"}, {"trade_id": 849993013, "side": "buy", "size": "0.00000001", "price": "117730.38000000", "time": "2025-07-15T23:22:13.797597Z", "fetched_at": "2025-07-15T23:23:25.090664+00:00", "symbol": "BTC-USD"}, {"trade_id": 849993012, "side": "sell", "size": "0.03992647", "price": "117724.91000000", "time": "2025-07-15T23:22:13.699609Z", "fetched_at": "2025-07-15T23:23:25.090664+00:00", "symbol": "BTC-USD"}, {"trade_id": 849993011, "side": "sell", "size": "0.04808847", "price": "117724.91000000", "time": "2025-07-15T23:22:13.698579Z", "fetched_at": "2025-07-15T23:23:25.090664+00:00", "symbol": "BTC-USD"}, {"trade_id": 849993010, "side": "sell", "size": "0.02591616", "price": "117724.91000000", "time": "2025-07-15T23:22:13.695266Z", "fetched_at": "2025-07-15T23:23:25.090664+00:00", "symbol": "BTC-USD"}, {"trade_id": 849993009, "side": "sell", "size": "0.02969889", "price": "117724.91000000", "time": "2025-07-15T23:22:13.694781Z", "fetched_at": "2025-07-15T23:23:25.090664+00:00", "symbol": "BTC-USD"}, {"trade_id": 849993008, "side": "sell", "size": "0.00915201", "price": "117724.91000000", "time": "2025-07-15T23:22:13.694069Z", "fetched_at": "2025-07-15T23:23:25.090664+00:00", "symbol": "BTC-USD"}, {"trade_id": 849993007, "side": "sell", "size": "0.04064890", "price": "117724.91000000", "time": "2025-07-15T23:22:13.694044Z", "fetched_at": "2025-07-15T23:23:25.090664+00:00", "symbol": "BTC-USD"}, {"trade_id": 849993006, "side": "sell", "size": "0.01220790", "price": "117724.91000000", "time": "2025-07-15T23:22:13.693535Z", "fetched_at": "2025-07-15T23:23:25.090664+00:00", "symbol": "BTC-USD"}, {"trade_id": 849993005, "side": "sell", "size": "0.01543279", "price": "117724.91000000", "time": "2025-07-15T23:22:13.692705Z", "fetched_at": "2025-07-15T23:23:25.090664+00:00", "symbol": "BTC-USD"}, {"trade_id": 849993004, "side": "sell", "size": "0.03536641", "price": "117724.91000000", "time": "2025-07-15T23:22:13.691905Z", "fetched_at": "2025-07-15T23:23:25.090664+00:00", "symbol": "BTC-USD"}, {"trade_id": 849993003, "side": "sell", "size": "0.05251813", "price": "117724.91000000", "time": "2025-07-15T23:22:13.691788Z", "fetched_at": "2025-07-15T23:23:25.090664+00:00", "symbol": "BTC-USD"}, {"trade_id": 849993002, "side": "sell", "size": "0.00919462", "price": "117724.91000000", "time": "2025-07-15T23:22:13.691746Z", "fetched_at": "2025-07-15T23:23:25.090664+00:00", "symbol": "BTC-USD"}, {"trade_id": 849993001, "side": "sell", "size": "0.01848715", "price": "117724.91000000", "time": "2025-07-15T23:22:13.691609Z", "fetched_at": "2025-07-15T23:23:25.090664+00:00", "symbol": "BTC-USD"}, {"trade_id": 849993000, "side": "sell", "size": "0.01738595", "price": "117724.91000000", "time": "2025-07-15T23:22:13.691502Z", "fetched_at": "2025-07-15T23:23:25.090664+00:00", "symbol": "BTC-USD"}, {"trade_id": 849992999, "side": "sell", "size": "0.01079925", "price": "117724.91000000", "time": "2025-07-15T23:22:13.691412Z", "fetched_at": "2025-07-15T23:23:25.090664+00:00", "symbol": "BTC-USD"}, {"trade_id": 849992998, "side": "sell", "size": "0.06867216", "price": "117724.91000000", "time": "2025-07-15T23:22:13.691234Z", "fetched_at": "2025-07-15T23:23:25.090664+00:00", "symbol": "BTC-USD"}, {"trade_id": 849992997, "side": "sell", "size": "0.03263970", "price": "117724.91000000", "time": "2025-07-15T23:22:13.691146Z", "fetched_at": "2025-07-15T23:23:25.090664+00:00", "symbol": "BTC-USD"}, {"trade_id": 849992996, "side": "sell", "size": "0.02257490", "price": "117724.91000000", "time": "2025-07-15T23:22:13.690811Z", "fetched_at": "2025-07-15T23:23:25.090664+00:00", "symbol": "BTC-USD"}, {"trade_id": 849992995, "side": "sell", "size": "0.01129014", "price": "117724.91000000", "time": "2025-07-15T23:22:13.690750Z", "fetched_at": "2025-07-15T23:23:25.090664+00:00", "symbol": "BTC-USD"}, {"trade_id": 849992994, "side": "sell", "size": "0.00007912", "price": "117724.90000000", "time": "2025-07-15T23:22:13.690750Z", "fetched_at": "2025-07-15T23:23:25.090664+00:00", "symbol": "BTC-USD"}, {"trade_id": 849992993, "side": "sell", "size": "0.00001000", "price": "117721.56000000", "time": "2025-07-15T23:22:13.690750Z", "fetched_at": "2025-07-15T23:23:25.090664+00:00", "symbol": "BTC-USD"}, {"trade_id": 849992992, "side": "buy", "size": "0.00005976", "price": "117721.55000000", "time": "2025-07-15T23:22:13.685507Z", "fetched_at": "2025-07-15T23:23:25.090664+00:00", "symbol": "BTC-USD"}, {"trade_id": 849992991, "side": "sell", "size": "0.08960058", "price": "117721.22000000", "time": "2025-07-15T23:22:13.575935Z", "fetched_at": "2025-07-15T23:23:25.090664+00:00", "symbol": "BTC-USD"}, {"trade_id": 849992990, "side": "sell", "size": "0.09299231", "price": "117721.22000000", "time": "2025-07-15T23:22:13.572818Z", "fetched_at": "2025-07-15T23:23:25.090664+00:00", "symbol": "BTC-USD"}, {"trade_id": 849992989, "side": "sell", "size": "0.04279207", "price": "117721.22000000", "time": "2025-07-15T23:22:13.572540Z", "fetched_at": "2025-07-15T23:23:25.090664+00:00", "symbol": "BTC-USD"}, {"trade_id": 849992988, "side": "sell", "size": "0.03686715", "price": "117721.22000000", "time": "2025-07-15T23:22:13.571982Z", "fetched_at": "2025-07-15T23:23:25.090664+00:00", "symbol": "BTC-USD"}, {"trade_id": 849992987, "side": "sell", "size": "0.00020257", "price": "117721.22000000", "time": "2025-07-15T23:22:13.571982Z", "fetched_at": "2025-07-15T23:23:25.090664+00:00", "symbol": "BTC-USD"}, {"trade_id": 849992986, "side": "sell", "size": "0.00008201", "price": "117719.99000000", "time": "2025-07-15T23:22:13.291588Z", "fetched_at": "2025-07-15T23:23:25.090664+00:00", "symbol": "BTC-USD"}, {"trade_id": 849992985, "side": "buy", "size": "0.00034828", "price": "117719.98000000", "time": "2025-07-15T23:22:11.878400Z", "fetched_at": "2025-07-15T23:23:25.090664+00:00", "symbol": "BTC-USD"}, {"trade_id": 849992984, "side": "buy", "size": "0.00016139", "price": "117719.98000000", "time": "2025-07-15T23:22:11.866805Z", "fetched_at": "2025-07-15T23:23:25.090664+00:00", "symbol": "BTC-USD"}, {"trade_id": 849992983, "side": "sell", "size": "0.00165122", "price": "117719.99000000", "time": "2025-07-15T23:22:11.503420Z", "fetched_at": "2025-07-15T23:23:25.090664+00:00", "symbol": "BTC-USD"}, {"trade_id": 849992982, "side": "buy", "size": "0.00043730", "price": "117719.96000000", "time": "2025-07-15T23:22:10.538408Z", "fetched_at": "2025-07-15T23:23:25.090664+00:00", "symbol": "BTC-USD"}, {"trade_id": 849992981, "side": "buy", "size": "0.00004032", "price": "117713.91000000", "time": "2025-07-15T23:22:09.887850Z", "fetched_at": "2025-07-15T23:23:25.090664+00:00", "symbol": "BTC-USD"}, {"trade_id": 849992980, "side": "buy", "size": "0.00000976", "price": "117717.00000000", "time": "2025-07-15T23:22:09.887850Z", "fetched_at": "2025-07-15T23:23:25.090664+00:00", "symbol": "BTC-USD"}, {"trade_id": 849992979, "side": "buy", "size": "0.00009341", "price": "117719.98000000", "time": "2025-07-15T23:22:09.887850Z", "fetched_at": "2025-07-15T23:23:25.090664+00:00", "symbol": "BTC-USD"}, {"trade_id": 849992978, "side": "sell", "size": "0.00008058", "price": "117719.99000000", "time": "2025-07-15T23:22:09.536517Z", "fetched_at": "2025-07-15T23:23:25.090664+00:00", "symbol": "BTC-USD"}, {"trade_id": 849992977, "side": "sell", "size": "0.00402858", "price": "117718.29000000", "time": "2025-07-15T23:22:09.078481Z", "fetched_at": "2025-07-15T23:23:25.090664+00:00", "symbol": "BTC-USD"}, {"trade_id": 849992976, "side": "buy", "size": "0.00000001", "price": "117717.05000000", "time": "2025-07-15T23:22:08.806800Z", "fetched_at": "2025-07-15T23:23:25.090664+00:00", "symbol": "BTC-USD"}, {"trade_id": 849992975, "side": "sell", "size": "0.00105130", "price": "117718.86000000", "time": "2025-07-15T23:22:08.109902Z", "fetched_at": "2025-07-15T23:23:25.090664+00:00", "symbol": "BTC-USD"}, {"trade_id": 849992974, "side": "buy", "size": "0.00222588", "price": "117717.02000000", "time": "2025-07-15T23:22:07.622434Z", "fetched_at": "2025-07-15T23:23:25.090664+00:00", "symbol": "BTC-USD"}, {"trade_id": 849992973, "side": "buy", "size": "0.00009342", "price": "117717.03000000", "time": "2025-07-15T23:22:07.622434Z", "fetched_at": "2025-07-15T23:23:25.090664+00:00", "symbol": "BTC-USD"}, {"trade_id": 849992972, "side": "sell", "size": "0.00052477", "price": "117720.67000000", "time": "2025-07-15T23:22:07.472450Z", "fetched_at": "2025-07-15T23:23:25.090664+00:00", "symbol": "BTC-USD"}, {"trade_id": 849992971, "side": "sell", "size": "0.00040283", "price": "117721.21000000", "time": "2025-07-15T23:22:06.721758Z", "fetched_at": "2025-07-15T23:23:25.090664+00:00", "symbol": "BTC-USD"}, {"trade_id": 849992970, "side": "sell", "size": "0.00165680", "price": "117707.71000000", "time": "2025-07-15T23:22:06.420379Z", "fetched_at": "2025-07-15T23:23:25.090664+00:00", "symbol": "BTC-USD"}, {"trade_id": 849992969, "side": "sell", "size": "0.00828401", "price": "117705.35000000", "time": "2025-07-15T23:22:06.095102Z", "fetched_at": "2025-07-15T23:23:25.090664+00:00", "symbol": "BTC-USD"}, {"trade_id": 849992968, "side": "sell", "size": "0.05910013", "price": "117703.91000000", "time": "2025-07-15T23:22:06.095102Z", "fetched_at": "2025-07-15T23:23:25.090664+00:00", "symbol": "BTC-USD"}, {"trade_id": 849992967, "side": "buy", "size": "0.00014394", "price": "117703.90000000", "time": "2025-07-15T23:22:05.982751Z", "fetched_at": "2025-07-15T23:23:25.090664+00:00", "symbol": "BTC-USD"}, {"trade_id": 849992966, "side": "buy", "size": "0.00001342", "price": "117703.90000000", "time": "2025-07-15T23:22:05.969263Z", "fetched_at": "2025-07-15T23:23:25.090664+00:00", "symbol": "BTC-USD"}, {"trade_id": 849992965, "side": "sell", "size": "0.00376000", "price": "117703.85000000", "time": "2025-07-15T23:22:05.598008Z", "fetched_at": "2025-07-15T23:23:25.090664+00:00", "symbol": "BTC-USD"}, {"trade_id": 849992964, "side": "buy", "size": "0.00022004", "price": "117705.23000000", "time": "2025-07-15T23:22:05.503134Z", "fetched_at": "2025-07-15T23:23:25.090664+00:00", "symbol": "BTC-USD"}, {"trade_id": 849992963, "side": "buy", "size": "0.00004213", "price": "117705.23000000", "time": "2025-07-15T23:22:05.503134Z", "fetched_at": "2025-07-15T23:23:25.090664+00:00", "symbol": "BTC-USD"}, {"trade_id": 849992962, "side": "buy", "size": "0.00001554", "price": "117705.23000000", "time": "2025-07-15T23:22:05.503134Z", "fetched_at": "2025-07-15T23:23:25.090664+00:00", "symbol": "BTC-USD"}, {"trade_id": 849992961, "side": "buy", "size": "0.00009342", "price": "117705.23000000", "time": "2025-07-15T23:22:05.503134Z", "fetched_at": "2025-07-15T23:23:25.090664+00:00", "symbol": "BTC-USD"}, {"trade_id": 849992960, "side": "buy", "size": "0.00000001", "price": "117705.23000000", "time": "2025-07-15T23:22:05.281275Z", "fetched_at": "2025-07-15T23:23:25.090664+00:00", "symbol": "BTC-USD"}, {"trade_id": 849992959, "side": "sell", "size": "0.00187354", "price": "117705.24000000", "time": "2025-07-15T23:22:04.740134Z", "fetched_at": "2025-07-15T23:23:25.090664+00:00", "symbol": "BTC-USD"}, {"trade_id": 849992958, "side": "sell", "size": "0.00019023", "price": "117703.49000000", "time": "2025-07-15T23:22:04.740134Z", "fetched_at": "2025-07-15T23:23:25.090664+00:00", "symbol": "BTC-USD"}, {"trade_id": 849992957, "side": "buy", "size": "0.00216308", "price": "117702.77000000", "time": "2025-07-15T23:22:04.078853Z", "fetched_at": "2025-07-15T23:23:25.090664+00:00", "symbol": "BTC-USD"}, {"trade_id": 849992956, "side": "buy", "size": "0.00000467", "price": "117702.77000000", "time": "2025-07-15T23:22:04.078853Z", "fetched_at": "2025-07-15T23:23:25.090664+00:00", "symbol": "BTC-USD"}, {"trade_id": 849992955, "side": "buy", "size": "0.00006516", "price": "117702.77000000", "time": "2025-07-15T23:22:04.078853Z", "fetched_at": "2025-07-15T23:23:25.090664+00:00", "symbol": "BTC-USD"}, {"trade_id": 849992954, "side": "buy", "size": "0.00000560", "price": "117702.77000000", "time": "2025-07-15T23:22:04.078853Z", "fetched_at": "2025-07-15T23:23:25.090664+00:00", "symbol": "BTC-USD"}, {"trade_id": 849992953, "side": "buy", "size": "0.00000152", "price": "117702.77000000", "time": "2025-07-15T23:22:04.078853Z", "fetched_at": "2025-07-15T23:23:25.090664+00:00", "symbol": "BTC-USD"}, {"trade_id": 849992952, "side": "buy", "size": "0.00009343", "price": "117703.48000000", "time": "2025-07-15T23:22:04.078853Z", "fetched_at": "2025-07-15T23:23:25.090664+00:00", "symbol": "BTC-USD"}, {"trade_id": 849992951, "side": "buy", "size": "0.00150547", "price": "117703.48000000", "time": "2025-07-15T23:22:03.849858Z", "fetched_at": "2025-07-15T23:23:25.090664+00:00", "symbol": "BTC-USD"}, {"trade_id": 849992950, "side": "buy", "size": "0.00002199", "price": "117703.90000000", "time": "2025-07-15T23:22:03.849858Z", "fetched_at": "2025-07-15T23:23:25.090664+00:00", "symbol": "BTC-USD"}, {"trade_id": 849992949, "side": "buy", "size": "0.00394625", "price": "117703.90000000", "time": "2025-07-15T23:22:03.849858Z", "fetched_at": "2025-07-15T23:23:25.090664+00:00", "symbol": "BTC-USD"}, {"trade_id": 849992948, "side": "buy", "size": "0.00001000", "price": "117703.90000000", "time": "2025-07-15T23:22:03.849858Z", "fetched_at": "2025-07-15T23:23:25.090664+00:00", "symbol": "BTC-USD"}