[{"trade_id": 849976478, "side": "sell", "size": "0.00025283", "price": "117507.63000000", "time": "2025-07-15T22:39:29.276130Z", "fetched_at": "2025-07-15T22:39:32.740006+00:00", "symbol": "BTC-USD"}, {"trade_id": 849976477, "side": "sell", "size": "0.00000933", "price": "117500.55000000", "time": "2025-07-15T22:39:29.012331Z", "fetched_at": "2025-07-15T22:39:32.740006+00:00", "symbol": "BTC-USD"}, {"trade_id": 849976476, "side": "sell", "size": "0.10714284", "price": "117500.55000000", "time": "2025-07-15T22:39:29.012331Z", "fetched_at": "2025-07-15T22:39:32.740006+00:00", "symbol": "BTC-USD"}, {"trade_id": 849976475, "side": "sell", "size": "0.01105973", "price": "117500.55000000", "time": "2025-07-15T22:39:29.011165Z", "fetched_at": "2025-07-15T22:39:32.740006+00:00", "symbol": "BTC-USD"}, {"trade_id": 849976474, "side": "sell", "size": "0.04928925", "price": "117500.55000000", "time": "2025-07-15T22:39:29.010401Z", "fetched_at": "2025-07-15T22:39:32.740006+00:00", "symbol": "BTC-USD"}, {"trade_id": 849976473, "side": "sell", "size": "0.04834294", "price": "117500.55000000", "time": "2025-07-15T22:39:29.010286Z", "fetched_at": "2025-07-15T22:39:32.740006+00:00", "symbol": "BTC-USD"}, {"trade_id": 849976472, "side": "sell", "size": "0.02761408", "price": "117500.55000000", "time": "2025-07-15T22:39:29.010090Z", "fetched_at": "2025-07-15T22:39:32.740006+00:00", "symbol": "BTC-USD"}, {"trade_id": 849976471, "side": "sell", "size": "0.03026463", "price": "117500.55000000", "time": "2025-07-15T22:39:29.006824Z", "fetched_at": "2025-07-15T22:39:32.740006+00:00", "symbol": "BTC-USD"}, {"trade_id": 849976470, "side": "sell", "size": "0.00769999", "price": "117500.55000000", "time": "2025-07-15T22:39:29.006189Z", "fetched_at": "2025-07-15T22:39:32.740006+00:00", "symbol": "BTC-USD"}, {"trade_id": 849976469, "side": "sell", "size": "0.02062798", "price": "117500.55000000", "time": "2025-07-15T22:39:29.004241Z", "fetched_at": "2025-07-15T22:39:32.740006+00:00", "symbol": "BTC-USD"}, {"trade_id": 849976468, "side": "sell", "size": "0.00346560", "price": "117500.55000000", "time": "2025-07-15T22:39:29.003231Z", "fetched_at": "2025-07-15T22:39:32.740006+00:00", "symbol": "BTC-USD"}, {"trade_id": 849976467, "side": "sell", "size": "0.02057132", "price": "117500.55000000", "time": "2025-07-15T22:39:28.998192Z", "fetched_at": "2025-07-15T22:39:32.740006+00:00", "symbol": "BTC-USD"}, {"trade_id": 849976466, "side": "sell", "size": "0.03690102", "price": "117500.55000000", "time": "2025-07-15T22:39:28.996057Z", "fetched_at": "2025-07-15T22:39:32.740006+00:00", "symbol": "BTC-USD"}, {"trade_id": 849976465, "side": "sell", "size": "0.01209144", "price": "117500.55000000", "time": "2025-07-15T22:39:28.991379Z", "fetched_at": "2025-07-15T22:39:32.740006+00:00", "symbol": "BTC-USD"}, {"trade_id": 849976464, "side": "sell", "size": "0.00864270", "price": "117500.55000000", "time": "2025-07-15T22:39:28.988152Z", "fetched_at": "2025-07-15T22:39:32.740006+00:00", "symbol": "BTC-USD"}, {"trade_id": 849976463, "side": "sell", "size": "0.01628648", "price": "117500.55000000", "time": "2025-07-15T22:39:28.982557Z", "fetched_at": "2025-07-15T22:39:32.740006+00:00", "symbol": "BTC-USD"}, {"trade_id": 849976462, "side": "sell", "size": "0.00020257", "price": "117500.02000000", "time": "2025-07-15T22:39:28.967189Z", "fetched_at": "2025-07-15T22:39:32.740006+00:00", "symbol": "BTC-USD"}, {"trade_id": 849976461, "side": "sell", "size": "0.11395489", "price": "117499.01000000", "time": "2025-07-15T22:39:28.916379Z", "fetched_at": "2025-07-15T22:39:32.740006+00:00", "symbol": "BTC-USD"}, {"trade_id": 849976460, "side": "sell", "size": "0.00001000", "price": "117498.97000000", "time": "2025-07-15T22:39:28.872448Z", "fetched_at": "2025-07-15T22:39:32.740006+00:00", "symbol": "BTC-USD"}, {"trade_id": 849976459, "side": "sell", "size": "0.00000933", "price": "117498.96000000", "time": "2025-07-15T22:39:28.872448Z", "fetched_at": "2025-07-15T22:39:32.740006+00:00", "symbol": "BTC-USD"}, {"trade_id": 849976458, "side": "sell", "size": "0.00001034", "price": "117498.96000000", "time": "2025-07-15T22:39:28.872448Z", "fetched_at": "2025-07-15T22:39:32.740006+00:00", "symbol": "BTC-USD"}, {"trade_id": 849976457, "side": "sell", "size": "0.00000664", "price": "117498.96000000", "time": "2025-07-15T22:39:28.872448Z", "fetched_at": "2025-07-15T22:39:32.740006+00:00", "symbol": "BTC-USD"}, {"trade_id": 849976456, "side": "sell", "size": "0.00000212", "price": "117498.96000000", "time": "2025-07-15T22:39:28.872448Z", "fetched_at": "2025-07-15T22:39:32.740006+00:00", "symbol": "BTC-USD"}, {"trade_id": 849976455, "side": "sell", "size": "0.18747976", "price": "117498.96000000", "time": "2025-07-15T22:39:28.868899Z", "fetched_at": "2025-07-15T22:39:32.740006+00:00", "symbol": "BTC-USD"}, {"trade_id": 849976454, "side": "sell", "size": "0.06794895", "price": "117498.96000000", "time": "2025-07-15T22:39:28.857446Z", "fetched_at": "2025-07-15T22:39:32.740006+00:00", "symbol": "BTC-USD"}, {"trade_id": 849976453, "side": "sell", "size": "0.03630284", "price": "117498.96000000", "time": "2025-07-15T22:39:28.856245Z", "fetched_at": "2025-07-15T22:39:32.740006+00:00", "symbol": "BTC-USD"}, {"trade_id": 849976452, "side": "sell", "size": "0.00012942", "price": "117498.96000000", "time": "2025-07-15T22:39:28.725302Z", "fetched_at": "2025-07-15T22:39:32.740006+00:00", "symbol": "BTC-USD"}, {"trade_id": 849976451, "side": "sell", "size": "0.02481826", "price": "117498.96000000", "time": "2025-07-15T22:39:28.570348Z", "fetched_at": "2025-07-15T22:39:32.740006+00:00", "symbol": "BTC-USD"}, {"trade_id": 849976450, "side": "buy", "size": "0.00071527", "price": "117498.95000000", "time": "2025-07-15T22:39:28.492694Z", "fetched_at": "2025-07-15T22:39:32.740006+00:00", "symbol": "BTC-USD"}, {"trade_id": 849976449, "side": "buy", "size": "0.00266266", "price": "117498.95000000", "time": "2025-07-15T22:39:27.834324Z", "fetched_at": "2025-07-15T22:39:32.740006+00:00", "symbol": "BTC-USD"}, {"trade_id": 849976448, "side": "buy", "size": "0.05028963", "price": "117498.95000000", "time": "2025-07-15T22:39:27.566362Z", "fetched_at": "2025-07-15T22:39:32.740006+00:00", "symbol": "BTC-USD"}, {"trade_id": 849976447, "side": "buy", "size": "0.07866461", "price": "117498.95000000", "time": "2025-07-15T22:39:27.566362Z", "fetched_at": "2025-07-15T22:39:32.740006+00:00", "symbol": "BTC-USD"}, {"trade_id": 849976446, "side": "sell", "size": "0.00842785", "price": "117498.96000000", "time": "2025-07-15T22:39:27.062575Z", "fetched_at": "2025-07-15T22:39:32.740006+00:00", "symbol": "BTC-USD"}, {"trade_id": 849976445, "side": "sell", "size": "0.00842671", "price": "117498.96000000", "time": "2025-07-15T22:39:26.776272Z", "fetched_at": "2025-07-15T22:39:32.740006+00:00", "symbol": "BTC-USD"}, {"trade_id": 849976444, "side": "sell", "size": "0.00016544", "price": "117498.96000000", "time": "2025-07-15T22:39:26.752245Z", "fetched_at": "2025-07-15T22:39:32.740006+00:00", "symbol": "BTC-USD"}, {"trade_id": 849976443, "side": "sell", "size": "0.02987416", "price": "117498.96000000", "time": "2025-07-15T22:39:26.237599Z", "fetched_at": "2025-07-15T22:39:32.740006+00:00", "symbol": "BTC-USD"}, {"trade_id": 849976442, "side": "sell", "size": "0.00002865", "price": "117498.96000000", "time": "2025-07-15T22:39:26.187122Z", "fetched_at": "2025-07-15T22:39:32.740006+00:00", "symbol": "BTC-USD"}, {"trade_id": 849976441, "side": "sell", "size": "0.00168534", "price": "117498.96000000", "time": "2025-07-15T22:39:25.656860Z", "fetched_at": "2025-07-15T22:39:32.740006+00:00", "symbol": "BTC-USD"}, {"trade_id": 849976440, "side": "sell", "size": "0.00004037", "price": "117498.96000000", "time": "2025-07-15T22:39:24.057297Z", "fetched_at": "2025-07-15T22:39:32.740006+00:00", "symbol": "BTC-USD"}, {"trade_id": 849976439, "side": "sell", "size": "0.00760648", "price": "117494.65000000", "time": "2025-07-15T22:39:23.501740Z", "fetched_at": "2025-07-15T22:39:32.740006+00:00", "symbol": "BTC-USD"}, {"trade_id": 849976438, "side": "sell", "size": "0.00090455", "price": "117494.65000000", "time": "2025-07-15T22:39:23.492627Z", "fetched_at": "2025-07-15T22:39:32.740006+00:00", "symbol": "BTC-USD"}, {"trade_id": 849976437, "side": "sell", "size": "0.00323167", "price": "117492.89000000", "time": "2025-07-15T22:39:23.492627Z", "fetched_at": "2025-07-15T22:39:32.740006+00:00", "symbol": "BTC-USD"}, {"trade_id": 849976436, "side": "sell", "size": "0.00008073", "price": "117492.89000000", "time": "2025-07-15T22:39:23.415890Z", "fetched_at": "2025-07-15T22:39:32.740006+00:00", "symbol": "BTC-USD"}, {"trade_id": 849976435, "side": "buy", "size": "0.00859695", "price": "117490.21000000", "time": "2025-07-15T22:39:23.298300Z", "fetched_at": "2025-07-15T22:39:32.740006+00:00", "symbol": "BTC-USD"}, {"trade_id": 849976434, "side": "sell", "size": "0.00006559", "price": "117492.90000000", "time": "2025-07-15T22:39:23.242348Z", "fetched_at": "2025-07-15T22:39:32.740006+00:00", "symbol": "BTC-USD"}, {"trade_id": 849976433, "side": "sell", "size": "0.00001000", "price": "117490.16000000", "time": "2025-07-15T22:39:23.242348Z", "fetched_at": "2025-07-15T22:39:32.740006+00:00", "symbol": "BTC-USD"}, {"trade_id": 849976432, "side": "sell", "size": "0.00231280", "price": "117483.53000000", "time": "2025-07-15T22:39:23.242348Z", "fetched_at": "2025-07-15T22:39:32.740006+00:00", "symbol": "BTC-USD"}, {"trade_id": 849976431, "side": "sell", "size": "0.00001367", "price": "117483.53000000", "time": "2025-07-15T22:39:23.242348Z", "fetched_at": "2025-07-15T22:39:32.740006+00:00", "symbol": "BTC-USD"}, {"trade_id": 849976430, "side": "sell", "size": "0.00000803", "price": "117483.53000000", "time": "2025-07-15T22:39:23.242348Z", "fetched_at": "2025-07-15T22:39:32.740006+00:00", "symbol": "BTC-USD"}, {"trade_id": 849976429, "side": "sell", "size": "0.00000246", "price": "117483.53000000", "time": "2025-07-15T22:39:23.242348Z", "fetched_at": "2025-07-15T22:39:32.740006+00:00", "symbol": "BTC-USD"}, {"trade_id": 849976428, "side": "sell", "size": "0.00025283", "price": "117483.53000000", "time": "2025-07-15T22:39:22.987578Z", "fetched_at": "2025-07-15T22:39:32.740006+00:00", "symbol": "BTC-USD"}, {"trade_id": 849976427, "side": "sell", "size": "0.00084279", "price": "117483.53000000", "time": "2025-07-15T22:39:22.920106Z", "fetched_at": "2025-07-15T22:39:32.740006+00:00", "symbol": "BTC-USD"}, {"trade_id": 849976426, "side": "sell", "size": "0.00008428", "price": "117483.53000000", "time": "2025-07-15T22:39:22.233794Z", "fetched_at": "2025-07-15T22:39:32.740006+00:00", "symbol": "BTC-USD"}, {"trade_id": 849976425, "side": "buy", "size": "0.00322594", "price": "117483.52000000", "time": "2025-07-15T22:39:22.182192Z", "fetched_at": "2025-07-15T22:39:32.740006+00:00", "symbol": "BTC-USD"}, {"trade_id": 849976424, "side": "sell", "size": "0.00020679", "price": "117483.53000000", "time": "2025-07-15T22:39:22.000831Z", "fetched_at": "2025-07-15T22:39:32.740006+00:00", "symbol": "BTC-USD"}, {"trade_id": 849976423, "side": "sell", "size": "0.00262821", "price": "117483.53000000", "time": "2025-07-15T22:39:21.727791Z", "fetched_at": "2025-07-15T22:39:32.740006+00:00", "symbol": "BTC-USD"}, {"trade_id": 849976422, "side": "sell", "size": "0.00020681", "price": "117483.53000000", "time": "2025-07-15T22:39:20.998806Z", "fetched_at": "2025-07-15T22:39:32.740006+00:00", "symbol": "BTC-USD"}, {"trade_id": 849976421, "side": "buy", "size": "0.00040800", "price": "117483.52000000", "time": "2025-07-15T22:39:20.985183Z", "fetched_at": "2025-07-15T22:39:32.740006+00:00", "symbol": "BTC-USD"}, {"trade_id": 849976420, "side": "sell", "size": "0.00004037", "price": "117483.53000000", "time": "2025-07-15T22:39:20.910032Z", "fetched_at": "2025-07-15T22:39:32.740006+00:00", "symbol": "BTC-USD"}, {"trade_id": 849976419, "side": "sell", "size": "0.00062046", "price": "117483.53000000", "time": "2025-07-15T22:39:20.534398Z", "fetched_at": "2025-07-15T22:39:32.740006+00:00", "symbol": "BTC-USD"}, {"trade_id": 849976418, "side": "sell", "size": "0.00413622", "price": "117483.53000000", "time": "2025-07-15T22:39:20.285572Z", "fetched_at": "2025-07-15T22:39:32.740006+00:00", "symbol": "BTC-USD"}, {"trade_id": 849976417, "side": "sell", "size": "0.00008217", "price": "117483.53000000", "time": "2025-07-15T22:39:20.152467Z", "fetched_at": "2025-07-15T22:39:32.740006+00:00", "symbol": "BTC-USD"}, {"trade_id": 849976416, "side": "sell", "size": "0.00413639", "price": "117483.53000000", "time": "2025-07-15T22:39:20.086151Z", "fetched_at": "2025-07-15T22:39:32.740006+00:00", "symbol": "BTC-USD"}, {"trade_id": 849976415, "side": "sell", "size": "0.00004214", "price": "117483.53000000", "time": "2025-07-15T22:39:20.029045Z", "fetched_at": "2025-07-15T22:39:32.740006+00:00", "symbol": "BTC-USD"}, {"trade_id": 849976414, "side": "buy", "size": "0.00002298", "price": "117483.52000000", "time": "2025-07-15T22:39:19.831373Z", "fetched_at": "2025-07-15T22:39:32.740006+00:00", "symbol": "BTC-USD"}, {"trade_id": 849976413, "side": "sell", "size": "0.00020682", "price": "117483.53000000", "time": "2025-07-15T22:39:19.723887Z", "fetched_at": "2025-07-15T22:39:32.740006+00:00", "symbol": "BTC-USD"}, {"trade_id": 849976412, "side": "sell", "size": "0.00024820", "price": "117483.53000000", "time": "2025-07-15T22:39:19.594329Z", "fetched_at": "2025-07-15T22:39:32.740006+00:00", "symbol": "BTC-USD"}, {"trade_id": 849976411, "side": "sell", "size": "0.00010113", "price": "117483.53000000", "time": "2025-07-15T22:39:19.521251Z", "fetched_at": "2025-07-15T22:39:32.740006+00:00", "symbol": "BTC-USD"}, {"trade_id": 849976410, "side": "sell", "size": "0.00082718", "price": "117483.53000000", "time": "2025-07-15T22:39:19.453383Z", "fetched_at": "2025-07-15T22:39:32.740006+00:00", "symbol": "BTC-USD"}, {"trade_id": 849976409, "side": "sell", "size": "0.00004003", "price": "117483.53000000", "time": "2025-07-15T22:39:19.417852Z", "fetched_at": "2025-07-15T22:39:32.740006+00:00", "symbol": "BTC-USD"}, {"trade_id": 849976408, "side": "sell", "size": "0.00041364", "price": "117483.53000000", "time": "2025-07-15T22:39:19.120040Z", "fetched_at": "2025-07-15T22:39:32.740006+00:00", "symbol": "BTC-USD"}, {"trade_id": 849976407, "side": "sell", "size": "0.00016544", "price": "117483.53000000", "time": "2025-07-15T22:39:18.768333Z", "fetched_at": "2025-07-15T22:39:32.740006+00:00", "symbol": "BTC-USD"}, {"trade_id": 849976406, "side": "sell", "size": "0.00165449", "price": "117483.53000000", "time": "2025-07-15T22:39:18.615582Z", "fetched_at": "2025-07-15T22:39:32.740006+00:00", "symbol": "BTC-USD"}, {"trade_id": 849976405, "side": "sell", "size": "0.00000843", "price": "117483.53000000", "time": "2025-07-15T22:39:18.086983Z", "fetched_at": "2025-07-15T22:39:32.740006+00:00", "symbol": "BTC-USD"}, {"trade_id": 849976404, "side": "sell", "size": "0.00004037", "price": "117483.53000000", "time": "2025-07-15T22:39:18.050877Z", "fetched_at": "2025-07-15T22:39:32.740006+00:00", "symbol": "BTC-USD"}, {"trade_id": 849976403, "side": "sell", "size": "0.00000177", "price": "117483.53000000", "time": "2025-07-15T22:39:17.948278Z", "fetched_at": "2025-07-15T22:39:32.740006+00:00", "symbol": "BTC-USD"}, {"trade_id": 849976402, "side": "sell", "size": "0.00042139", "price": "117483.53000000", "time": "2025-07-15T22:39:17.895295Z", "fetched_at": "2025-07-15T22:39:32.740006+00:00", "symbol": "BTC-USD"}, {"trade_id": 849976401, "side": "sell", "size": "0.00008428", "price": "117483.53000000", "time": "2025-07-15T22:39:17.742147Z", "fetched_at": "2025-07-15T22:39:32.740006+00:00", "symbol": "BTC-USD"}, {"trade_id": 849976400, "side": "sell", "size": "0.00008217", "price": "117483.53000000", "time": "2025-07-15T22:39:17.663601Z", "fetched_at": "2025-07-15T22:39:32.740006+00:00", "symbol": "BTC-USD"}, {"trade_id": 849976399, "side": "sell", "size": "0.00020681", "price": "117483.53000000", "time": "2025-07-15T22:39:17.315979Z", "fetched_at": "2025-07-15T22:39:32.740006+00:00", "symbol": "BTC-USD"}, {"trade_id": 849976398, "side": "sell", "size": "0.00082728", "price": "117483.53000000", "time": "2025-07-15T22:39:17.294707Z", "fetched_at": "2025-07-15T22:39:32.740006+00:00", "symbol": "BTC-USD"}, {"trade_id": 849976397, "side": "sell", "size": "0.00016544", "price": "117483.53000000", "time": "2025-07-15T22:39:17.176406Z", "fetched_at": "2025-07-15T22:39:32.740006+00:00", "symbol": "BTC-USD"}, {"trade_id": 849976396, "side": "sell", "size": "0.00041362", "price": "117483.53000000", "time": "2025-07-15T22:39:17.139074Z", "fetched_at": "2025-07-15T22:39:32.740006+00:00", "symbol": "BTC-USD"}, {"trade_id": 849976395, "side": "sell", "size": "0.00413588", "price": "117483.53000000", "time": "2025-07-15T22:39:17.077319Z", "fetched_at": "2025-07-15T22:39:32.740006+00:00", "symbol": "BTC-USD"}, {"trade_id": 849976394, "side": "sell", "size": "0.00041362", "price": "117483.53000000", "time": "2025-07-15T22:39:16.854330Z", "fetched_at": "2025-07-15T22:39:32.740006+00:00", "symbol": "BTC-USD"}, {"trade_id": 849976393, "side": "sell", "size": "0.00082718", "price": "117483.53000000", "time": "2025-07-15T22:39:16.528876Z", "fetched_at": "2025-07-15T22:39:32.740006+00:00", "symbol": "BTC-USD"}, {"trade_id": 849976392, "side": "sell", "size": "0.00020682", "price": "117483.53000000", "time": "2025-07-15T22:39:16.378346Z", "fetched_at": "2025-07-15T22:39:32.740006+00:00", "symbol": "BTC-USD"}, {"trade_id": 849976391, "side": "sell", "size": "0.00080744", "price": "117483.53000000", "time": "2025-07-15T22:39:16.363893Z", "fetched_at": "2025-07-15T22:39:32.740006+00:00", "symbol": "BTC-USD"}, {"trade_id": 849976390, "side": "sell", "size": "0.00017765", "price": "117483.53000000", "time": "2025-07-15T22:39:16.195221Z", "fetched_at": "2025-07-15T22:39:32.740006+00:00", "symbol": "BTC-USD"}, {"trade_id": 849976389, "side": "sell", "size": "0.00252805", "price": "117483.53000000", "time": "2025-07-15T22:39:15.918769Z", "fetched_at": "2025-07-15T22:39:32.740006+00:00", "symbol": "BTC-USD"}, {"trade_id": 849976388, "side": "sell", "size": "0.00000344", "price": "117483.53000000", "time": "2025-07-15T22:39:15.855395Z", "fetched_at": "2025-07-15T22:39:32.740006+00:00", "symbol": "BTC-USD"}, {"trade_id": 849976387, "side": "sell", "size": "0.00001119", "price": "117483.43000000", "time": "2025-07-15T22:39:15.855395Z", "fetched_at": "2025-07-15T22:39:32.740006+00:00", "symbol": "BTC-USD"}, {"trade_id": 849976386, "side": "sell", "size": "0.00000178", "price": "117483.43000000", "time": "2025-07-15T22:39:15.855395Z", "fetched_at": "2025-07-15T22:39:32.740006+00:00", "symbol": "BTC-USD"}, {"trade_id": 849976385, "side": "sell", "size": "0.00000525", "price": "117483.43000000", "time": "2025-07-15T22:39:15.855395Z", "fetched_at": "2025-07-15T22:39:32.740006+00:00", "symbol": "BTC-USD"}, {"trade_id": 849976384, "side": "sell", "size": "0.00000700", "price": "117483.43000000", "time": "2025-07-15T22:39:15.855395Z", "fetched_at": "2025-07-15T22:39:32.740006+00:00", "symbol": "BTC-USD"}, {"trade_id": 849976383, "side": "sell", "size": "0.00009051", "price": "117483.43000000", "time": "2025-07-15T22:39:15.588800Z", "fetched_at": "2025-07-15T22:39:32.740006+00:00", "symbol": "BTC-USD"}, {"trade_id": 849976382, "side": "sell", "size": "0.00008217", "price": "117483.43000000", "time": "2025-07-15T22:39:15.587908Z", "fetched_at": "2025-07-15T22:39:32.740006+00:00", "symbol": "BTC-USD"}, {"trade_id": 849976381, "side": "sell", "size": "0.00016856", "price": "117483.43000000", "time": "2025-07-15T22:39:15.568076Z", "fetched_at": "2025-07-15T22:39:32.740006+00:00", "symbol": "BTC-USD"}, {"trade_id": 849976380, "side": "buy", "size": "0.00007216", "price": "117483.42000000", "time": "2025-07-15T22:39:15.354883Z", "fetched_at": "2025-07-15T22:39:32.740006+00:00", "symbol": "BTC-USD"}, {"trade_id": 849976379, "side": "sell", "size": "0.00489416", "price": "117483.43000000", "time": "2025-07-15T22:39:15.351819Z", "fetched_at": "2025-07-15T22:39:32.740006+00:00", "symbol": "BTC-USD"}, {"trade_id": 849976378, "side": "buy", "size": "0.00174516", "price": "117483.42000000", "time": "2025-07-15T22:39:15.311473Z", "fetched_at": "2025-07-15T22:39:32.740006+00:00", "symbol": "BTC-USD"}, {"trade_id": 849976377, "side": "sell", "size": "0.00024819", "price": "117483.43000000", "time": "2025-07-15T22:39:15.308207Z", "fetched_at": "2025-07-15T22:39:32.740006+00:00", "symbol": "BTC-USD"}, {"trade_id": 849976376, "side": "sell", "size": "0.00040368", "price": "117483.43000000", "time": "2025-07-15T22:39:15.204404Z", "fetched_at": "2025-07-15T22:39:32.740006+00:00", "symbol": "BTC-USD"}, {"trade_id": 849976375, "side": "sell", "size": "0.00041364", "price": "117483.43000000", "time": "2025-07-15T22:39:15.082440Z", "fetched_at": "2025-07-15T22:39:32.740006+00:00", "symbol": "BTC-USD"}, {"trade_id": 849976374, "side": "sell", "size": "0.00045502", "price": "117483.43000000", "time": "2025-07-15T22:39:15.071337Z", "fetched_at": "2025-07-15T22:39:32.740006+00:00", "symbol": "BTC-USD"}, {"trade_id": 849976373, "side": "sell", "size": "0.00016855", "price": "117483.43000000", "time": "2025-07-15T22:39:14.958367Z", "fetched_at": "2025-07-15T22:39:32.740006+00:00", "symbol": "BTC-USD"}, {"trade_id": 849976372, "side": "buy", "size": "0.00085045", "price": "117483.42000000", "time": "2025-07-15T22:39:14.828639Z", "fetched_at": "2025-07-15T22:39:32.740006+00:00", "symbol": "BTC-USD"}, {"trade_id": 849976371, "side": "sell", "size": "0.00041358", "price": "117483.43000000", "time": "2025-07-15T22:39:14.757Z", "fetched_at": "2025-07-15T22:39:32.740006+00:00", "symbol": "BTC-USD"}, {"trade_id": 849976370, "side": "sell", "size": "0.00013717", "price": "117481.87000000", "time": "2025-07-15T22:39:14.446016Z", "fetched_at": "2025-07-15T22:39:32.740006+00:00", "symbol": "BTC-USD"}, {"trade_id": 849976369, "side": "sell", "size": "0.00001681", "price": "117480.47000000", "time": "2025-07-15T22:39:14.446016Z", "fetched_at": "2025-07-15T22:39:32.740006+00:00", "symbol": "BTC-USD"}, {"trade_id": 849976368, "side": "sell", "size": "0.00000553", "price": "117480.47000000", "time": "2025-07-15T22:39:14.446016Z", "fetched_at": "2025-07-15T22:39:32.740006+00:00", "symbol": "BTC-USD"}, {"trade_id": 849976367, "side": "sell", "size": "0.00003101", "price": "117480.47000000", "time": "2025-07-15T22:39:14.446016Z", "fetched_at": "2025-07-15T22:39:32.740006+00:00", "symbol": "BTC-USD"}, {"trade_id": 849976366, "side": "sell", "size": "0.00001131", "price": "117480.47000000", "time": "2025-07-15T22:39:14.446016Z", "fetched_at": "2025-07-15T22:39:32.740006+00:00", "symbol": "BTC-USD"}, {"trade_id": 849976365, "side": "buy", "size": "0.00004256", "price": "117480.46000000", "time": "2025-07-15T22:39:14.331588Z", "fetched_at": "2025-07-15T22:39:32.740006+00:00", "symbol": "BTC-USD"}, {"trade_id": 849976364, "side": "sell", "size": "0.00083229", "price": "117481.82000000", "time": "2025-07-15T22:39:13.964165Z", "fetched_at": "2025-07-15T22:39:32.740006+00:00", "symbol": "BTC-USD"}, {"trade_id": 849976363, "side": "sell", "size": "0.00001046", "price": "117480.47000000", "time": "2025-07-15T22:39:13.964165Z", "fetched_at": "2025-07-15T22:39:32.740006+00:00", "symbol": "BTC-USD"}, {"trade_id": 849976362, "side": "sell", "size": "0.00000809", "price": "117480.47000000", "time": "2025-07-15T22:39:13.925745Z", "fetched_at": "2025-07-15T22:39:32.740006+00:00", "symbol": "BTC-USD"}, {"trade_id": 849976361, "side": "sell", "size": "0.00108146", "price": "117481.02000000", "time": "2025-07-15T22:39:13.573147Z", "fetched_at": "2025-07-15T22:39:32.740006+00:00", "symbol": "BTC-USD"}, {"trade_id": 849976360, "side": "sell", "size": "0.00294263", "price": "117481.00000000", "time": "2025-07-15T22:39:13.573147Z", "fetched_at": "2025-07-15T22:39:32.740006+00:00", "symbol": "BTC-USD"}, {"trade_id": 849976359, "side": "sell", "size": "0.00001270", "price": "117480.47000000", "time": "2025-07-15T22:39:13.573147Z", "fetched_at": "2025-07-15T22:39:32.740006+00:00", "symbol": "BTC-USD"}, {"trade_id": 849976358, "side": "sell", "size": "0.00000291", "price": "117474.36000000", "time": "2025-07-15T22:39:13.384820Z", "fetched_at": "2025-07-15T22:39:32.740006+00:00", "symbol": "BTC-USD"}, {"trade_id": 849976357, "side": "sell", "size": "0.00012642", "price": "117472.66000000", "time": "2025-07-15T22:39:13.344876Z", "fetched_at": "2025-07-15T22:39:32.740006+00:00", "symbol": "BTC-USD"}, {"trade_id": 849976356, "side": "sell", "size": "0.00159480", "price": "117472.66000000", "time": "2025-07-15T22:39:13.298225Z", "fetched_at": "2025-07-15T22:39:32.740006+00:00", "symbol": "BTC-USD"}, {"trade_id": 849976355, "side": "sell", "size": "0.00000936", "price": "117472.55000000", "time": "2025-07-15T22:39:13.298225Z", "fetched_at": "2025-07-15T22:39:32.740006+00:00", "symbol": "BTC-USD"}, {"trade_id": 849976354, "side": "sell", "size": "0.00005167", "price": "117472.55000000", "time": "2025-07-15T22:39:13.298225Z", "fetched_at": "2025-07-15T22:39:32.740006+00:00", "symbol": "BTC-USD"}, {"trade_id": 849976353, "side": "sell", "size": "0.00002967", "price": "117472.55000000", "time": "2025-07-15T22:39:13.298225Z", "fetched_at": "2025-07-15T22:39:32.740006+00:00", "symbol": "BTC-USD"}, {"trade_id": 849976352, "side": "sell", "size": "0.00851285", "price": "117469.46000000", "time": "2025-07-15T22:39:12.938995Z", "fetched_at": "2025-07-15T22:39:32.740006+00:00", "symbol": "BTC-USD"}, {"trade_id": 849976351, "side": "sell", "size": "0.07293807", "price": "117467.61000000", "time": "2025-07-15T22:39:12.919770Z", "fetched_at": "2025-07-15T22:39:32.740006+00:00", "symbol": "BTC-USD"}, {"trade_id": 849976350, "side": "sell", "size": "0.00041359", "price": "117467.61000000", "time": "2025-07-15T22:39:11.689597Z", "fetched_at": "2025-07-15T22:39:32.740006+00:00", "symbol": "BTC-USD"}, {"trade_id": 849976349, "side": "sell", "size": "0.00002438", "price": "117467.61000000", "time": "2025-07-15T22:39:11.216421Z", "fetched_at": "2025-07-15T22:39:32.740006+00:00", "symbol": "BTC-USD"}, {"trade_id": 849976348, "side": "buy", "size": "0.00102756", "price": "117467.60000000", "time": "2025-07-15T22:39:10.112199Z", "fetched_at": "2025-07-15T22:39:32.740006+00:00", "symbol": "BTC-USD"}, {"trade_id": 849976347, "side": "sell", "size": "0.00000104", "price": "117467.63000000", "time": "2025-07-15T22:39:08.969824Z", "fetched_at": "2025-07-15T22:39:32.740006+00:00", "symbol": "BTC-USD"}, {"trade_id": 849976346, "side": "sell", "size": "0.00144762", "price": "117467.63000000", "time": "2025-07-15T22:39:08.893118Z", "fetched_at": "2025-07-15T22:39:32.740006+00:00", "symbol": "BTC-USD"}, {"trade_id": 849976345, "side": "sell", "size": "0.00025560", "price": "117467.67000000", "time": "2025-07-15T22:39:08.086477Z", "fetched_at": "2025-07-15T22:39:32.740006+00:00", "symbol": "BTC-USD"}, {"trade_id": 849976344, "side": "sell", "size": "0.07552021", "price": "117472.54000000", "time": "2025-07-15T22:39:07.321724Z", "fetched_at": "2025-07-15T22:39:32.740006+00:00", "symbol": "BTC-USD"}, {"trade_id": 849976343, "side": "sell", "size": "0.00314440", "price": "117471.02000000", "time": "2025-07-15T22:39:07.321724Z", "fetched_at": "2025-07-15T22:39:32.740006+00:00", "symbol": "BTC-USD"}, {"trade_id": 849976342, "side": "sell", "size": "0.07866461", "price": "117472.54000000", "time": "2025-07-15T22:39:07.311368Z", "fetched_at": "2025-07-15T22:39:32.740006+00:00", "symbol": "BTC-USD"}, {"trade_id": 849976341, "side": "sell", "size": "0.07565461", "price": "117472.54000000", "time": "2025-07-15T22:39:07.300939Z", "fetched_at": "2025-07-15T22:39:32.740006+00:00", "symbol": "BTC-USD"}, {"trade_id": 849976340, "side": "sell", "size": "0.00301000", "price": "117471.03000000", "time": "2025-07-15T22:39:07.300939Z", "fetched_at": "2025-07-15T22:39:32.740006+00:00", "symbol": "BTC-USD"}, {"trade_id": 849976339, "side": "sell", "size": "0.03256569", "price": "117472.54000000", "time": "2025-07-15T22:39:07.288287Z", "fetched_at": "2025-07-15T22:39:32.740006+00:00", "symbol": "BTC-USD"}, {"trade_id": 849976338, "side": "sell", "size": "0.00133539", "price": "117472.54000000", "time": "2025-07-15T22:39:07.288287Z", "fetched_at": "2025-07-15T22:39:32.740006+00:00", "symbol": "BTC-USD"}, {"trade_id": 849976337, "side": "sell", "size": "0.00284760", "price": "117471.04000000", "time": "2025-07-15T22:39:07.288287Z", "fetched_at": "2025-07-15T22:39:32.740006+00:00", "symbol": "BTC-USD"}, {"trade_id": 849976336, "side": "sell", "size": "0.04000000", "price": "117471.04000000", "time": "2025-07-15T22:39:07.288287Z", "fetched_at": "2025-07-15T22:39:32.740006+00:00", "symbol": "BTC-USD"}, {"trade_id": 849976335, "side": "sell", "size": "0.00191593", "price": "117471.04000000", "time": "2025-07-15T22:39:07.288287Z", "fetched_at": "2025-07-15T22:39:32.740006+00:00", "symbol": "BTC-USD"}, {"trade_id": 849976334, "side": "sell", "size": "0.03866461", "price": "117472.54000000", "time": "2025-07-15T22:39:07.277187Z", "fetched_at": "2025-07-15T22:39:32.740006+00:00", "symbol": "BTC-USD"}, {"trade_id": 849976333, "side": "sell", "size": "0.04000000", "price": "117471.05000000", "time": "2025-07-15T22:39:07.277187Z", "fetched_at": "2025-07-15T22:39:32.740006+00:00", "symbol": "BTC-USD"}, {"trade_id": 849976332, "side": "buy", "size": "0.05078237", "price": "117466.35000000", "time": "2025-07-15T22:39:07.266520Z", "fetched_at": "2025-07-15T22:39:32.740006+00:00", "symbol": "BTC-USD"}, {"trade_id": 849976331, "side": "buy", "size": "0.00851277", "price": "117470.55000000", "time": "2025-07-15T22:39:07.266173Z", "fetched_at": "2025-07-15T22:39:32.740006+00:00", "symbol": "BTC-USD"}, {"trade_id": 849976330, "side": "buy", "size": "0.00001000", "price": "117472.53000000", "time": "2025-07-15T22:39:07.265986Z", "fetched_at": "2025-07-15T22:39:32.740006+00:00", "symbol": "BTC-USD"}, {"trade_id": 849976329, "side": "buy", "size": "0.00135078", "price": "117472.54000000", "time": "2025-07-15T22:39:07.265986Z", "fetched_at": "2025-07-15T22:39:32.740006+00:00", "symbol": "BTC-USD"}, {"trade_id": 849976328, "side": "buy", "size": "0.00004920", "price": "117472.54000000", "time": "2025-07-15T22:39:07.265986Z", "fetched_at": "2025-07-15T22:39:32.740006+00:00", "symbol": "BTC-USD"}, {"trade_id": 849976327, "side": "buy", "size": "0.07866461", "price": "117472.54000000", "time": "2025-07-15T22:39:07.265986Z", "fetched_at": "2025-07-15T22:39:32.740006+00:00", "symbol": "BTC-USD"}, {"trade_id": 849976326, "side": "buy", "size": "0.00001000", "price": "117472.54000000", "time": "2025-07-15T22:39:07.265986Z", "fetched_at": "2025-07-15T22:39:32.740006+00:00", "symbol": "BTC-USD"}, {"trade_id": 849976325, "side": "buy", "size": "0.00000102", "price": "117472.54000000", "time": "2025-07-15T22:39:07.265986Z", "fetched_at": "2025-07-15T22:39:32.740006+00:00", "symbol": "BTC-USD"}, {"trade_id": 849976324, "side": "sell", "size": "0.00008217", "price": "117472.55000000", "time": "2025-07-15T22:39:07.197820Z", "fetched_at": "2025-07-15T22:39:32.740006+00:00", "symbol": "BTC-USD"}, {"trade_id": 849976323, "side": "sell", "size": "0.00042128", "price": "117472.55000000", "time": "2025-07-15T22:39:06.669400Z", "fetched_at": "2025-07-15T22:39:32.740006+00:00", "symbol": "BTC-USD"}, {"trade_id": 849976322, "side": "sell", "size": "0.00048964", "price": "117472.55000000", "time": "2025-07-15T22:39:05.728997Z", "fetched_at": "2025-07-15T22:39:32.740006+00:00", "symbol": "BTC-USD"}, {"trade_id": 849976321, "side": "buy", "size": "0.00009900", "price": "117476.77000000", "time": "2025-07-15T22:39:05.055490Z", "fetched_at": "2025-07-15T22:39:32.740006+00:00", "symbol": "BTC-USD"}, {"trade_id": 849976320, "side": "buy", "size": "0.00000612", "price": "117476.78000000", "time": "2025-07-15T22:39:05.055490Z", "fetched_at": "2025-07-15T22:39:32.740006+00:00", "symbol": "BTC-USD"}, {"trade_id": 849976319, "side": "sell", "size": "0.02200000", "price": "117481.91000000", "time": "2025-07-15T22:39:04.972913Z", "fetched_at": "2025-07-15T22:39:32.740006+00:00", "symbol": "BTC-USD"}, {"trade_id": 849976318, "side": "buy", "size": "0.00113312", "price": "117475.02000000", "time": "2025-07-15T22:39:04.668650Z", "fetched_at": "2025-07-15T22:39:32.740006+00:00", "symbol": "BTC-USD"}, {"trade_id": 849976317, "side": "buy", "size": "0.00004100", "price": "117476.77000000", "time": "2025-07-15T22:39:04.668650Z", "fetched_at": "2025-07-15T22:39:32.740006+00:00", "symbol": "BTC-USD"}, {"trade_id": 849976316, "side": "buy", "size": "0.00004928", "price": "117476.78000000", "time": "2025-07-15T22:39:04.668650Z", "fetched_at": "2025-07-15T22:39:32.740006+00:00", "symbol": "BTC-USD"}, {"trade_id": 849976315, "side": "buy", "size": "0.00135099", "price": "117476.78000000", "time": "2025-07-15T22:39:04.668650Z", "fetched_at": "2025-07-15T22:39:32.740006+00:00", "symbol": "BTC-USD"}, {"trade_id": 849976314, "side": "buy", "size": "0.00851147", "price": "117488.58000000", "time": "2025-07-15T22:39:04.122679Z", "fetched_at": "2025-07-15T22:39:32.740006+00:00", "symbol": "BTC-USD"}, {"trade_id": 849976313, "side": "buy", "size": "0.00000900", "price": "117490.33000000", "time": "2025-07-15T22:39:04.118901Z", "fetched_at": "2025-07-15T22:39:32.740006+00:00", "symbol": "BTC-USD"}, {"trade_id": 849976312, "side": "buy", "size": "0.00023100", "price": "117490.33000000", "time": "2025-07-15T22:39:04.118901Z", "fetched_at": "2025-07-15T22:39:32.740006+00:00", "symbol": "BTC-USD"}, {"trade_id": 849976311, "side": "buy", "size": "0.00000391", "price": "117490.33000000", "time": "2025-07-15T22:39:04.118901Z", "fetched_at": "2025-07-15T22:39:32.740006+00:00", "symbol": "BTC-USD"}, {"trade_id": 849976310, "side": "buy", "size": "0.00044000", "price": "117490.33000000", "time": "2025-07-15T22:39:04.118901Z", "fetched_at": "2025-07-15T22:39:32.740006+00:00", "symbol": "BTC-USD"}, {"trade_id": 849976309, "side": "buy", "size": "0.07866461", "price": "117490.34000000", "time": "2025-07-15T22:39:04.118901Z", "fetched_at": "2025-07-15T22:39:32.740006+00:00", "symbol": "BTC-USD"}, {"trade_id": 849976308, "side": "buy", "size": "0.00202338", "price": "117490.34000000", "time": "2025-07-15T22:39:02.345180Z", "fetched_at": "2025-07-15T22:39:32.740006+00:00", "symbol": "BTC-USD"}, {"trade_id": 849976307, "side": "sell", "size": "0.01023626", "price": "117478.17000000", "time": "2025-07-15T22:39:02.021072Z", "fetched_at": "2025-07-15T22:39:32.740006+00:00", "symbol": "BTC-USD"}, {"trade_id": 849976306, "side": "sell", "size": "0.00238280", "price": "117478.06000000", "time": "2025-07-15T22:39:02.021072Z", "fetched_at": "2025-07-15T22:39:32.740006+00:00", "symbol": "BTC-USD"}, {"trade_id": 849976305, "side": "sell", "size": "0.04542760", "price": "117478.06000000", "time": "2025-07-15T22:39:01.938657Z", "fetched_at": "2025-07-15T22:39:32.740006+00:00", "symbol": "BTC-USD"}, {"trade_id": 849976304, "side": "sell", "size": "0.01427645", "price": "117478.06000000", "time": "2025-07-15T22:39:01.935628Z", "fetched_at": "2025-07-15T22:39:32.740006+00:00", "symbol": "BTC-USD"}, {"trade_id": 849976303, "side": "sell", "size": "0.07730879", "price": "117478.06000000", "time": "2025-07-15T22:39:01.932080Z", "fetched_at": "2025-07-15T22:39:32.740006+00:00", "symbol": "BTC-USD"}, {"trade_id": 849976302, "side": "sell", "size": "0.06203740", "price": "117477.37000000", "time": "2025-07-15T22:39:01.929719Z", "fetched_at": "2025-07-15T22:39:32.740006+00:00", "symbol": "BTC-USD"}, {"trade_id": 849976301, "side": "sell", "size": "0.00250040", "price": "117476.79000000", "time": "2025-07-15T22:39:01.926540Z", "fetched_at": "2025-07-15T22:39:32.740006+00:00", "symbol": "BTC-USD"}, {"trade_id": 849976300, "side": "sell", "size": "0.07163305", "price": "117476.79000000", "time": "2025-07-15T22:39:01.926540Z", "fetched_at": "2025-07-15T22:39:32.740006+00:00", "symbol": "BTC-USD"}, {"trade_id": 849976299, "side": "sell", "size": "0.04947954", "price": "117476.79000000", "time": "2025-07-15T22:39:01.811923Z", "fetched_at": "2025-07-15T22:39:32.740006+00:00", "symbol": "BTC-USD"}, {"trade_id": 849976298, "side": "sell", "size": "0.02718428", "price": "117476.79000000", "time": "2025-07-15T22:39:01.811365Z", "fetched_at": "2025-07-15T22:39:32.740006+00:00", "symbol": "BTC-USD"}, {"trade_id": 849976297, "side": "sell", "size": "0.01395309", "price": "117476.79000000", "time": "2025-07-15T22:39:01.808239Z", "fetched_at": "2025-07-15T22:39:32.740006+00:00", "symbol": "BTC-USD"}, {"trade_id": 849976296, "side": "sell", "size": "0.01379629", "price": "117476.79000000", "time": "2025-07-15T22:39:01.808186Z", "fetched_at": "2025-07-15T22:39:32.740006+00:00", "symbol": "BTC-USD"}, {"trade_id": 849976295, "side": "sell", "size": "0.22261870", "price": "117476.79000000", "time": "2025-07-15T22:39:01.808164Z", "fetched_at": "2025-07-15T22:39:32.740006+00:00", "symbol": "BTC-USD"}, {"trade_id": 849976294, "side": "buy", "size": "0.00096022", "price": "117476.78000000", "time": "2025-07-15T22:39:01.500835Z", "fetched_at": "2025-07-15T22:39:32.740006+00:00", "symbol": "BTC-USD"}, {"trade_id": 849976293, "side": "buy", "size": "0.00242500", "price": "117476.78000000", "time": "2025-07-15T22:39:01.500835Z", "fetched_at": "2025-07-15T22:39:32.740006+00:00", "symbol": "BTC-USD"}, {"trade_id": 849976292, "side": "sell", "size": "0.00024815", "price": "117476.79000000", "time": "2025-07-15T22:39:01.491543Z", "fetched_at": "2025-07-15T22:39:32.740006+00:00", "symbol": "BTC-USD"}, {"trade_id": 849976291, "side": "sell", "size": "0.00004247", "price": "117476.79000000", "time": "2025-07-15T22:39:01.019141Z", "fetched_at": "2025-07-15T22:39:32.740006+00:00", "symbol": "BTC-USD"}, {"trade_id": 849976290, "side": "sell", "size": "0.00084262", "price": "117476.79000000", "time": "2025-07-15T22:39:00.674831Z", "fetched_at": "2025-07-15T22:39:32.740006+00:00", "symbol": "BTC-USD"}, {"trade_id": 849976289, "side": "sell", "size": "0.00020181", "price": "117476.79000000", "time": "2025-07-15T22:38:59.993062Z", "fetched_at": "2025-07-15T22:39:32.740006+00:00", "symbol": "BTC-USD"}, {"trade_id": 849976288, "side": "buy", "size": "0.00443376", "price": "117476.79000000", "time": "2025-07-15T22:38:59.730330Z", "fetched_at": "2025-07-15T22:39:32.740006+00:00", "symbol": "BTC-USD"}, {"trade_id": 849976287, "side": "sell", "size": "0.00080732", "price": "117476.90000000", "time": "2025-07-15T22:38:58.356105Z", "fetched_at": "2025-07-15T22:39:32.740006+00:00", "symbol": "BTC-USD"}, {"trade_id": 849976286, "side": "sell", "size": "0.00077204", "price": "117476.91000000", "time": "2025-07-15T22:38:58.326250Z", "fetched_at": "2025-07-15T22:39:32.740006+00:00", "symbol": "BTC-USD"}, {"trade_id": 849976285, "side": "buy", "size": "0.00052717", "price": "117470.77000000", "time": "2025-07-15T22:38:57.782438Z", "fetched_at": "2025-07-15T22:39:32.740006+00:00", "symbol": "BTC-USD"}, {"trade_id": 849976284, "side": "buy", "size": "0.00009364", "price": "117470.78000000", "time": "2025-07-15T22:38:57.782438Z", "fetched_at": "2025-07-15T22:39:32.740006+00:00", "symbol": "BTC-USD"}, {"trade_id": 849976283, "side": "buy", "size": "0.00020100", "price": "117472.53000000", "time": "2025-07-15T22:38:57.782438Z", "fetched_at": "2025-07-15T22:39:32.740006+00:00", "symbol": "BTC-USD"}, {"trade_id": 849976282, "side": "buy", "size": "0.00000153", "price": "117472.54000000", "time": "2025-07-15T22:38:57.782438Z", "fetched_at": "2025-07-15T22:39:32.740006+00:00", "symbol": "BTC-USD"}, {"trade_id": 849976281, "side": "buy", "size": "0.00000076", "price": "117472.54000000", "time": "2025-07-15T22:38:57.782438Z", "fetched_at": "2025-07-15T22:39:32.740006+00:00", "symbol": "BTC-USD"}, {"trade_id": 849976280, "side": "buy", "size": "0.00001000", "price": "117472.54000000", "time": "2025-07-15T22:38:57.782438Z", "fetched_at": "2025-07-15T22:39:32.740006+00:00", "symbol": "BTC-USD"}, {"trade_id": 849976279, "side": "sell", "size": "0.00079000", "price": "117477.36000000", "time": "2025-07-15T22:38:56.907032Z", "fetched_at": "2025-07-15T22:39:32.740006+00:00", "symbol": "BTC-USD"}, {"trade_id": 849976278, "side": "buy", "size": "0.00001000", "price": "117481.35000000", "time": "2025-07-15T22:38:56.795567Z", "fetched_at": "2025-07-15T22:39:32.740006+00:00", "symbol": "BTC-USD"}, {"trade_id": 849976277, "side": "buy", "size": "0.07662247", "price": "117481.36000000", "time": "2025-07-15T22:38:56.786136Z", "fetched_at": "2025-07-15T22:39:32.740006+00:00", "symbol": "BTC-USD"}, {"trade_id": 849976276, "side": "buy", "size": "0.00840978", "price": "117482.15000000", "time": "2025-07-15T22:38:56.786136Z", "fetched_at": "2025-07-15T22:39:32.740006+00:00", "symbol": "BTC-USD"}, {"trade_id": 849976275, "side": "buy", "size": "0.00009363", "price": "117482.16000000", "time": "2025-07-15T22:38:56.786136Z", "fetched_at": "2025-07-15T22:39:32.740006+00:00", "symbol": "BTC-USD"}, {"trade_id": 849976274, "side": "buy", "size": "0.00851148", "price": "117483.63000000", "time": "2025-07-15T22:38:56.786136Z", "fetched_at": "2025-07-15T22:39:32.740006+00:00", "symbol": "BTC-USD"}, {"trade_id": 849976273, "side": "buy", "size": "0.05839232", "price": "117483.63000000", "time": "2025-07-15T22:38:56.786105Z", "fetched_at": "2025-07-15T22:39:32.740006+00:00", "symbol": "BTC-USD"}, {"trade_id": 849976272, "side": "buy", "size": "0.00851148", "price": "117488.41000000", "time": "2025-07-15T22:38:56.786105Z", "fetched_at": "2025-07-15T22:39:32.740006+00:00", "symbol": "BTC-USD"}, {"trade_id": 849976271, "side": "buy", "size": "0.00135381", "price": "117490.17000000", "time": "2025-07-15T22:38:56.758901Z", "fetched_at": "2025-07-15T22:39:32.740006+00:00", "symbol": "BTC-USD"}, {"trade_id": 849976270, "side": "buy", "size": "0.00000706", "price": "117490.17000000", "time": "2025-07-15T22:38:56.758901Z", "fetched_at": "2025-07-15T22:39:32.740006+00:00", "symbol": "BTC-USD"}, {"trade_id": 849976269, "side": "buy", "size": "0.00000238", "price": "117490.17000000", "time": "2025-07-15T22:38:56.758901Z", "fetched_at": "2025-07-15T22:39:32.740006+00:00", "symbol": "BTC-USD"}, {"trade_id": 849976268, "side": "sell", "size": "0.04591670", "price": "117493.42000000", "time": "2025-07-15T22:38:56.665300Z", "fetched_at": "2025-07-15T22:39:32.740006+00:00", "symbol": "BTC-USD"}, {"trade_id": 849976267, "side": "sell", "size": "0.00369710", "price": "117493.33000000", "time": "2025-07-15T22:38:56.665300Z", "fetched_at": "2025-07-15T22:39:32.740006+00:00", "symbol": "BTC-USD"}, {"trade_id": 849976266, "side": "sell", "size": "0.01729000", "price": "117490.39000000", "time": "2025-07-15T22:38:56.665300Z", "fetched_at": "2025-07-15T22:39:32.740006+00:00", "symbol": "BTC-USD"}, {"trade_id": 849976265, "side": "sell", "size": "0.06690380", "price": "117493.42000000", "time": "2025-07-15T22:38:56.650402Z", "fetched_at": "2025-07-15T22:39:32.740006+00:00", "symbol": "BTC-USD"}, {"trade_id": 849976264, "side": "sell", "size": "0.06690380", "price": "117493.34000000", "time": "2025-07-15T22:38:56.638730Z", "fetched_at": "2025-07-15T22:39:32.740006+00:00", "symbol": "BTC-USD"}, {"trade_id": 849976263, "side": "buy", "size": "0.00135083", "price": "117490.17000000", "time": "2025-07-15T22:38:56.631363Z", "fetched_at": "2025-07-15T22:39:32.740006+00:00", "symbol": "BTC-USD"}, {"trade_id": 849976262, "side": "buy", "size": "0.00000280", "price": "117490.17000000", "time": "2025-07-15T22:38:56.631363Z", "fetched_at": "2025-07-15T22:39:32.740006+00:00", "symbol": "BTC-USD"}, {"trade_id": 849976261, "side": "buy", "size": "0.00002595", "price": "117490.17000000", "time": "2025-07-15T22:38:56.631363Z", "fetched_at": "2025-07-15T22:39:32.740006+00:00", "symbol": "BTC-USD"}, {"trade_id": 849976260, "side": "buy", "size": "0.00008085", "price": "117490.17000000", "time": "2025-07-15T22:38:56.631363Z", "fetched_at": "2025-07-15T22:39:32.740006+00:00", "symbol": "BTC-USD"}, {"trade_id": 849976259, "side": "buy", "size": "0.00851124", "price": "117491.66000000", "time": "2025-07-15T22:38:56.627572Z", "fetched_at": "2025-07-15T22:39:32.740006+00:00", "symbol": "BTC-USD"}, {"trade_id": 849976258, "side": "buy", "size": "0.00796200", "price": "117493.41000000", "time": "2025-07-15T22:38:56.627478Z", "fetched_at": "2025-07-15T22:39:32.740006+00:00", "symbol": "BTC-USD"}, {"trade_id": 849976257, "side": "buy", "size": "0.06690380", "price": "117493.42000000", "time": "2025-07-15T22:38:56.627478Z", "fetched_at": "2025-07-15T22:39:32.740006+00:00", "symbol": "BTC-USD"}, {"trade_id": 849976256, "side": "buy", "size": "0.00008766", "price": "117493.42000000", "time": "2025-07-15T22:38:56.627478Z", "fetched_at": "2025-07-15T22:39:32.740006+00:00", "symbol": "BTC-USD"}, {"trade_id": 849976255, "side": "buy", "size": "0.00003333", "price": "117493.43000000", "time": "2025-07-15T22:38:56.627478Z", "fetched_at": "2025-07-15T22:39:32.740006+00:00", "symbol": "BTC-USD"}, {"trade_id": 849976254, "side": "buy", "size": "0.00851111", "price": "117493.43000000", "time": "2025-07-15T22:38:56.627478Z", "fetched_at": "2025-07-15T22:39:32.740006+00:00", "symbol": "BTC-USD"}, {"trade_id": 849976253, "side": "sell", "size": "0.01617839", "price": "117493.55000000", "time": "2025-07-15T22:38:56.135414Z", "fetched_at": "2025-07-15T22:39:32.740006+00:00", "symbol": "BTC-USD"}, {"trade_id": 849976252, "side": "buy", "size": "0.00005204", "price": "117493.42000000", "time": "2025-07-15T22:38:55.768211Z", "fetched_at": "2025-07-15T22:39:32.740006+00:00", "symbol": "BTC-USD"}, {"trade_id": 849976251, "side": "sell", "size": "0.00139854", "price": "117493.84000000", "time": "2025-07-15T22:38:55.190134Z", "fetched_at": "2025-07-15T22:39:32.740006+00:00", "symbol": "BTC-USD"}, {"trade_id": 849976250, "side": "sell", "size": "0.00281400", "price": "117491.93000000", "time": "2025-07-15T22:38:55.190134Z", "fetched_at": "2025-07-15T22:39:32.740006+00:00", "symbol": "BTC-USD"}, {"trade_id": 849976249, "side": "sell", "size": "0.00738000", "price": "117491.94000000", "time": "2025-07-15T22:38:55.049747Z", "fetched_at": "2025-07-15T22:39:32.740006+00:00", "symbol": "BTC-USD"}, {"trade_id": 849976248, "side": "sell", "size": "0.00304165", "price": "117490.18000000", "time": "2025-07-15T22:38:55.049747Z", "fetched_at": "2025-07-15T22:39:32.740006+00:00", "symbol": "BTC-USD"}, {"trade_id": 849976247, "side": "sell", "size": "0.00026235", "price": "117490.18000000", "time": "2025-07-15T22:38:54.899817Z", "fetched_at": "2025-07-15T22:39:32.740006+00:00", "symbol": "BTC-USD"}, {"trade_id": 849976246, "side": "sell", "size": "0.00147012", "price": "117490.18000000", "time": "2025-07-15T22:38:53.994682Z", "fetched_at": "2025-07-15T22:39:32.740006+00:00", "symbol": "BTC-USD"}, {"trade_id": 849976245, "side": "sell", "size": "0.00235802", "price": "117490.18000000", "time": "2025-07-15T22:38:53.994682Z", "fetched_at": "2025-07-15T22:39:32.740006+00:00", "symbol": "BTC-USD"}, {"trade_id": 849976244, "side": "sell", "size": "0.00020678", "price": "117490.18000000", "time": "2025-07-15T22:38:52.944904Z", "fetched_at": "2025-07-15T22:39:32.740006+00:00", "symbol": "BTC-USD"}, {"trade_id": 849976243, "side": "sell", "size": "0.00165410", "price": "117490.18000000", "time": "2025-07-15T22:38:52.415079Z", "fetched_at": "2025-07-15T22:39:32.740006+00:00", "symbol": "BTC-USD"}, {"trade_id": 849976242, "side": "sell", "size": "0.00041353", "price": "117490.18000000", "time": "2025-07-15T22:38:51.029341Z", "fetched_at": "2025-07-15T22:39:32.740006+00:00", "symbol": "BTC-USD"}, {"trade_id": 849976241, "side": "sell", "size": "0.00500683", "price": "117490.18000000", "time": "2025-07-15T22:38:50.054201Z", "fetched_at": "2025-07-15T22:39:32.740006+00:00", "symbol": "BTC-USD"}, {"trade_id": 849976240, "side": "sell", "size": "0.00043316", "price": "117490.18000000", "time": "2025-07-15T22:38:49.761729Z", "fetched_at": "2025-07-15T22:39:32.740006+00:00", "symbol": "BTC-USD"}, {"trade_id": 849976239, "side": "sell", "size": "0.00413561", "price": "117490.18000000", "time": "2025-07-15T22:38:49.749909Z", "fetched_at": "2025-07-15T22:39:32.740006+00:00", "symbol": "BTC-USD"}, {"trade_id": 849976238, "side": "sell", "size": "0.00826994", "price": "117490.18000000", "time": "2025-07-15T22:38:49.385815Z", "fetched_at": "2025-07-15T22:39:32.740006+00:00", "symbol": "BTC-USD"}, {"trade_id": 849976237, "side": "sell", "size": "0.00041756", "price": "117490.18000000", "time": "2025-07-15T22:38:48.918335Z", "fetched_at": "2025-07-15T22:39:32.740006+00:00", "symbol": "BTC-USD"}, {"trade_id": 849976236, "side": "sell", "size": "0.00047634", "price": "117490.18000000", "time": "2025-07-15T22:38:48.834397Z", "fetched_at": "2025-07-15T22:39:32.740006+00:00", "symbol": "BTC-USD"}, {"trade_id": 849976235, "side": "sell", "size": "0.00179203", "price": "117490.18000000", "time": "2025-07-15T22:38:48.367959Z", "fetched_at": "2025-07-15T22:39:32.740006+00:00", "symbol": "BTC-USD"}, {"trade_id": 849976234, "side": "sell", "size": "0.00020181", "price": "117490.18000000", "time": "2025-07-15T22:38:48.220849Z", "fetched_at": "2025-07-15T22:39:32.740006+00:00", "symbol": "BTC-USD"}, {"trade_id": 849976233, "side": "sell", "size": "0.00016007", "price": "117490.18000000", "time": "2025-07-15T22:38:48.211885Z", "fetched_at": "2025-07-15T22:39:32.740006+00:00", "symbol": "BTC-USD"}, {"trade_id": 849976232, "side": "sell", "size": "0.00048438", "price": "117490.18000000", "time": "2025-07-15T22:38:48.069721Z", "fetched_at": "2025-07-15T22:39:32.740006+00:00", "symbol": "BTC-USD"}, {"trade_id": 849976231, "side": "buy", "size": "0.00225604", "price": "117490.17000000", "time": "2025-07-15T22:38:47.398210Z", "fetched_at": "2025-07-15T22:39:32.740006+00:00", "symbol": "BTC-USD"}, {"trade_id": 849976230, "side": "buy", "size": "0.00001072", "price": "117490.17000000", "time": "2025-07-15T22:38:47.398210Z", "fetched_at": "2025-07-15T22:39:32.740006+00:00", "symbol": "BTC-USD"}, {"trade_id": 849976229, "side": "buy", "size": "0.00165241", "price": "117490.17000000", "time": "2025-07-15T22:38:47.398210Z", "fetched_at": "2025-07-15T22:39:32.740006+00:00", "symbol": "BTC-USD"}, {"trade_id": 849976228, "side": "buy", "size": "0.00014612", "price": "117490.17000000", "time": "2025-07-15T22:38:47.243381Z", "fetched_at": "2025-07-15T22:39:32.740006+00:00", "symbol": "BTC-USD"}, {"trade_id": 849976227, "side": "sell", "size": "0.00000232", "price": "117490.18000000", "time": "2025-07-15T22:38:47.209927Z", "fetched_at": "2025-07-15T22:39:32.740006+00:00", "symbol": "BTC-USD"}, {"trade_id": 849976226, "side": "sell", "size": "0.00008425", "price": "117490.18000000", "time": "2025-07-15T22:38:47.063472Z", "fetched_at": "2025-07-15T22:39:32.740006+00:00", "symbol": "BTC-USD"}, {"trade_id": 849976225, "side": "sell", "size": "0.00486671", "price": "117490.18000000", "time": "2025-07-15T22:38:47.053599Z", "fetched_at": "2025-07-15T22:39:32.740006+00:00", "symbol": "BTC-USD"}, {"trade_id": 849976224, "side": "sell", "size": "0.00001288", "price": "117490.18000000", "time": "2025-07-15T22:38:47.053599Z", "fetched_at": "2025-07-15T22:39:32.740006+00:00", "symbol": "BTC-USD"}, {"trade_id": 849976223, "side": "sell", "size": "0.00318360", "price": "117490.18000000", "time": "2025-07-15T22:38:47.053599Z", "fetched_at": "2025-07-15T22:39:32.740006+00:00", "symbol": "BTC-USD"}, {"trade_id": 849976222, "side": "buy", "size": "0.06547695", "price": "117490.17000000", "time": "2025-07-15T22:38:46.603339Z", "fetched_at": "2025-07-15T22:39:32.740006+00:00", "symbol": "BTC-USD"}, {"trade_id": 849976221, "side": "sell", "size": "0.00001288", "price": "117490.17000000", "time": "2025-07-15T22:38:46.597635Z", "fetched_at": "2025-07-15T22:39:32.740006+00:00", "symbol": "BTC-USD"}, {"trade_id": 849976220, "side": "sell", "size": "0.00308161", "price": "117493.71000000", "time": "2025-07-15T22:38:46.588876Z", "fetched_at": "2025-07-15T22:39:32.740006+00:00", "symbol": "BTC-USD"}, {"trade_id": 849976219, "side": "sell", "size": "0.00283360", "price": "117490.18000000", "time": "2025-07-15T22:38:46.588876Z", "fetched_at": "2025-07-15T22:39:32.740006+00:00", "symbol": "BTC-USD"}, {"trade_id": 849976218, "side": "sell", "size": "0.00001279", "price": "117490.18000000", "time": "2025-07-15T22:38:46.588876Z", "fetched_at": "2025-07-15T22:39:32.740006+00:00", "symbol": "BTC-USD"}, {"trade_id": 849976217, "side": "buy", "size": "0.00851144", "price": "117488.88000000", "time": "2025-07-15T22:38:46.586744Z", "fetched_at": "2025-07-15T22:39:32.740006+00:00", "symbol": "BTC-USD"}, {"trade_id": 849976216, "side": "buy", "size": "0.00339468", "price": "117489.41000000", "time": "2025-07-15T22:38:46.586559Z", "fetched_at": "2025-07-15T22:39:32.740006+00:00", "symbol": "BTC-USD"}, {"trade_id": 849976215, "side": "buy", "size": "0.00015082", "price": "117490.08000000", "time": "2025-07-15T22:38:46.586559Z", "fetched_at": "2025-07-15T22:39:32.740006+00:00", "symbol": "BTC-USD"}, {"trade_id": 849976214, "side": "buy", "size": "0.00001000", "price": "117490.16000000", "time": "2025-07-15T22:38:46.586559Z", "fetched_at": "2025-07-15T22:39:32.740006+00:00", "symbol": "BTC-USD"}, {"trade_id": 849976213, "side": "buy", "size": "0.06690380", "price": "117490.17000000", "time": "2025-07-15T22:38:46.586559Z", "fetched_at": "2025-07-15T22:39:32.740006+00:00", "symbol": "BTC-USD"}, {"trade_id": 849976212, "side": "sell", "size": "0.05934636", "price": "117499.99000000", "time": "2025-07-15T22:38:46.427629Z", "fetched_at": "2025-07-15T22:39:32.740006+00:00", "symbol": "BTC-USD"}, {"trade_id": 849976211, "side": "sell", "size": "0.00424332", "price": "117499.98000000", "time": "2025-07-15T22:38:46.427629Z", "fetched_at": "2025-07-15T22:39:32.740006+00:00", "symbol": "BTC-USD"}, {"trade_id": 849976210, "side": "sell", "size": "0.00330400", "price": "117498.95000000", "time": "2025-07-15T22:38:46.427629Z", "fetched_at": "2025-07-15T22:39:32.740006+00:00", "symbol": "BTC-USD"}, {"trade_id": 849976209, "side": "sell", "size": "0.00001012", "price": "117493.78000000", "time": "2025-07-15T22:38:46.427629Z", "fetched_at": "2025-07-15T22:39:32.740006+00:00", "symbol": "BTC-USD"}, {"trade_id": 849976208, "side": "sell", "size": "0.06689368", "price": "117499.98000000", "time": "2025-07-15T22:38:46.416880Z", "fetched_at": "2025-07-15T22:39:32.740006+00:00", "symbol": "BTC-USD"}, {"trade_id": 849976207, "side": "sell", "size": "0.00001012", "price": "117493.78000000", "time": "2025-07-15T22:38:46.416880Z", "fetched_at": "2025-07-15T22:39:32.740006+00:00", "symbol": "BTC-USD"}, {"trade_id": 849976206, "side": "sell", "size": "0.06463860", "price": "117499.98000000", "time": "2025-07-15T22:38:46.405892Z", "fetched_at": "2025-07-15T22:39:32.740006+00:00", "symbol": "BTC-USD"}, {"trade_id": 849976205, "side": "sell", "size": "0.00226520", "price": "117498.95000000", "time": "2025-07-15T22:38:46.405892Z", "fetched_at": "2025-07-15T22:39:32.740006+00:00", "symbol": "BTC-USD"}, {"trade_id": 849976204, "side": "sell", "size": "0.06689368", "price": "117499.98000000", "time": "2025-07-15T22:38:46.394822Z", "fetched_at": "2025-07-15T22:39:32.740006+00:00", "symbol": "BTC-USD"}, {"trade_id": 849976203, "side": "sell", "size": "0.00001012", "price": "117499.97000000", "time": "2025-07-15T22:38:46.394822Z", "fetched_at": "2025-07-15T22:39:32.740006+00:00", "symbol": "BTC-USD"}, {"trade_id": 849976202, "side": "buy", "size": "0.01741667", "price": "117493.73000000", "time": "2025-07-15T22:38:46.392937Z", "fetched_at": "2025-07-15T22:39:32.740006+00:00", "symbol": "BTC-USD"}, {"trade_id": 849976201, "side": "buy", "size": "0.00802657", "price": "117493.75000000", "time": "2025-07-15T22:38:46.392937Z", "fetched_at": "2025-07-15T22:39:32.740006+00:00", "symbol": "BTC-USD"}, {"trade_id": 849976200, "side": "buy", "size": "0.00009362", "price": "117493.76000000", "time": "2025-07-15T22:38:46.392937Z", "fetched_at": "2025-07-15T22:39:32.740006+00:00", "symbol": "BTC-USD"}, {"trade_id": 849976199, "side": "sell", "size": "0.06462848", "price": "117499.98000000", "time": "2025-07-15T22:38:46.382546Z", "fetched_at": "2025-07-15T22:39:32.740006+00:00", "symbol": "BTC-USD"}, {"trade_id": 849976198, "side": "sell", "size": "0.00001012", "price": "117498.96000000", "time": "2025-07-15T22:38:46.382546Z", "fetched_at": "2025-07-15T22:39:32.740006+00:00", "symbol": "BTC-USD"}, {"trade_id": 849976197, "side": "sell", "size": "0.00226520", "price": "117498.23000000", "time": "2025-07-15T22:38:46.382546Z", "fetched_at": "2025-07-15T22:39:32.740006+00:00", "symbol": "BTC-USD"}, {"trade_id": 849976196, "side": "sell", "size": "0.02690380", "price": "117499.99000000", "time": "2025-07-15T22:38:46.370885Z", "fetched_at": "2025-07-15T22:39:32.740006+00:00", "symbol": "BTC-USD"}, {"trade_id": 849976195, "side": "sell", "size": "0.04000000", "price": "117498.24000000", "time": "2025-07-15T22:38:46.370885Z", "fetched_at": "2025-07-15T22:39:32.740006+00:00", "symbol": "BTC-USD"}, {"trade_id": 849976194, "side": "buy", "size": "0.00851083", "price": "117497.33000000", "time": "2025-07-15T22:38:46.360766Z", "fetched_at": "2025-07-15T22:39:32.740006+00:00", "symbol": "BTC-USD"}, {"trade_id": 849976193, "side": "buy", "size": "0.00851077", "price": "117498.23000000", "time": "2025-07-15T22:38:46.360766Z", "fetched_at": "2025-07-15T22:39:32.740006+00:00", "symbol": "BTC-USD"}, {"trade_id": 849976192, "side": "buy", "size": "0.00005974", "price": "117498.96000000", "time": "2025-07-15T22:38:46.360318Z", "fetched_at": "2025-07-15T22:39:32.740006+00:00", "symbol": "BTC-USD"}, {"trade_id": 849976191, "side": "buy", "size": "0.00002119", "price": "117498.96000000", "time": "2025-07-15T22:38:46.360318Z", "fetched_at": "2025-07-15T22:39:32.740006+00:00", "symbol": "BTC-USD"}, {"trade_id": 849976190, "side": "buy", "size": "0.00802657", "price": "117499.93000000", "time": "2025-07-15T22:38:46.359740Z", "fetched_at": "2025-07-15T22:39:32.740006+00:00", "symbol": "BTC-USD"}, {"trade_id": 849976189, "side": "buy", "size": "0.00016000", "price": "117499.99000000", "time": "2025-07-15T22:38:46.359740Z", "fetched_at": "2025-07-15T22:39:32.740006+00:00", "symbol": "BTC-USD"}, {"trade_id": 849976188, "side": "buy", "size": "0.00878500", "price": "117499.99000000", "time": "2025-07-15T22:38:46.359740Z", "fetched_at": "2025-07-15T22:39:32.740006+00:00", "symbol": "BTC-USD"}, {"trade_id": 849976187, "side": "buy", "size": "0.00016136", "price": "117499.99000000", "time": "2025-07-15T22:38:46.359740Z", "fetched_at": "2025-07-15T22:39:32.740006+00:00", "symbol": "BTC-USD"}, {"trade_id": 849976186, "side": "buy", "size": "0.00537497", "price": "117499.99000000", "time": "2025-07-15T22:38:46.359740Z", "fetched_at": "2025-07-15T22:39:32.740006+00:00", "symbol": "BTC-USD"}, {"trade_id": 849976185, "side": "buy", "size": "0.06690380", "price": "117500.00000000", "time": "2025-07-15T22:38:46.359740Z", "fetched_at": "2025-07-15T22:39:32.740006+00:00", "symbol": "BTC-USD"}, {"trade_id": 849976184, "side": "buy", "size": "0.00004919", "price": "117500.00000000", "time": "2025-07-15T22:38:46.359740Z", "fetched_at": "2025-07-15T22:39:32.740006+00:00", "symbol": "BTC-USD"}, {"trade_id": 849976183, "side": "buy", "size": "0.00359412", "price": "117500.00000000", "time": "2025-07-15T22:38:46.359740Z", "fetched_at": "2025-07-15T22:39:32.740006+00:00", "symbol": "BTC-USD"}, {"trade_id": 849976182, "side": "buy", "size": "0.00075600", "price": "117500.00000000", "time": "2025-07-15T22:38:46.359740Z", "fetched_at": "2025-07-15T22:39:32.740006+00:00", "symbol": "BTC-USD"}, {"trade_id": 849976181, "side": "buy", "size": "0.00222200", "price": "117500.00000000", "time": "2025-07-15T22:38:46.359740Z", "fetched_at": "2025-07-15T22:39:32.740006+00:00", "symbol": "BTC-USD"}, {"trade_id": 849976180, "side": "buy", "size": "0.02406668", "price": "117500.00000000", "time": "2025-07-15T22:38:46.106167Z", "fetched_at": "2025-07-15T22:39:32.740006+00:00", "symbol": "BTC-USD"}, {"trade_id": 849976179, "side": "sell", "size": "0.00042519", "price": "117500.01000000", "time": "2025-07-15T22:38:45.509938Z", "fetched_at": "2025-07-15T22:39:32.740006+00:00", "symbol": "BTC-USD"}, {"trade_id": 849976178, "side": "sell", "size": "0.00000991", "price": "117500.01000000", "time": "2025-07-15T22:38:43.775748Z", "fetched_at": "2025-07-15T22:39:32.740006+00:00", "symbol": "BTC-USD"}, {"trade_id": 849976177, "side": "sell", "size": "0.01132530", "price": "117506.31000000", "time": "2025-07-15T22:38:43.431135Z", "fetched_at": "2025-07-15T22:39:32.740006+00:00", "symbol": "BTC-USD"}, {"trade_id": 849976176, "side": "sell", "size": "0.01310610", "price": "117506.31000000", "time": "2025-07-15T22:38:43.431135Z", "fetched_at": "2025-07-15T22:39:32.740006+00:00", "symbol": "BTC-USD"}, {"trade_id": 849976175, "side": "sell", "size": "0.04000000", "price": "117506.00000000", "time": "2025-07-15T22:38:43.431135Z", "fetched_at": "2025-07-15T22:39:32.740006+00:00", "symbol": "BTC-USD"}, {"trade_id": 849976174, "side": "sell", "size": "0.00247240", "price": "117506.00000000", "time": "2025-07-15T22:38:43.431135Z", "fetched_at": "2025-07-15T22:39:32.740006+00:00", "symbol": "BTC-USD"}, {"trade_id": 849976173, "side": "sell", "size": "0.02689390", "price": "117506.31000000", "time": "2025-07-15T22:38:43.419708Z", "fetched_at": "2025-07-15T22:39:32.740006+00:00", "symbol": "BTC-USD"}, {"trade_id": 849976172, "side": "sell", "size": "0.04000000", "price": "117506.00000000", "time": "2025-07-15T22:38:43.419708Z", "fetched_at": "2025-07-15T22:39:32.740006+00:00", "symbol": "BTC-USD"}, {"trade_id": 849976171, "side": "sell", "size": "0.00000990", "price": "117505.38000000", "time": "2025-07-15T22:38:43.419708Z", "fetched_at": "2025-07-15T22:39:32.740006+00:00", "symbol": "BTC-USD"}, {"trade_id": 849976170, "side": "buy", "size": "0.00851031", "price": "117504.55000000", "time": "2025-07-15T22:38:43.410366Z", "fetched_at": "2025-07-15T22:39:32.740006+00:00", "symbol": "BTC-USD"}, {"trade_id": 849976169, "side": "buy", "size": "0.00851029", "price": "117504.69000000", "time": "2025-07-15T22:38:43.410366Z", "fetched_at": "2025-07-15T22:39:32.740006+00:00", "symbol": "BTC-USD"}, {"trade_id": 849976168, "side": "buy", "size": "0.04013284", "price": "117505.37000000", "time": "2025-07-15T22:38:43.410366Z", "fetched_at": "2025-07-15T22:39:32.740006+00:00", "symbol": "BTC-USD"}, {"trade_id": 849976167, "side": "buy", "size": "0.00042500", "price": "117506.29000000", "time": "2025-07-15T22:38:43.408498Z", "fetched_at": "2025-07-15T22:39:32.740006+00:00", "symbol": "BTC-USD"}, {"trade_id": 849976166, "side": "buy", "size": "0.00004918", "price": "117506.30000000", "time": "2025-07-15T22:38:43.408498Z", "fetched_at": "2025-07-15T22:39:32.740006+00:00", "symbol": "BTC-USD"}, {"trade_id": 849976165, "side": "buy", "size": "0.06690380", "price": "117506.31000000", "time": "2025-07-15T22:38:43.408498Z", "fetched_at": "2025-07-15T22:39:32.740006+00:00", "symbol": "BTC-USD"}, {"trade_id": 849976164, "side": "sell", "size": "0.00206763", "price": "117506.32000000", "time": "2025-07-15T22:38:43.339309Z", "fetched_at": "2025-07-15T22:39:32.740006+00:00", "symbol": "BTC-USD"}, {"trade_id": 849976163, "side": "sell", "size": "0.00800000", "price": "117506.32000000", "time": "2025-07-15T22:38:43.122752Z", "fetched_at": "2025-07-15T22:39:32.740006+00:00", "symbol": "BTC-USD"}, {"trade_id": 849976162, "side": "sell", "size": "0.00563696", "price": "117506.32000000", "time": "2025-07-15T22:38:42.051539Z", "fetched_at": "2025-07-15T22:39:32.740006+00:00", "symbol": "BTC-USD"}, {"trade_id": 849976161, "side": "sell", "size": "0.00271320", "price": "117506.32000000", "time": "2025-07-15T22:38:42.051539Z", "fetched_at": "2025-07-15T22:39:32.740006+00:00", "symbol": "BTC-USD"}, {"trade_id": 849976160, "side": "sell", "size": "0.00000976", "price": "117506.32000000", "time": "2025-07-15T22:38:42.051539Z", "fetched_at": "2025-07-15T22:39:32.740006+00:00", "symbol": "BTC-USD"}, {"trade_id": 849976159, "side": "buy", "size": "0.00000016", "price": "117506.30000000", "time": "2025-07-15T22:38:40.641316Z", "fetched_at": "2025-07-15T22:39:32.740006+00:00", "symbol": "BTC-USD"}, {"trade_id": 849976158, "side": "buy", "size": "0.02050248", "price": "117506.66000000", "time": "2025-07-15T22:38:40.080658Z", "fetched_at": "2025-07-15T22:39:32.740006+00:00", "symbol": "BTC-USD"}, {"trade_id": 849976157, "side": "sell", "size": "0.00088811", "price": "117507.99000000", "time": "2025-07-15T22:38:39.975195Z", "fetched_at": "2025-07-15T22:39:32.740006+00:00", "symbol": "BTC-USD"}, {"trade_id": 849976156, "side": "sell", "size": "0.00851051", "price": "117501.76000000", "time": "2025-07-15T22:38:38.149762Z", "fetched_at": "2025-07-15T22:39:32.740006+00:00", "symbol": "BTC-USD"}, {"trade_id": 849976155, "side": "sell", "size": "0.00001033", "price": "117500.00000000", "time": "2025-07-15T22:38:38.143425Z", "fetched_at": "2025-07-15T22:39:32.740006+00:00", "symbol": "BTC-USD"}, {"trade_id": 849976154, "side": "sell", "size": "0.00000425", "price": "117500.00000000", "time": "2025-07-15T22:38:38.143425Z", "fetched_at": "2025-07-15T22:39:32.740006+00:00", "symbol": "BTC-USD"}, {"trade_id": 849976153, "side": "sell", "size": "0.00000997", "price": "117500.00000000", "time": "2025-07-15T22:38:38.143425Z", "fetched_at": "2025-07-15T22:39:32.740006+00:00", "symbol": "BTC-USD"}, {"trade_id": 849976152, "side": "sell", "size": "0.00000331", "price": "117500.00000000", "time": "2025-07-15T22:38:38.141673Z", "fetched_at": "2025-07-15T22:39:32.740006+00:00", "symbol": "BTC-USD"}, {"trade_id": 849976151, "side": "sell", "size": "0.00020257", "price": "117500.00000000", "time": "2025-07-15T22:38:38.141673Z", "fetched_at": "2025-07-15T22:39:32.740006+00:00", "symbol": "BTC-USD"}, {"trade_id": 849976150, "side": "sell", "size": "0.00005497", "price": "117500.00000000", "time": "2025-07-15T22:38:38.141673Z", "fetched_at": "2025-07-15T22:39:32.740006+00:00", "symbol": "BTC-USD"}, {"trade_id": 849976149, "side": "sell", "size": "0.04242915", "price": "117500.00000000", "time": "2025-07-15T22:38:38.141673Z", "fetched_at": "2025-07-15T22:39:32.740006+00:00", "symbol": "BTC-USD"}, {"trade_id": 849976148, "side": "sell", "size": "0.00012404", "price": "117500.00000000", "time": "2025-07-15T22:38:37.942092Z", "fetched_at": "2025-07-15T22:39:32.740006+00:00", "symbol": "BTC-USD"}, {"trade_id": 849976147, "side": "buy", "size": "0.00011639", "price": "117499.99000000", "time": "2025-07-15T22:38:36.821043Z", "fetched_at": "2025-07-15T22:39:32.740006+00:00", "symbol": "BTC-USD"}, {"trade_id": 849976146, "side": "sell", "size": "0.04858679", "price": "117499.00000000", "time": "2025-07-15T22:38:35.108005Z", "fetched_at": "2025-07-15T22:39:32.740006+00:00", "symbol": "BTC-USD"}, {"trade_id": 849976145, "side": "sell", "size": "0.00001000", "price": "117498.97000000", "time": "2025-07-15T22:38:35.108005Z", "fetched_at": "2025-07-15T22:39:32.740006+00:00", "symbol": "BTC-USD"}, {"trade_id": 849976144, "side": "sell", "size": "0.00000664", "price": "117490.09000000", "time": "2025-07-15T22:38:34.868041Z", "fetched_at": "2025-07-15T22:39:32.740006+00:00", "symbol": "BTC-USD"}, {"trade_id": 849976143, "side": "sell", "size": "0.00000212", "price": "117490.09000000", "time": "2025-07-15T22:38:34.868041Z", "fetched_at": "2025-07-15T22:39:32.740006+00:00", "symbol": "BTC-USD"}, {"trade_id": 849976142, "side": "sell", "size": "0.00001034", "price": "117490.09000000", "time": "2025-07-15T22:38:34.868041Z", "fetched_at": "2025-07-15T22:39:32.740006+00:00", "symbol": "BTC-USD"}, {"trade_id": 849976141, "side": "sell", "size": "0.00020255", "price": "117490.09000000", "time": "2025-07-15T22:38:34.868041Z", "fetched_at": "2025-07-15T22:39:32.740006+00:00", "symbol": "BTC-USD"}, {"trade_id": 849976140, "side": "sell", "size": "0.00268233", "price": "117490.09000000", "time": "2025-07-15T22:38:34.868041Z", "fetched_at": "2025-07-15T22:39:32.740006+00:00", "symbol": "BTC-USD"}, {"trade_id": 849976139, "side": "sell", "size": "0.00316609", "price": "117490.09000000", "time": "2025-07-15T22:38:34.863984Z", "fetched_at": "2025-07-15T22:39:32.740006+00:00", "symbol": "BTC-USD"}, {"trade_id": 849976138, "side": "sell", "size": "0.00330489", "price": "117490.09000000", "time": "2025-07-15T22:38:34.860186Z", "fetched_at": "2025-07-15T22:39:32.740006+00:00", "symbol": "BTC-USD"}, {"trade_id": 849976137, "side": "sell", "size": "0.00304840", "price": "117490.09000000", "time": "2025-07-15T22:38:34.856410Z", "fetched_at": "2025-07-15T22:39:32.740006+00:00", "symbol": "BTC-USD"}, {"trade_id": 849976136, "side": "sell", "size": "0.00311203", "price": "117490.09000000", "time": "2025-07-15T22:38:34.852740Z", "fetched_at": "2025-07-15T22:39:32.740006+00:00", "symbol": "BTC-USD"}, {"trade_id": 849976135, "side": "sell", "size": "0.00343498", "price": "117490.09000000", "time": "2025-07-15T22:38:34.849159Z", "fetched_at": "2025-07-15T22:39:32.740006+00:00", "symbol": "BTC-USD"}, {"trade_id": 849976134, "side": "sell", "size": "0.00340725", "price": "117490.09000000", "time": "2025-07-15T22:38:34.845145Z", "fetched_at": "2025-07-15T22:39:32.740006+00:00", "symbol": "BTC-USD"}, {"trade_id": 849976133, "side": "sell", "size": "0.00311580", "price": "117490.09000000", "time": "2025-07-15T22:38:34.841377Z", "fetched_at": "2025-07-15T22:39:32.740006+00:00", "symbol": "BTC-USD"}, {"trade_id": 849976132, "side": "sell", "size": "0.00894173", "price": "117490.09000000", "time": "2025-07-15T22:38:34.837577Z", "fetched_at": "2025-07-15T22:39:32.740006+00:00", "symbol": "BTC-USD"}, {"trade_id": 849976131, "side": "sell", "size": "0.00439410", "price": "117490.09000000", "time": "2025-07-15T22:38:34.826874Z", "fetched_at": "2025-07-15T22:39:32.740006+00:00", "symbol": "BTC-USD"}, {"trade_id": 849976130, "side": "sell", "size": "0.00317572", "price": "117490.09000000", "time": "2025-07-15T22:38:34.822996Z", "fetched_at": "2025-07-15T22:39:32.740006+00:00", "symbol": "BTC-USD"}, {"trade_id": 849976129, "side": "sell", "size": "0.00431199", "price": "117490.09000000", "time": "2025-07-15T22:38:34.818561Z", "fetched_at": "2025-07-15T22:39:32.740006+00:00", "symbol": "BTC-USD"}, {"trade_id": 849976128, "side": "sell", "size": "0.00364469", "price": "117490.09000000", "time": "2025-07-15T22:38:34.813273Z", "fetched_at": "2025-07-15T22:39:32.740006+00:00", "symbol": "BTC-USD"}, {"trade_id": 849976127, "side": "sell", "size": "0.00418543", "price": "117490.09000000", "time": "2025-07-15T22:38:34.808989Z", "fetched_at": "2025-07-15T22:39:32.740006+00:00", "symbol": "BTC-USD"}, {"trade_id": 849976126, "side": "sell", "size": "0.02982861", "price": "117490.09000000", "time": "2025-07-15T22:38:34.804908Z", "fetched_at": "2025-07-15T22:39:32.740006+00:00", "symbol": "BTC-USD"}, {"trade_id": 849976125, "side": "sell", "size": "0.01381644", "price": "117490.09000000", "time": "2025-07-15T22:38:34.799909Z", "fetched_at": "2025-07-15T22:39:32.740006+00:00", "symbol": "BTC-USD"}, {"trade_id": 849976124, "side": "sell", "size": "0.00888707", "price": "117490.09000000", "time": "2025-07-15T22:38:34.768421Z", "fetched_at": "2025-07-15T22:39:32.740006+00:00", "symbol": "BTC-USD"}, {"trade_id": 849976123, "side": "sell", "size": "0.03064569", "price": "117490.09000000", "time": "2025-07-15T22:38:34.757920Z", "fetched_at": "2025-07-15T22:39:32.740006+00:00", "symbol": "BTC-USD"}, {"trade_id": 849976122, "side": "sell", "size": "0.05454735", "price": "117490.09000000", "time": "2025-07-15T22:38:34.752106Z", "fetched_at": "2025-07-15T22:39:32.740006+00:00", "symbol": "BTC-USD"}, {"trade_id": 849976121, "side": "sell", "size": "0.00271560", "price": "117490.09000000", "time": "2025-07-15T22:38:34.748602Z", "fetched_at": "2025-07-15T22:39:32.740006+00:00", "symbol": "BTC-USD"}, {"trade_id": 849976120, "side": "sell", "size": "0.05729903", "price": "117490.09000000", "time": "2025-07-15T22:38:34.745483Z", "fetched_at": "2025-07-15T22:39:32.740006+00:00", "symbol": "BTC-USD"}, {"trade_id": 849976119, "side": "sell", "size": "0.03312181", "price": "117490.09000000", "time": "2025-07-15T22:38:34.744179Z", "fetched_at": "2025-07-15T22:39:32.740006+00:00", "symbol": "BTC-USD"}, {"trade_id": 849976118, "side": "sell", "size": "0.08876893", "price": "117490.09000000", "time": "2025-07-15T22:38:34.739417Z", "fetched_at": "2025-07-15T22:39:32.740006+00:00", "symbol": "BTC-USD"}, {"trade_id": 849976117, "side": "sell", "size": "0.00161496", "price": "117490.09000000", "time": "2025-07-15T22:38:34.435217Z", "fetched_at": "2025-07-15T22:39:32.740006+00:00", "symbol": "BTC-USD"}, {"trade_id": 849976116, "side": "sell", "size": "0.00849007", "price": "117490.09000000", "time": "2025-07-15T22:38:34.248983Z", "fetched_at": "2025-07-15T22:39:32.740006+00:00", "symbol": "BTC-USD"}, {"trade_id": 849976115, "side": "sell", "size": "0.01364740", "price": "117490.09000000", "time": "2025-07-15T22:38:33.984874Z", "fetched_at": "2025-07-15T22:39:32.740006+00:00", "symbol": "BTC-USD"}, {"trade_id": 849976114, "side": "buy", "size": "0.00263034", "price": "117490.08000000", "time": "2025-07-15T22:38:33.910606Z", "fetched_at": "2025-07-15T22:39:32.740006+00:00", "symbol": "BTC-USD"}, {"trade_id": 849976113, "side": "buy", "size": "0.00002203", "price": "117490.08000000", "time": "2025-07-15T22:38:33.910606Z", "fetched_at": "2025-07-15T22:39:32.740006+00:00", "symbol": "BTC-USD"}, {"trade_id": 849976112, "side": "sell", "size": "0.00086386", "price": "117490.09000000", "time": "2025-07-15T22:38:33.079112Z", "fetched_at": "2025-07-15T22:39:32.740006+00:00", "symbol": "BTC-USD"}, {"trade_id": 849976111, "side": "sell", "size": "0.00082775", "price": "117490.09000000", "time": "2025-07-15T22:38:31.459149Z", "fetched_at": "2025-07-15T22:39:32.740006+00:00", "symbol": "BTC-USD"}, {"trade_id": 849976110, "side": "sell", "size": "0.00100000", "price": "117490.09000000", "time": "2025-07-15T22:38:31.223697Z", "fetched_at": "2025-07-15T22:39:32.740006+00:00", "symbol": "BTC-USD"}, {"trade_id": 849976109, "side": "sell", "size": "0.00016146", "price": "117490.09000000", "time": "2025-07-15T22:38:31.031058Z", "fetched_at": "2025-07-15T22:39:32.740006+00:00", "symbol": "BTC-USD"}, {"trade_id": 849976108, "side": "sell", "size": "0.08447989", "price": "117490.09000000", "time": "2025-07-15T22:38:30.012978Z", "fetched_at": "2025-07-15T22:39:32.740006+00:00", "symbol": "BTC-USD"}, {"trade_id": 849976107, "side": "sell", "size": "0.00044283", "price": "117490.09000000", "time": "2025-07-15T22:38:29.879039Z", "fetched_at": "2025-07-15T22:39:32.740006+00:00", "symbol": "BTC-USD"}, {"trade_id": 849976106, "side": "buy", "size": "0.00002554", "price": "117490.08000000", "time": "2025-07-15T22:38:29.742605Z", "fetched_at": "2025-07-15T22:39:32.740006+00:00", "symbol": "BTC-USD"}, {"trade_id": 849976105, "side": "buy", "size": "0.00166986", "price": "117490.08000000", "time": "2025-07-15T22:38:29.618035Z", "fetched_at": "2025-07-15T22:39:32.740006+00:00", "symbol": "BTC-USD"}, {"trade_id": 849976104, "side": "buy", "size": "0.01702335", "price": "117490.08000000", "time": "2025-07-15T22:38:29.597009Z", "fetched_at": "2025-07-15T22:39:32.740006+00:00", "symbol": "BTC-USD"}, {"trade_id": 849976103, "side": "sell", "size": "0.00001762", "price": "117490.09000000", "time": "2025-07-15T22:38:29.496219Z", "fetched_at": "2025-07-15T22:39:32.740006+00:00", "symbol": "BTC-USD"}, {"trade_id": 849976102, "side": "sell", "size": "0.00021953", "price": "117490.09000000", "time": "2025-07-15T22:38:29.245470Z", "fetched_at": "2025-07-15T22:39:32.740006+00:00", "symbol": "BTC-USD"}, {"trade_id": 849976101, "side": "buy", "size": "0.00123023", "price": "117490.08000000", "time": "2025-07-15T22:38:29.075034Z", "fetched_at": "2025-07-15T22:39:32.740006+00:00", "symbol": "BTC-USD"}, {"trade_id": 849976100, "side": "buy", "size": "0.00042557", "price": "117490.08000000", "time": "2025-07-15T22:38:29.042461Z", "fetched_at": "2025-07-15T22:39:32.740006+00:00", "symbol": "BTC-USD"}, {"trade_id": 849976099, "side": "sell", "size": "0.00082731", "price": "117490.09000000", "time": "2025-07-15T22:38:29.025764Z", "fetched_at": "2025-07-15T22:39:32.740006+00:00", "symbol": "BTC-USD"}, {"trade_id": 849976098, "side": "sell", "size": "0.00003071", "price": "117490.09000000", "time": "2025-07-15T22:38:28.970360Z", "fetched_at": "2025-07-15T22:39:32.740006+00:00", "symbol": "BTC-USD"}, {"trade_id": 849976097, "side": "buy", "size": "0.00119408", "price": "117490.08000000", "time": "2025-07-15T22:38:28.958849Z", "fetched_at": "2025-07-15T22:39:32.740006+00:00", "symbol": "BTC-USD"}, {"trade_id": 849976096, "side": "buy", "size": "0.00735046", "price": "117490.08000000", "time": "2025-07-15T22:38:28.958849Z", "fetched_at": "2025-07-15T22:39:32.740006+00:00", "symbol": "BTC-USD"}, {"trade_id": 849976095, "side": "buy", "size": "0.00116154", "price": "117490.08000000", "time": "2025-07-15T22:38:28.898447Z", "fetched_at": "2025-07-15T22:39:32.740006+00:00", "symbol": "BTC-USD"}, {"trade_id": 849976094, "side": "sell", "size": "0.00052882", "price": "117490.09000000", "time": "2025-07-15T22:38:28.481626Z", "fetched_at": "2025-07-15T22:39:32.740006+00:00", "symbol": "BTC-USD"}, {"trade_id": 849976093, "side": "sell", "size": "0.00252812", "price": "117490.09000000", "time": "2025-07-15T22:38:27.569610Z", "fetched_at": "2025-07-15T22:39:32.740006+00:00", "symbol": "BTC-USD"}, {"trade_id": 849976092, "side": "sell", "size": "0.00290751", "price": "117490.09000000", "time": "2025-07-15T22:38:27.364817Z", "fetched_at": "2025-07-15T22:39:32.740006+00:00", "symbol": "BTC-USD"}, {"trade_id": 849976091, "side": "sell", "size": "0.00000425", "price": "117489.83000000", "time": "2025-07-15T22:38:27.364817Z", "fetched_at": "2025-07-15T22:39:32.740006+00:00", "symbol": "BTC-USD"}, {"trade_id": 849976090, "side": "sell", "size": "0.00001328", "price": "117489.83000000", "time": "2025-07-15T22:38:27.364817Z", "fetched_at": "2025-07-15T22:39:32.740006+00:00", "symbol": "BTC-USD"}, {"trade_id": 849976089, "side": "sell", "size": "0.00003100", "price": "117489.83000000", "time": "2025-07-15T22:38:27.364817Z", "fetched_at": "2025-07-15T22:39:32.740006+00:00", "symbol": "BTC-USD"}, {"trade_id": 849976088, "side": "sell", "size": "0.00020257", "price": "117489.83000000", "time": "2025-07-15T22:38:27.364817Z", "fetched_at": "2025-07-15T22:39:32.740006+00:00", "symbol": "BTC-USD"}, {"trade_id": 849976087, "side": "sell", "size": "0.00066954", "price": "117489.83000000", "time": "2025-07-15T22:38:27.364817Z", "fetched_at": "2025-07-15T22:39:32.740006+00:00", "symbol": "BTC-USD"}, {"trade_id": 849976086, "side": "sell", "size": "0.00007844", "price": "117489.83000000", "time": "2025-07-15T22:38:25.923833Z", "fetched_at": "2025-07-15T22:39:32.740006+00:00", "symbol": "BTC-USD"}, {"trade_id": 849976085, "side": "sell", "size": "0.00020187", "price": "117489.83000000", "time": "2025-07-15T22:38:24.966446Z", "fetched_at": "2025-07-15T22:39:32.740006+00:00", "symbol": "BTC-USD"}, {"trade_id": 849976084, "side": "sell", "size": "0.00058562", "price": "117489.83000000", "time": "2025-07-15T22:38:24.667047Z", "fetched_at": "2025-07-15T22:39:32.740006+00:00", "symbol": "BTC-USD"}, {"trade_id": 849976083, "side": "sell", "size": "0.00084289", "price": "117489.83000000", "time": "2025-07-15T22:38:24.191356Z", "fetched_at": "2025-07-15T22:39:32.740006+00:00", "symbol": "BTC-USD"}, {"trade_id": 849976082, "side": "sell", "size": "0.00040484", "price": "117489.83000000", "time": "2025-07-15T22:38:22.353412Z", "fetched_at": "2025-07-15T22:39:32.740006+00:00", "symbol": "BTC-USD"}, {"trade_id": 849976081, "side": "sell", "size": "0.00000874", "price": "117489.83000000", "time": "2025-07-15T22:38:22.353412Z", "fetched_at": "2025-07-15T22:39:32.740006+00:00", "symbol": "BTC-USD"}, {"trade_id": 849976080, "side": "sell", "size": "0.00851173", "price": "117484.95000000", "time": "2025-07-15T22:38:22.299379Z", "fetched_at": "2025-07-15T22:39:32.740006+00:00", "symbol": "BTC-USD"}, {"trade_id": 849976079, "side": "sell", "size": "0.00000874", "price": "117484.61000000", "time": "2025-07-15T22:38:22.290724Z", "fetched_at": "2025-07-15T22:39:32.740006+00:00", "symbol": "BTC-USD"}, {"trade_id": 849976078, "side": "sell", "size": "0.00001034", "price": "117484.61000000", "time": "2025-07-15T22:38:22.290724Z", "fetched_at": "2025-07-15T22:39:32.740006+00:00", "symbol": "BTC-USD"}, {"trade_id": 849976077, "side": "sell", "size": "0.00001328", "price": "117484.61000000", "time": "2025-07-15T22:38:22.290724Z", "fetched_at": "2025-07-15T22:39:32.740006+00:00", "symbol": "BTC-USD"}, {"trade_id": 849976076, "side": "sell", "size": "0.00000425", "price": "117484.61000000", "time": "2025-07-15T22:38:22.290724Z", "fetched_at": "2025-07-15T22:39:32.740006+00:00", "symbol": "BTC-USD"}, {"trade_id": 849976075, "side": "sell", "size": "0.00259280", "price": "117483.18000000", "time": "2025-07-15T22:38:22.271714Z", "fetched_at": "2025-07-15T22:39:32.740006+00:00", "symbol": "BTC-USD"}, {"trade_id": 849976074, "side": "sell", "size": "0.04254156", "price": "117483.18000000", "time": "2025-07-15T22:38:22.271714Z", "fetched_at": "2025-07-15T22:39:32.740006+00:00", "symbol": "BTC-USD"}, {"trade_id": 849976073, "side": "sell", "size": "0.00416492", "price": "117483.18000000", "time": "2025-07-15T22:38:21.936735Z", "fetched_at": "2025-07-15T22:39:32.740006+00:00", "symbol": "BTC-USD"}, {"trade_id": 849976072, "side": "sell", "size": "0.00392975", "price": "117483.18000000", "time": "2025-07-15T22:38:21.932202Z", "fetched_at": "2025-07-15T22:39:32.740006+00:00", "symbol": "BTC-USD"}, {"trade_id": 849976071, "side": "buy", "size": "0.00021545", "price": "117483.17000000", "time": "2025-07-15T22:38:21.931148Z", "fetched_at": "2025-07-15T22:39:32.740006+00:00", "symbol": "BTC-USD"}, {"trade_id": 849976070, "side": "sell", "size": "0.06072212", "price": "117483.18000000", "time": "2025-07-15T22:38:21.928844Z", "fetched_at": "2025-07-15T22:39:32.740006+00:00", "symbol": "BTC-USD"}, {"trade_id": 849976069, "side": "sell", "size": "0.00294752", "price": "117483.18000000", "time": "2025-07-15T22:38:21.923933Z", "fetched_at": "2025-07-15T22:39:32.740006+00:00", "symbol": "BTC-USD"}, {"trade_id": 849976068, "side": "sell", "size": "0.08463337", "price": "117483.18000000", "time": "2025-07-15T22:38:21.920049Z", "fetched_at": "2025-07-15T22:39:32.740006+00:00", "symbol": "BTC-USD"}, {"trade_id": 849976067, "side": "sell", "size": "0.00305670", "price": "117483.18000000", "time": "2025-07-15T22:38:21.915245Z", "fetched_at": "2025-07-15T22:39:32.740006+00:00", "symbol": "BTC-USD"}, {"trade_id": 849976066, "side": "sell", "size": "0.00336890", "price": "117483.18000000", "time": "2025-07-15T22:38:21.911720Z", "fetched_at": "2025-07-15T22:39:32.740006+00:00", "symbol": "BTC-USD"}, {"trade_id": 849976065, "side": "sell", "size": "0.04512675", "price": "117483.18000000", "time": "2025-07-15T22:38:21.908396Z", "fetched_at": "2025-07-15T22:39:32.740006+00:00", "symbol": "BTC-USD"}, {"trade_id": 849976064, "side": "sell", "size": "0.04008714", "price": "117483.18000000", "time": "2025-07-15T22:38:21.902512Z", "fetched_at": "2025-07-15T22:39:32.740006+00:00", "symbol": "BTC-USD"}, {"trade_id": 849976063, "side": "sell", "size": "0.01883388", "price": "117483.18000000", "time": "2025-07-15T22:38:21.895888Z", "fetched_at": "2025-07-15T22:39:32.740006+00:00", "symbol": "BTC-USD"}, {"trade_id": 849976062, "side": "sell", "size": "0.09058739", "price": "117483.18000000", "time": "2025-07-15T22:38:21.892401Z", "fetched_at": "2025-07-15T22:39:32.740006+00:00", "symbol": "BTC-USD"}, {"trade_id": 849976061, "side": "sell", "size": "0.00311080", "price": "117483.09000000", "time": "2025-07-15T22:38:21.892401Z", "fetched_at": "2025-07-15T22:39:32.740006+00:00", "symbol": "BTC-USD"}, {"trade_id": 849976060, "side": "sell", "size": "0.00082716", "price": "117483.09000000", "time": "2025-07-15T22:38:21.748352Z", "fetched_at": "2025-07-15T22:39:32.740006+00:00", "symbol": "BTC-USD"}, {"trade_id": 849976059, "side": "sell", "size": "0.00168968", "price": "117483.09000000", "time": "2025-07-15T22:38:21.304699Z", "fetched_at": "2025-07-15T22:39:32.740006+00:00", "symbol": "BTC-USD"}, {"trade_id": 849976058, "side": "sell", "size": "0.00827159", "price": "117483.09000000", "time": "2025-07-15T22:38:21.249755Z", "fetched_at": "2025-07-15T22:39:32.740006+00:00", "symbol": "BTC-USD"}, {"trade_id": 849976057, "side": "sell", "size": "0.00012404", "price": "117483.09000000", "time": "2025-07-15T22:38:21.150715Z", "fetched_at": "2025-07-15T22:39:32.740006+00:00", "symbol": "BTC-USD"}, {"trade_id": 849976056, "side": "sell", "size": "0.00059516", "price": "117483.09000000", "time": "2025-07-15T22:38:20.931887Z", "fetched_at": "2025-07-15T22:39:32.740006+00:00", "symbol": "BTC-USD"}, {"trade_id": 849976055, "side": "sell", "size": "0.00001038", "price": "117483.09000000", "time": "2025-07-15T22:38:20.931887Z", "fetched_at": "2025-07-15T22:39:32.740006+00:00", "symbol": "BTC-USD"}, {"trade_id": 849976054, "side": "sell", "size": "0.00000141", "price": "117483.19000000", "time": "2025-07-15T22:38:20.703312Z", "fetched_at": "2025-07-15T22:39:32.740006+00:00", "symbol": "BTC-USD"}, {"trade_id": 849976053, "side": "sell", "size": "0.00044400", "price": "117483.19000000", "time": "2025-07-15T22:38:20.232379Z", "fetched_at": "2025-07-15T22:39:32.740006+00:00", "symbol": "BTC-USD"}, {"trade_id": 849976052, "side": "sell", "size": "0.00082713", "price": "117483.19000000", "time": "2025-07-15T22:38:20.215941Z", "fetched_at": "2025-07-15T22:39:32.740006+00:00", "symbol": "BTC-USD"}, {"trade_id": 849976051, "side": "sell", "size": "0.00008218", "price": "117483.19000000", "time": "2025-07-15T22:38:19.983484Z", "fetched_at": "2025-07-15T22:39:32.740006+00:00", "symbol": "BTC-USD"}, {"trade_id": 849976050, "side": "buy", "size": "0.00697512", "price": "117483.18000000", "time": "2025-07-15T22:38:19.293235Z", "fetched_at": "2025-07-15T22:39:32.740006+00:00", "symbol": "BTC-USD"}, {"trade_id": 849976049, "side": "sell", "size": "0.00079769", "price": "117483.19000000", "time": "2025-07-15T22:38:19.285676Z", "fetched_at": "2025-07-15T22:39:32.740006+00:00", "symbol": "BTC-USD"}, {"trade_id": 849976048, "side": "sell", "size": "0.00264693", "price": "117483.19000000", "time": "2025-07-15T22:38:19.278685Z", "fetched_at": "2025-07-15T22:39:32.740006+00:00", "symbol": "BTC-USD"}, {"trade_id": 849976047, "side": "sell", "size": "0.00324477", "price": "117483.19000000", "time": "2025-07-15T22:38:19.275873Z", "fetched_at": "2025-07-15T22:39:32.740006+00:00", "symbol": "BTC-USD"}, {"trade_id": 849976046, "side": "sell", "size": "0.00455671", "price": "117483.19000000", "time": "2025-07-15T22:38:19.271827Z", "fetched_at": "2025-07-15T22:39:32.740006+00:00", "symbol": "BTC-USD"}, {"trade_id": 849976045, "side": "sell", "size": "0.00344195", "price": "117483.19000000", "time": "2025-07-15T22:38:19.267729Z", "fetched_at": "2025-07-15T22:39:32.740006+00:00", "symbol": "BTC-USD"}, {"trade_id": 849976044, "side": "sell", "size": "0.00004003", "price": "117483.19000000", "time": "2025-07-15T22:38:19.263706Z", "fetched_at": "2025-07-15T22:39:32.740006+00:00", "symbol": "BTC-USD"}, {"trade_id": 849976043, "side": "sell", "size": "0.00308593", "price": "117483.19000000", "time": "2025-07-15T22:38:19.262422Z", "fetched_at": "2025-07-15T22:39:32.740006+00:00", "symbol": "BTC-USD"}, {"trade_id": 849976042, "side": "sell", "size": "0.00367574", "price": "117483.19000000", "time": "2025-07-15T22:38:19.259296Z", "fetched_at": "2025-07-15T22:39:32.740006+00:00", "symbol": "BTC-USD"}, {"trade_id": 849976041, "side": "sell", "size": "0.00365991", "price": "117483.19000000", "time": "2025-07-15T22:38:19.254760Z", "fetched_at": "2025-07-15T22:39:32.740006+00:00", "symbol": "BTC-USD"}, {"trade_id": 849976040, "side": "sell", "size": "0.00329870", "price": "117483.19000000", "time": "2025-07-15T22:38:19.250313Z", "fetched_at": "2025-07-15T22:39:32.740006+00:00", "symbol": "BTC-USD"}, {"trade_id": 849976039, "side": "sell", "size": "0.00310252", "price": "117483.19000000", "time": "2025-07-15T22:38:19.246909Z", "fetched_at": "2025-07-15T22:39:32.740006+00:00", "symbol": "BTC-USD"}, {"trade_id": 849976038, "side": "sell", "size": "0.03560563", "price": "117483.19000000", "time": "2025-07-15T22:38:19.243050Z", "fetched_at": "2025-07-15T22:39:32.740006+00:00", "symbol": "BTC-USD"}, {"trade_id": 849976037, "side": "sell", "size": "0.00001230", "price": "117483.08000000", "time": "2025-07-15T22:38:19.235528Z", "fetched_at": "2025-07-15T22:39:32.740006+00:00", "symbol": "BTC-USD"}, {"trade_id": 849976036, "side": "sell", "size": "0.00446674", "price": "117483.08000000", "time": "2025-07-15T22:38:19.235528Z", "fetched_at": "2025-07-15T22:39:32.740006+00:00", "symbol": "BTC-USD"}, {"trade_id": 849976035, "side": "sell", "size": "0.00374626", "price": "117483.08000000", "time": "2025-07-15T22:38:19.231191Z", "fetched_at": "2025-07-15T22:39:32.740006+00:00", "symbol": "BTC-USD"}, {"trade_id": 849976034, "side": "sell", "size": "0.00029886", "price": "117483.08000000", "time": "2025-07-15T22:38:19.226960Z", "fetched_at": "2025-07-15T22:39:32.740006+00:00", "symbol": "BTC-USD"}, {"trade_id": 849976033, "side": "sell", "size": "0.00238560", "price": "117481.32000000", "time": "2025-07-15T22:38:19.215003Z", "fetched_at": "2025-07-15T22:39:32.740006+00:00", "symbol": "BTC-USD"}, {"trade_id": 849976032, "side": "sell", "size": "0.00001163", "price": "117481.32000000", "time": "2025-07-15T22:38:19.215003Z", "fetched_at": "2025-07-15T22:39:32.740006+00:00", "symbol": "BTC-USD"}, {"trade_id": 849976031, "side": "sell", "size": "0.06647286", "price": "117481.32000000", "time": "2025-07-15T22:38:19.215003Z", "fetched_at": "2025-07-15T22:39:32.740006+00:00", "symbol": "BTC-USD"}, {"trade_id": 849976030, "side": "sell", "size": "0.00128211", "price": "117481.32000000", "time": "2025-07-15T22:38:19.204301Z", "fetched_at": "2025-07-15T22:39:32.740006+00:00", "symbol": "BTC-USD"}, {"trade_id": 849976029, "side": "sell", "size": "0.00020684", "price": "117481.32000000", "time": "2025-07-15T22:38:18.870320Z", "fetched_at": "2025-07-15T22:39:32.740006+00:00", "symbol": "BTC-USD"}, {"trade_id": 849976028, "side": "sell", "size": "0.00527200", "price": "117469.97000000", "time": "2025-07-15T22:38:18.637409Z", "fetched_at": "2025-07-15T22:39:32.740006+00:00", "symbol": "BTC-USD"}, {"trade_id": 849976027, "side": "sell", "size": "0.19570447", "price": "117469.97000000", "time": "2025-07-15T22:38:18.637409Z", "fetched_at": "2025-07-15T22:39:32.740006+00:00", "symbol": "BTC-USD"}, {"trade_id": 849976026, "side": "sell", "size": "0.00313720", "price": "117469.97000000", "time": "2025-07-15T22:38:18.637206Z", "fetched_at": "2025-07-15T22:39:32.740006+00:00", "symbol": "BTC-USD"}, {"trade_id": 849976025, "side": "sell", "size": "0.00275289", "price": "117469.97000000", "time": "2025-07-15T22:38:18.633669Z", "fetched_at": "2025-07-15T22:39:32.740006+00:00", "symbol": "BTC-USD"}, {"trade_id": 849976024, "side": "sell", "size": "0.00370012", "price": "117469.97000000", "time": "2025-07-15T22:38:18.630394Z", "fetched_at": "2025-07-15T22:39:32.740006+00:00", "symbol": "BTC-USD"}, {"trade_id": 849976023, "side": "sell", "size": "0.00334213", "price": "117469.97000000", "time": "2025-07-15T22:38:18.626509Z", "fetched_at": "2025-07-15T22:39:32.740006+00:00", "symbol": "BTC-USD"}, {"trade_id": 849976022, "side": "sell", "size": "0.00312342", "price": "117469.97000000", "time": "2025-07-15T22:38:18.622307Z", "fetched_at": "2025-07-15T22:39:32.740006+00:00", "symbol": "BTC-USD"}, {"trade_id": 849976021, "side": "sell", "size": "0.00315053", "price": "117469.97000000", "time": "2025-07-15T22:38:18.618533Z", "fetched_at": "2025-07-15T22:39:32.740006+00:00", "symbol": "BTC-USD"}, {"trade_id": 849976020, "side": "sell", "size": "0.06432718", "price": "117469.97000000", "time": "2025-07-15T22:38:18.614817Z", "fetched_at": "2025-07-15T22:39:32.740006+00:00", "symbol": "BTC-USD"}, {"trade_id": 849976019, "side": "sell", "size": "0.00009061", "price": "117469.97000000", "time": "2025-07-15T22:38:18.613330Z", "fetched_at": "2025-07-15T22:39:32.740006+00:00", "symbol": "BTC-USD"}, {"trade_id": 849976018, "side": "sell", "size": "0.06554682", "price": "117469.97000000", "time": "2025-07-15T22:38:18.610928Z", "fetched_at": "2025-07-15T22:39:32.740006+00:00", "symbol": "BTC-USD"}, {"trade_id": 849976017, "side": "sell", "size": "0.04377408", "price": "117469.97000000", "time": "2025-07-15T22:38:18.607783Z", "fetched_at": "2025-07-15T22:39:32.740006+00:00", "symbol": "BTC-USD"}, {"trade_id": 849976016, "side": "sell", "size": "0.02874244", "price": "117469.97000000", "time": "2025-07-15T22:38:18.600301Z", "fetched_at": "2025-07-15T22:39:32.740006+00:00", "symbol": "BTC-USD"}, {"trade_id": 849976015, "side": "sell", "size": "0.20104951", "price": "117469.97000000", "time": "2025-07-15T22:38:18.596128Z", "fetched_at": "2025-07-15T22:39:32.740006+00:00", "symbol": "BTC-USD"}, {"trade_id": 849976014, "side": "sell", "size": "0.31891803", "price": "117469.97000000", "time": "2025-07-15T22:38:18.595426Z", "fetched_at": "2025-07-15T22:39:32.740006+00:00", "symbol": "BTC-USD"}, {"trade_id": 849976013, "side": "sell", "size": "0.02017886", "price": "117469.97000000", "time": "2025-07-15T22:38:18.575449Z", "fetched_at": "2025-07-15T22:39:32.740006+00:00", "symbol": "BTC-USD"}, {"trade_id": 849976012, "side": "sell", "size": "0.03718877", "price": "117469.97000000", "time": "2025-07-15T22:38:18.570946Z", "fetched_at": "2025-07-15T22:39:32.740006+00:00", "symbol": "BTC-USD"}, {"trade_id": 849976011, "side": "sell", "size": "0.00139194", "price": "117469.97000000", "time": "2025-07-15T22:38:18.331437Z", "fetched_at": "2025-07-15T22:39:32.740006+00:00", "symbol": "BTC-USD"}, {"trade_id": 849976010, "side": "sell", "size": "0.00041300", "price": "117469.97000000", "time": "2025-07-15T22:38:18.331437Z", "fetched_at": "2025-07-15T22:39:32.740006+00:00", "symbol": "BTC-USD"}, {"trade_id": 849976009, "side": "sell", "size": "0.00041400", "price": "117469.97000000", "time": "2025-07-15T22:38:18.331437Z", "fetched_at": "2025-07-15T22:39:32.740006+00:00", "symbol": "BTC-USD"}, {"trade_id": 849976008, "side": "sell", "size": "0.00004000", "price": "117469.97000000", "time": "2025-07-15T22:38:18.331437Z", "fetched_at": "2025-07-15T22:39:32.740006+00:00", "symbol": "BTC-USD"}, {"trade_id": 849976007, "side": "sell", "size": "0.00027300", "price": "117469.97000000", "time": "2025-07-15T22:38:18.331437Z", "fetched_at": "2025-07-15T22:39:32.740006+00:00", "symbol": "BTC-USD"}, {"trade_id": 849976006, "side": "sell", "size": "0.00161300", "price": "117469.97000000", "time": "2025-07-15T22:38:18.331437Z", "fetched_at": "2025-07-15T22:39:32.740006+00:00", "symbol": "BTC-USD"}, {"trade_id": 849976005, "side": "sell", "size": "0.00112785", "price": "117469.97000000", "time": "2025-07-15T22:38:18.331437Z", "fetched_at": "2025-07-15T22:39:32.740006+00:00", "symbol": "BTC-USD"}, {"trade_id": 849976004, "side": "sell", "size": "0.00299880", "price": "117469.96000000", "time": "2025-07-15T22:38:18.331437Z", "fetched_at": "2025-07-15T22:39:32.740006+00:00", "symbol": "BTC-USD"}, {"trade_id": 849976003, "side": "sell", "size": "0.04932912", "price": "117467.08000000", "time": "2025-07-15T22:38:18.171289Z", "fetched_at": "2025-07-15T22:39:32.740006+00:00", "symbol": "BTC-USD"}, {"trade_id": 849976002, "side": "sell", "size": "0.01199750", "price": "117467.08000000", "time": "2025-07-15T22:38:18.168012Z", "fetched_at": "2025-07-15T22:39:32.740006+00:00", "symbol": "BTC-USD"}, {"trade_id": 849976001, "side": "sell", "size": "0.33742744", "price": "117467.08000000", "time": "2025-07-15T22:38:18.162955Z", "fetched_at": "2025-07-15T22:39:32.740006+00:00", "symbol": "BTC-USD"}, {"trade_id": 849976000, "side": "sell", "size": "0.00020255", "price": "117466.36000000", "time": "2025-07-15T22:38:18.159417Z", "fetched_at": "2025-07-15T22:39:32.740006+00:00", "symbol": "BTC-USD"}, {"trade_id": 849975999, "side": "sell", "size": "0.00215081", "price": "117466.36000000", "time": "2025-07-15T22:38:18.159417Z", "fetched_at": "2025-07-15T22:39:32.740006+00:00", "symbol": "BTC-USD"}, {"trade_id": 849975998, "side": "sell", "size": "0.00002462", "price": "117466.36000000", "time": "2025-07-15T22:38:17.940429Z", "fetched_at": "2025-07-15T22:39:32.740006+00:00", "symbol": "BTC-USD"}, {"trade_id": 849975997, "side": "sell", "size": "0.00043841", "price": "117466.36000000", "time": "2025-07-15T22:38:17.892937Z", "fetched_at": "2025-07-15T22:39:32.740006+00:00", "symbol": "BTC-USD"}, {"trade_id": 849975996, "side": "sell", "size": "0.00008500", "price": "117466.36000000", "time": "2025-07-15T22:38:17.844224Z", "fetched_at": "2025-07-15T22:39:32.740006+00:00", "symbol": "BTC-USD"}, {"trade_id": 849975995, "side": "sell", "size": "0.00015716", "price": "117466.36000000", "time": "2025-07-15T22:38:17.752059Z", "fetched_at": "2025-07-15T22:39:32.740006+00:00", "symbol": "BTC-USD"}, {"trade_id": 849975994, "side": "sell", "size": "0.00124594", "price": "117467.08000000", "time": "2025-07-15T22:38:17.376939Z", "fetched_at": "2025-07-15T22:39:32.740006+00:00", "symbol": "BTC-USD"}, {"trade_id": 849975993, "side": "sell", "size": "0.00287840", "price": "117466.36000000", "time": "2025-07-15T22:38:17.376939Z", "fetched_at": "2025-07-15T22:39:32.740006+00:00", "symbol": "BTC-USD"}, {"trade_id": 849975992, "side": "sell", "size": "0.00001152", "price": "117466.36000000", "time": "2025-07-15T22:38:17.376939Z", "fetched_at": "2025-07-15T22:39:32.740006+00:00", "symbol": "BTC-USD"}, {"trade_id": 849975991, "side": "sell", "size": "0.00082738", "price": "117467.07000000", "time": "2025-07-15T22:38:17.307193Z", "fetched_at": "2025-07-15T22:39:32.740006+00:00", "symbol": "BTC-USD"}, {"trade_id": 849975990, "side": "sell", "size": "0.00016145", "price": "117467.07000000", "time": "2025-07-15T22:38:17.283110Z", "fetched_at": "2025-07-15T22:39:32.740006+00:00", "symbol": "BTC-USD"}, {"trade_id": 849975989, "side": "sell", "size": "0.00021072", "price": "117467.09000000", "time": "2025-07-15T22:38:17.228773Z", "fetched_at": "2025-07-15T22:39:32.740006+00:00", "symbol": "BTC-USD"}, {"trade_id": 849975988, "side": "sell", "size": "0.00008216", "price": "117467.09000000", "time": "2025-07-15T22:38:17.226556Z", "fetched_at": "2025-07-15T22:39:32.740006+00:00", "symbol": "BTC-USD"}, {"trade_id": 849975987, "side": "sell", "size": "0.00042133", "price": "117467.09000000", "time": "2025-07-15T22:38:17.186605Z", "fetched_at": "2025-07-15T22:39:32.740006+00:00", "symbol": "BTC-USD"}, {"trade_id": 849975986, "side": "buy", "size": "0.00007830", "price": "117466.32000000", "time": "2025-07-15T22:38:17.174735Z", "fetched_at": "2025-07-15T22:39:32.740006+00:00", "symbol": "BTC-USD"}, {"trade_id": 849975985, "side": "buy", "size": "0.00009364", "price": "117466.33000000", "time": "2025-07-15T22:38:17.174735Z", "fetched_at": "2025-07-15T22:39:32.740006+00:00", "symbol": "BTC-USD"}, {"trade_id": 849975984, "side": "sell", "size": "0.00005056", "price": "117467.11000000", "time": "2025-07-15T22:38:17.084665Z", "fetched_at": "2025-07-15T22:39:32.740006+00:00", "symbol": "BTC-USD"}, {"trade_id": 849975983, "side": "sell", "size": "0.00012404", "price": "117467.13000000", "time": "2025-07-15T22:38:17.007088Z", "fetched_at": "2025-07-15T22:39:32.740006+00:00", "symbol": "BTC-USD"}, {"trade_id": 849975982, "side": "buy", "size": "0.00625377", "price": "117468.00000000", "time": "2025-07-15T22:38:16.973729Z", "fetched_at": "2025-07-15T22:39:32.740006+00:00", "symbol": "BTC-USD"}, {"trade_id": 849975981, "side": "buy", "size": "0.06690380", "price": "117468.01000000", "time": "2025-07-15T22:38:16.973729Z", "fetched_at": "2025-07-15T22:39:32.740006+00:00", "symbol": "BTC-USD"}