[{"trade_id": 850045103, "side": "buy", "size": "0.00036513", "price": "117765.17000000", "time": "2025-07-16T01:39:29.559712Z", "fetched_at": "2025-07-16T01:39:33.765372+00:00", "symbol": "BTC-USD"}, {"trade_id": 850045102, "side": "buy", "size": "0.01135433", "price": "117765.17000000", "time": "2025-07-16T01:39:29.436687Z", "fetched_at": "2025-07-16T01:39:33.765372+00:00", "symbol": "BTC-USD"}, {"trade_id": 850045101, "side": "buy", "size": "0.00001851", "price": "117765.18000000", "time": "2025-07-16T01:39:29.436687Z", "fetched_at": "2025-07-16T01:39:33.765372+00:00", "symbol": "BTC-USD"}, {"trade_id": 850045100, "side": "buy", "size": "0.00000356", "price": "117765.18000000", "time": "2025-07-16T01:39:29.436687Z", "fetched_at": "2025-07-16T01:39:33.765372+00:00", "symbol": "BTC-USD"}, {"trade_id": 850045099, "side": "buy", "size": "0.00800000", "price": "117765.18000000", "time": "2025-07-16T01:39:29.180725Z", "fetched_at": "2025-07-16T01:39:33.765372+00:00", "symbol": "BTC-USD"}, {"trade_id": 850045098, "side": "sell", "size": "0.00000807", "price": "117765.19000000", "time": "2025-07-16T01:39:28.547473Z", "fetched_at": "2025-07-16T01:39:33.765372+00:00", "symbol": "BTC-USD"}, {"trade_id": 850045097, "side": "buy", "size": "0.00123833", "price": "117765.18000000", "time": "2025-07-16T01:39:28.446587Z", "fetched_at": "2025-07-16T01:39:33.765372+00:00", "symbol": "BTC-USD"}, {"trade_id": 850045096, "side": "buy", "size": "0.00000033", "price": "117765.18000000", "time": "2025-07-16T01:39:28.446587Z", "fetched_at": "2025-07-16T01:39:33.765372+00:00", "symbol": "BTC-USD"}, {"trade_id": 850045095, "side": "buy", "size": "0.00001274", "price": "117765.18000000", "time": "2025-07-16T01:39:28.151660Z", "fetched_at": "2025-07-16T01:39:33.765372+00:00", "symbol": "BTC-USD"}, {"trade_id": 850045094, "side": "buy", "size": "0.00000594", "price": "117765.18000000", "time": "2025-07-16T01:39:28.151660Z", "fetched_at": "2025-07-16T01:39:33.765372+00:00", "symbol": "BTC-USD"}, {"trade_id": 850045093, "side": "sell", "size": "0.00003198", "price": "117765.19000000", "time": "2025-07-16T01:39:27.854265Z", "fetched_at": "2025-07-16T01:39:33.765372+00:00", "symbol": "BTC-USD"}, {"trade_id": 850045092, "side": "sell", "size": "0.00011348", "price": "117765.19000000", "time": "2025-07-16T01:39:25.313499Z", "fetched_at": "2025-07-16T01:39:33.765372+00:00", "symbol": "BTC-USD"}, {"trade_id": 850045091, "side": "buy", "size": "0.00002197", "price": "117770.52000000", "time": "2025-07-16T01:39:23.547620Z", "fetched_at": "2025-07-16T01:39:33.765372+00:00", "symbol": "BTC-USD"}, {"trade_id": 850045090, "side": "buy", "size": "0.00006413", "price": "117770.52000000", "time": "2025-07-16T01:39:23.547620Z", "fetched_at": "2025-07-16T01:39:33.765372+00:00", "symbol": "BTC-USD"}, {"trade_id": 850045089, "side": "buy", "size": "0.00052591", "price": "117770.52000000", "time": "2025-07-16T01:39:23.506137Z", "fetched_at": "2025-07-16T01:39:33.765372+00:00", "symbol": "BTC-USD"}, {"trade_id": 850045088, "side": "buy", "size": "0.00000900", "price": "117775.78000000", "time": "2025-07-16T01:39:23.506137Z", "fetched_at": "2025-07-16T01:39:33.765372+00:00", "symbol": "BTC-USD"}, {"trade_id": 850045087, "side": "sell", "size": "0.00004203", "price": "117778.92000000", "time": "2025-07-16T01:39:22.246250Z", "fetched_at": "2025-07-16T01:39:33.765372+00:00", "symbol": "BTC-USD"}, {"trade_id": 850045086, "side": "sell", "size": "0.00020523", "price": "117778.92000000", "time": "2025-07-16T01:39:21.655014Z", "fetched_at": "2025-07-16T01:39:33.765372+00:00", "symbol": "BTC-USD"}, {"trade_id": 850045085, "side": "sell", "size": "0.00380365", "price": "117784.90000000", "time": "2025-07-16T01:39:21.054828Z", "fetched_at": "2025-07-16T01:39:33.765372+00:00", "symbol": "BTC-USD"}, {"trade_id": 850045084, "side": "sell", "size": "0.00001000", "price": "117783.37000000", "time": "2025-07-16T01:39:21.054828Z", "fetched_at": "2025-07-16T01:39:33.765372+00:00", "symbol": "BTC-USD"}, {"trade_id": 850045083, "side": "sell", "size": "0.00629386", "price": "117774.68000000", "time": "2025-07-16T01:39:21.045096Z", "fetched_at": "2025-07-16T01:39:33.765372+00:00", "symbol": "BTC-USD"}, {"trade_id": 850045082, "side": "sell", "size": "0.00849094", "price": "117772.59000000", "time": "2025-07-16T01:39:21.045096Z", "fetched_at": "2025-07-16T01:39:33.765372+00:00", "symbol": "BTC-USD"}, {"trade_id": 850045081, "side": "sell", "size": "0.00000144", "price": "117770.82000000", "time": "2025-07-16T01:39:21.045096Z", "fetched_at": "2025-07-16T01:39:33.765372+00:00", "symbol": "BTC-USD"}, {"trade_id": 850045080, "side": "sell", "size": "0.00001034", "price": "117770.82000000", "time": "2025-07-16T01:39:21.045096Z", "fetched_at": "2025-07-16T01:39:33.765372+00:00", "symbol": "BTC-USD"}, {"trade_id": 850045079, "side": "sell", "size": "0.00020255", "price": "117770.82000000", "time": "2025-07-16T01:39:21.045096Z", "fetched_at": "2025-07-16T01:39:33.765372+00:00", "symbol": "BTC-USD"}, {"trade_id": 850045078, "side": "sell", "size": "0.00000087", "price": "117770.82000000", "time": "2025-07-16T01:39:21.045096Z", "fetched_at": "2025-07-16T01:39:33.765372+00:00", "symbol": "BTC-USD"}, {"trade_id": 850045077, "side": "buy", "size": "0.00123685", "price": "117770.81000000", "time": "2025-07-16T01:39:21.009892Z", "fetched_at": "2025-07-16T01:39:33.765372+00:00", "symbol": "BTC-USD"}, {"trade_id": 850045076, "side": "buy", "size": "0.00001861", "price": "117770.81000000", "time": "2025-07-16T01:39:20.477018Z", "fetched_at": "2025-07-16T01:39:33.765372+00:00", "symbol": "BTC-USD"}, {"trade_id": 850045075, "side": "sell", "size": "0.00000577", "price": "117770.82000000", "time": "2025-07-16T01:39:19.964189Z", "fetched_at": "2025-07-16T01:39:33.765372+00:00", "symbol": "BTC-USD"}, {"trade_id": 850045074, "side": "sell", "size": "0.00000220", "price": "117770.82000000", "time": "2025-07-16T01:39:19.964189Z", "fetched_at": "2025-07-16T01:39:33.765372+00:00", "symbol": "BTC-USD"}, {"trade_id": 850045073, "side": "buy", "size": "0.00013186", "price": "117770.63000000", "time": "2025-07-16T01:39:18.037447Z", "fetched_at": "2025-07-16T01:39:33.765372+00:00", "symbol": "BTC-USD"}, {"trade_id": 850045072, "side": "buy", "size": "0.00002549", "price": "117770.63000000", "time": "2025-07-16T01:39:17.417534Z", "fetched_at": "2025-07-16T01:39:33.765372+00:00", "symbol": "BTC-USD"}, {"trade_id": 850045071, "side": "sell", "size": "0.00241453", "price": "117774.07000000", "time": "2025-07-16T01:39:17.159135Z", "fetched_at": "2025-07-16T01:39:33.765372+00:00", "symbol": "BTC-USD"}, {"trade_id": 850045070, "side": "sell", "size": "0.00000203", "price": "117770.82000000", "time": "2025-07-16T01:39:17.159135Z", "fetched_at": "2025-07-16T01:39:33.765372+00:00", "symbol": "BTC-USD"}, {"trade_id": 850045069, "side": "buy", "size": "0.00013650", "price": "117769.51000000", "time": "2025-07-16T01:39:16.106368Z", "fetched_at": "2025-07-16T01:39:33.765372+00:00", "symbol": "BTC-USD"}, {"trade_id": 850045068, "side": "sell", "size": "0.00830680", "price": "117776.86000000", "time": "2025-07-16T01:39:15.287095Z", "fetched_at": "2025-07-16T01:39:33.765372+00:00", "symbol": "BTC-USD"}, {"trade_id": 850045067, "side": "sell", "size": "0.00001000", "price": "117774.54000000", "time": "2025-07-16T01:39:15.287095Z", "fetched_at": "2025-07-16T01:39:33.765372+00:00", "symbol": "BTC-USD"}, {"trade_id": 850045066, "side": "sell", "size": "0.00308616", "price": "117762.36000000", "time": "2025-07-16T01:39:15.019174Z", "fetched_at": "2025-07-16T01:39:33.765372+00:00", "symbol": "BTC-USD"}, {"trade_id": 850045065, "side": "sell", "size": "0.00000212", "price": "117760.63000000", "time": "2025-07-16T01:39:15.019174Z", "fetched_at": "2025-07-16T01:39:33.765372+00:00", "symbol": "BTC-USD"}, {"trade_id": 850045064, "side": "sell", "size": "0.00001033", "price": "117760.59000000", "time": "2025-07-16T01:39:15.019174Z", "fetched_at": "2025-07-16T01:39:33.765372+00:00", "symbol": "BTC-USD"}, {"trade_id": 850045063, "side": "sell", "size": "0.00020258", "price": "117760.59000000", "time": "2025-07-16T01:39:15.019174Z", "fetched_at": "2025-07-16T01:39:33.765372+00:00", "symbol": "BTC-USD"}, {"trade_id": 850045062, "side": "buy", "size": "0.00852051", "price": "117760.58000000", "time": "2025-07-16T01:39:14.826584Z", "fetched_at": "2025-07-16T01:39:33.765372+00:00", "symbol": "BTC-USD"}, {"trade_id": 850045061, "side": "buy", "size": "0.00008519", "price": "117760.46000000", "time": "2025-07-16T01:39:14.666601Z", "fetched_at": "2025-07-16T01:39:33.765372+00:00", "symbol": "BTC-USD"}, {"trade_id": 850045060, "side": "sell", "size": "0.00193350", "price": "117760.59000000", "time": "2025-07-16T01:39:14.225363Z", "fetched_at": "2025-07-16T01:39:33.765372+00:00", "symbol": "BTC-USD"}, {"trade_id": 850045059, "side": "sell", "size": "0.00015838", "price": "117759.66000000", "time": "2025-07-16T01:39:13.103077Z", "fetched_at": "2025-07-16T01:39:33.765372+00:00", "symbol": "BTC-USD"}, {"trade_id": 850045058, "side": "sell", "size": "0.00000665", "price": "117758.37000000", "time": "2025-07-16T01:39:13.103077Z", "fetched_at": "2025-07-16T01:39:33.765372+00:00", "symbol": "BTC-USD"}, {"trade_id": 850045057, "side": "buy", "size": "0.00016173", "price": "117752.97000000", "time": "2025-07-16T01:39:13.017035Z", "fetched_at": "2025-07-16T01:39:33.765372+00:00", "symbol": "BTC-USD"}, {"trade_id": 850045056, "side": "buy", "size": "0.00042887", "price": "117752.97000000", "time": "2025-07-16T01:39:12.947540Z", "fetched_at": "2025-07-16T01:39:33.765372+00:00", "symbol": "BTC-USD"}, {"trade_id": 850045055, "side": "sell", "size": "0.00400000", "price": "117760.48000000", "time": "2025-07-16T01:39:12.476774Z", "fetched_at": "2025-07-16T01:39:33.765372+00:00", "symbol": "BTC-USD"}, {"trade_id": 850045054, "side": "sell", "size": "0.00020635", "price": "117757.78000000", "time": "2025-07-16T01:39:11.327251Z", "fetched_at": "2025-07-16T01:39:33.765372+00:00", "symbol": "BTC-USD"}, {"trade_id": 850045053, "side": "sell", "size": "0.00214081", "price": "117754.59000000", "time": "2025-07-16T01:39:11.278289Z", "fetched_at": "2025-07-16T01:39:33.765372+00:00", "symbol": "BTC-USD"}, {"trade_id": 850045052, "side": "sell", "size": "0.00000664", "price": "117753.19000000", "time": "2025-07-16T01:39:11.278289Z", "fetched_at": "2025-07-16T01:39:33.765372+00:00", "symbol": "BTC-USD"}, {"trade_id": 850045051, "side": "sell", "size": "0.00020255", "price": "117752.93000000", "time": "2025-07-16T01:39:11.278289Z", "fetched_at": "2025-07-16T01:39:33.765372+00:00", "symbol": "BTC-USD"}, {"trade_id": 850045050, "side": "sell", "size": "0.00001034", "price": "117751.26000000", "time": "2025-07-16T01:39:11.041477Z", "fetched_at": "2025-07-16T01:39:33.765372+00:00", "symbol": "BTC-USD"}, {"trade_id": 850045049, "side": "buy", "size": "0.00011071", "price": "117751.25000000", "time": "2025-07-16T01:39:10.792367Z", "fetched_at": "2025-07-16T01:39:33.765372+00:00", "symbol": "BTC-USD"}, {"trade_id": 850045048, "side": "sell", "size": "0.00127545", "price": "117751.26000000", "time": "2025-07-16T01:39:08.892727Z", "fetched_at": "2025-07-16T01:39:33.765372+00:00", "symbol": "BTC-USD"}, {"trade_id": 850045047, "side": "sell", "size": "0.00064477", "price": "117752.95000000", "time": "2025-07-16T01:39:07.884445Z", "fetched_at": "2025-07-16T01:39:33.765372+00:00", "symbol": "BTC-USD"}, {"trade_id": 850045046, "side": "buy", "size": "0.00420028", "price": "117751.06000000", "time": "2025-07-16T01:39:07.585207Z", "fetched_at": "2025-07-16T01:39:33.765372+00:00", "symbol": "BTC-USD"}, {"trade_id": 850045045, "side": "buy", "size": "0.00237779", "price": "117752.11000000", "time": "2025-07-16T01:39:07.585207Z", "fetched_at": "2025-07-16T01:39:33.765372+00:00", "symbol": "BTC-USD"}, {"trade_id": 850045044, "side": "buy", "size": "0.03135259", "price": "117752.66000000", "time": "2025-07-16T01:39:07.585207Z", "fetched_at": "2025-07-16T01:39:33.765372+00:00", "symbol": "BTC-USD"}, {"trade_id": 850045043, "side": "buy", "size": "0.00849193", "price": "117758.85000000", "time": "2025-07-16T01:39:07.585207Z", "fetched_at": "2025-07-16T01:39:33.765372+00:00", "symbol": "BTC-USD"}, {"trade_id": 850045042, "side": "buy", "size": "0.00202546", "price": "117760.57000000", "time": "2025-07-16T01:39:07.585207Z", "fetched_at": "2025-07-16T01:39:33.765372+00:00", "symbol": "BTC-USD"}, {"trade_id": 850045041, "side": "buy", "size": "0.00002462", "price": "117760.57000000", "time": "2025-07-16T01:39:07.585207Z", "fetched_at": "2025-07-16T01:39:33.765372+00:00", "symbol": "BTC-USD"}, {"trade_id": 850045040, "side": "buy", "size": "0.00000900", "price": "117760.60000000", "time": "2025-07-16T01:39:07.585207Z", "fetched_at": "2025-07-16T01:39:33.765372+00:00", "symbol": "BTC-USD"}, {"trade_id": 850045039, "side": "buy", "size": "0.12086400", "price": "117760.60000000", "time": "2025-07-16T01:39:07.585207Z", "fetched_at": "2025-07-16T01:39:33.765372+00:00", "symbol": "BTC-USD"}, {"trade_id": 850045038, "side": "buy", "size": "0.00065433", "price": "117760.62000000", "time": "2025-07-16T01:39:07.585207Z", "fetched_at": "2025-07-16T01:39:33.765372+00:00", "symbol": "BTC-USD"}, {"trade_id": 850045037, "side": "sell", "size": "0.00322294", "price": "117760.63000000", "time": "2025-07-16T01:39:06.953434Z", "fetched_at": "2025-07-16T01:39:33.765372+00:00", "symbol": "BTC-USD"}, {"trade_id": 850045036, "side": "sell", "size": "0.00060434", "price": "117763.12000000", "time": "2025-07-16T01:39:06.039973Z", "fetched_at": "2025-07-16T01:39:33.765372+00:00", "symbol": "BTC-USD"}, {"trade_id": 850045035, "side": "sell", "size": "0.00127295", "price": "117761.35000000", "time": "2025-07-16T01:39:05.737961Z", "fetched_at": "2025-07-16T01:39:33.765372+00:00", "symbol": "BTC-USD"}, {"trade_id": 850045034, "side": "buy", "size": "0.00007987", "price": "117760.62000000", "time": "2025-07-16T01:39:05.694860Z", "fetched_at": "2025-07-16T01:39:33.765372+00:00", "symbol": "BTC-USD"}, {"trade_id": 850045033, "side": "sell", "size": "0.06210519", "price": "117772.60000000", "time": "2025-07-16T01:39:05.669506Z", "fetched_at": "2025-07-16T01:39:33.765372+00:00", "symbol": "BTC-USD"}, {"trade_id": 850045032, "side": "sell", "size": "0.04710301", "price": "117772.59000000", "time": "2025-07-16T01:39:05.669506Z", "fetched_at": "2025-07-16T01:39:33.765372+00:00", "symbol": "BTC-USD"}, {"trade_id": 850045031, "side": "sell", "size": "0.00849180", "price": "117760.65000000", "time": "2025-07-16T01:39:05.669506Z", "fetched_at": "2025-07-16T01:39:33.765372+00:00", "symbol": "BTC-USD"}, {"trade_id": 850045030, "side": "sell", "size": "0.13230000", "price": "117760.63000000", "time": "2025-07-16T01:39:05.669506Z", "fetched_at": "2025-07-16T01:39:33.765372+00:00", "symbol": "BTC-USD"}, {"trade_id": 850045029, "side": "sell", "size": "0.00082541", "price": "117763.96000000", "time": "2025-07-16T01:39:05.486865Z", "fetched_at": "2025-07-16T01:39:33.765372+00:00", "symbol": "BTC-USD"}, {"trade_id": 850045028, "side": "buy", "size": "0.00029795", "price": "117760.62000000", "time": "2025-07-16T01:39:05.087637Z", "fetched_at": "2025-07-16T01:39:33.765372+00:00", "symbol": "BTC-USD"}, {"trade_id": 850045027, "side": "buy", "size": "0.00003742", "price": "117760.66000000", "time": "2025-07-16T01:39:05.087637Z", "fetched_at": "2025-07-16T01:39:33.765372+00:00", "symbol": "BTC-USD"}, {"trade_id": 850045026, "side": "sell", "size": "0.00799905", "price": "117774.94000000", "time": "2025-07-16T01:39:04.779781Z", "fetched_at": "2025-07-16T01:39:33.765372+00:00", "symbol": "BTC-USD"}, {"trade_id": 850045025, "side": "sell", "size": "0.00001000", "price": "117774.54000000", "time": "2025-07-16T01:39:04.779781Z", "fetched_at": "2025-07-16T01:39:33.765372+00:00", "symbol": "BTC-USD"}, {"trade_id": 850045024, "side": "sell", "size": "0.00849124", "price": "117768.30000000", "time": "2025-07-16T01:39:04.779781Z", "fetched_at": "2025-07-16T01:39:33.765372+00:00", "symbol": "BTC-USD"}, {"trade_id": 850045023, "side": "sell", "size": "0.00001000", "price": "117765.71000000", "time": "2025-07-16T01:39:04.779781Z", "fetched_at": "2025-07-16T01:39:33.765372+00:00", "symbol": "BTC-USD"}, {"trade_id": 850045022, "side": "sell", "size": "0.00034000", "price": "117760.55000000", "time": "2025-07-16T01:39:04.535890Z", "fetched_at": "2025-07-16T01:39:33.765372+00:00", "symbol": "BTC-USD"}, {"trade_id": 850045021, "side": "sell", "size": "0.01693002", "price": "117759.20000000", "time": "2025-07-16T01:39:04.535890Z", "fetched_at": "2025-07-16T01:39:33.765372+00:00", "symbol": "BTC-USD"}, {"trade_id": 850045020, "side": "sell", "size": "0.01539920", "price": "117759.17000000", "time": "2025-07-16T01:39:04.535890Z", "fetched_at": "2025-07-16T01:39:33.765372+00:00", "symbol": "BTC-USD"}, {"trade_id": 850045019, "side": "sell", "size": "0.00001000", "price": "117756.88000000", "time": "2025-07-16T01:39:04.535890Z", "fetched_at": "2025-07-16T01:39:33.765372+00:00", "symbol": "BTC-USD"}, {"trade_id": 850045018, "side": "sell", "size": "0.04275349", "price": "117756.59000000", "time": "2025-07-16T01:39:04.535890Z", "fetched_at": "2025-07-16T01:39:33.765372+00:00", "symbol": "BTC-USD"}, {"trade_id": 850045017, "side": "sell", "size": "0.00310015", "price": "117752.99000000", "time": "2025-07-16T01:39:04.535890Z", "fetched_at": "2025-07-16T01:39:33.765372+00:00", "symbol": "BTC-USD"}, {"trade_id": 850045016, "side": "sell", "size": "0.00001575", "price": "117752.29000000", "time": "2025-07-16T01:39:04.535890Z", "fetched_at": "2025-07-16T01:39:33.765372+00:00", "symbol": "BTC-USD"}, {"trade_id": 850045015, "side": "sell", "size": "0.00020260", "price": "117752.29000000", "time": "2025-07-16T01:39:04.535890Z", "fetched_at": "2025-07-16T01:39:33.765372+00:00", "symbol": "BTC-USD"}, {"trade_id": 850045014, "side": "sell", "size": "0.00000881", "price": "117752.29000000", "time": "2025-07-16T01:39:04.535890Z", "fetched_at": "2025-07-16T01:39:33.765372+00:00", "symbol": "BTC-USD"}, {"trade_id": 850045013, "side": "sell", "size": "0.00000229", "price": "117752.29000000", "time": "2025-07-16T01:39:04.535890Z", "fetched_at": "2025-07-16T01:39:33.765372+00:00", "symbol": "BTC-USD"}, {"trade_id": 850045012, "side": "sell", "size": "0.00849248", "price": "117751.21000000", "time": "2025-07-16T01:39:04.535572Z", "fetched_at": "2025-07-16T01:39:33.765372+00:00", "symbol": "BTC-USD"}, {"trade_id": 850045011, "side": "sell", "size": "0.00849260", "price": "117749.44000000", "time": "2025-07-16T01:39:04.535572Z", "fetched_at": "2025-07-16T01:39:33.765372+00:00", "symbol": "BTC-USD"}, {"trade_id": 850045010, "side": "buy", "size": "0.00000008", "price": "117747.98000000", "time": "2025-07-16T01:39:04.512524Z", "fetched_at": "2025-07-16T01:39:33.765372+00:00", "symbol": "BTC-USD"}, {"trade_id": 850045009, "side": "buy", "size": "0.00339708", "price": "117747.98000000", "time": "2025-07-16T01:39:03.827361Z", "fetched_at": "2025-07-16T01:39:33.765372+00:00", "symbol": "BTC-USD"}, {"trade_id": 850045008, "side": "buy", "size": "0.00943737", "price": "117747.98000000", "time": "2025-07-16T01:39:03.402945Z", "fetched_at": "2025-07-16T01:39:33.765372+00:00", "symbol": "BTC-USD"}, {"trade_id": 850045007, "side": "buy", "size": "0.00204100", "price": "117748.00000000", "time": "2025-07-16T01:39:03.402945Z", "fetched_at": "2025-07-16T01:39:33.765372+00:00", "symbol": "BTC-USD"}, {"trade_id": 850045006, "side": "buy", "size": "0.00428041", "price": "117748.02000000", "time": "2025-07-16T01:39:01.964208Z", "fetched_at": "2025-07-16T01:39:33.765372+00:00", "symbol": "BTC-USD"}, {"trade_id": 850045005, "side": "buy", "size": "0.00000900", "price": "117748.05000000", "time": "2025-07-16T01:39:01.964208Z", "fetched_at": "2025-07-16T01:39:33.765372+00:00", "symbol": "BTC-USD"}, {"trade_id": 850045004, "side": "sell", "size": "0.00159722", "price": "117749.82000000", "time": "2025-07-16T01:39:01.554181Z", "fetched_at": "2025-07-16T01:39:33.765372+00:00", "symbol": "BTC-USD"}, {"trade_id": 850045003, "side": "sell", "size": "0.00021412", "price": "117748.05000000", "time": "2025-07-16T01:39:01.554181Z", "fetched_at": "2025-07-16T01:39:33.765372+00:00", "symbol": "BTC-USD"}, {"trade_id": 850045002, "side": "sell", "size": "0.00000159", "price": "117748.05000000", "time": "2025-07-16T01:39:01.554181Z", "fetched_at": "2025-07-16T01:39:33.765372+00:00", "symbol": "BTC-USD"}, {"trade_id": 850045001, "side": "buy", "size": "0.00003399", "price": "117748.04000000", "time": "2025-07-16T01:39:01.021010Z", "fetched_at": "2025-07-16T01:39:33.765372+00:00", "symbol": "BTC-USD"}, {"trade_id": 850045000, "side": "sell", "size": "0.00001682", "price": "117747.58000000", "time": "2025-07-16T01:39:00.131809Z", "fetched_at": "2025-07-16T01:39:33.765372+00:00", "symbol": "BTC-USD"}, {"trade_id": 850044999, "side": "sell", "size": "0.00012615", "price": "117747.58000000", "time": "2025-07-16T01:38:59.843167Z", "fetched_at": "2025-07-16T01:39:33.765372+00:00", "symbol": "BTC-USD"}, {"trade_id": 850044998, "side": "sell", "size": "0.00288349", "price": "117747.69000000", "time": "2025-07-16T01:38:59.599921Z", "fetched_at": "2025-07-16T01:39:33.765372+00:00", "symbol": "BTC-USD"}, {"trade_id": 850044997, "side": "sell", "size": "0.00003995", "price": "117747.82000000", "time": "2025-07-16T01:38:59.221932Z", "fetched_at": "2025-07-16T01:39:33.765372+00:00", "symbol": "BTC-USD"}, {"trade_id": 850044996, "side": "sell", "size": "0.00082552", "price": "117747.93000000", "time": "2025-07-16T01:38:59.197796Z", "fetched_at": "2025-07-16T01:39:33.765372+00:00", "symbol": "BTC-USD"}, {"trade_id": 850044995, "side": "sell", "size": "0.00000841", "price": "117748.05000000", "time": "2025-07-16T01:38:59.084964Z", "fetched_at": "2025-07-16T01:39:33.765372+00:00", "symbol": "BTC-USD"}, {"trade_id": 850044994, "side": "sell", "size": "0.00041046", "price": "117745.73000000", "time": "2025-07-16T01:38:58.456628Z", "fetched_at": "2025-07-16T01:39:33.765372+00:00", "symbol": "BTC-USD"}, {"trade_id": 850044993, "side": "sell", "size": "0.00001000", "price": "117739.22000000", "time": "2025-07-16T01:38:58.456628Z", "fetched_at": "2025-07-16T01:39:33.765372+00:00", "symbol": "BTC-USD"}, {"trade_id": 850044992, "side": "sell", "size": "0.00805739", "price": "117735.22000000", "time": "2025-07-16T01:38:58.195666Z", "fetched_at": "2025-07-16T01:39:33.765372+00:00", "symbol": "BTC-USD"}, {"trade_id": 850044991, "side": "sell", "size": "0.00412851", "price": "117735.18000000", "time": "2025-07-16T01:38:57.770409Z", "fetched_at": "2025-07-16T01:39:33.765372+00:00", "symbol": "BTC-USD"}, {"trade_id": 850044990, "side": "sell", "size": "0.00042915", "price": "117735.09000000", "time": "2025-07-16T01:38:57.691242Z", "fetched_at": "2025-07-16T01:39:33.765372+00:00", "symbol": "BTC-USD"}, {"trade_id": 850044989, "side": "buy", "size": "0.00009174", "price": "117726.02000000", "time": "2025-07-16T01:38:57.542367Z", "fetched_at": "2025-07-16T01:39:33.765372+00:00", "symbol": "BTC-USD"}, {"trade_id": 850044988, "side": "sell", "size": "0.00006762", "price": "117735.09000000", "time": "2025-07-16T01:38:57.207330Z", "fetched_at": "2025-07-16T01:39:33.765372+00:00", "symbol": "BTC-USD"}, {"trade_id": 850044987, "side": "sell", "size": "0.00059433", "price": "117735.09000000", "time": "2025-07-16T01:38:56.705728Z", "fetched_at": "2025-07-16T01:39:33.765372+00:00", "symbol": "BTC-USD"}, {"trade_id": 850044986, "side": "sell", "size": "0.01352342", "price": "117734.42000000", "time": "2025-07-16T01:38:56.435129Z", "fetched_at": "2025-07-16T01:39:33.765372+00:00", "symbol": "BTC-USD"}, {"trade_id": 850044985, "side": "sell", "size": "0.00000446", "price": "117733.45000000", "time": "2025-07-16T01:38:56.435129Z", "fetched_at": "2025-07-16T01:39:33.765372+00:00", "symbol": "BTC-USD"}, {"trade_id": 850044984, "side": "sell", "size": "0.00000492", "price": "117733.45000000", "time": "2025-07-16T01:38:56.435129Z", "fetched_at": "2025-07-16T01:39:33.765372+00:00", "symbol": "BTC-USD"}, {"trade_id": 850044983, "side": "sell", "size": "0.00000195", "price": "117733.45000000", "time": "2025-07-16T01:38:56.435129Z", "fetched_at": "2025-07-16T01:39:33.765372+00:00", "symbol": "BTC-USD"}, {"trade_id": 850044982, "side": "sell", "size": "0.01064297", "price": "117733.43000000", "time": "2025-07-16T01:38:56.435129Z", "fetched_at": "2025-07-16T01:39:33.765372+00:00", "symbol": "BTC-USD"}, {"trade_id": 850044981, "side": "sell", "size": "0.00010160", "price": "117731.77000000", "time": "2025-07-16T01:38:56.171406Z", "fetched_at": "2025-07-16T01:39:33.765372+00:00", "symbol": "BTC-USD"}, {"trade_id": 850044980, "side": "sell", "size": "0.00004134", "price": "117731.76000000", "time": "2025-07-16T01:38:56.171406Z", "fetched_at": "2025-07-16T01:39:33.765372+00:00", "symbol": "BTC-USD"}, {"trade_id": 850044979, "side": "sell", "size": "0.00000637", "price": "117731.76000000", "time": "2025-07-16T01:38:56.171406Z", "fetched_at": "2025-07-16T01:39:33.765372+00:00", "symbol": "BTC-USD"}, {"trade_id": 850044978, "side": "sell", "size": "0.00001993", "price": "117731.76000000", "time": "2025-07-16T01:38:56.171406Z", "fetched_at": "2025-07-16T01:39:33.765372+00:00", "symbol": "BTC-USD"}, {"trade_id": 850044977, "side": "buy", "size": "0.00012745", "price": "117725.49000000", "time": "2025-07-16T01:38:55.898906Z", "fetched_at": "2025-07-16T01:39:33.765372+00:00", "symbol": "BTC-USD"}, {"trade_id": 850044976, "side": "buy", "size": "0.00373217", "price": "117725.34000000", "time": "2025-07-16T01:38:55.465743Z", "fetched_at": "2025-07-16T01:39:33.765372+00:00", "symbol": "BTC-USD"}, {"trade_id": 850044975, "side": "buy", "size": "0.00619704", "price": "117725.30000000", "time": "2025-07-16T01:38:55.129068Z", "fetched_at": "2025-07-16T01:39:33.765372+00:00", "symbol": "BTC-USD"}, {"trade_id": 850044974, "side": "sell", "size": "0.00288960", "price": "117731.76000000", "time": "2025-07-16T01:38:54.890257Z", "fetched_at": "2025-07-16T01:39:33.765372+00:00", "symbol": "BTC-USD"}, {"trade_id": 850044973, "side": "sell", "size": "0.00003201", "price": "117731.76000000", "time": "2025-07-16T01:38:54.232090Z", "fetched_at": "2025-07-16T01:39:33.765372+00:00", "symbol": "BTC-USD"}, {"trade_id": 850044972, "side": "sell", "size": "0.00001000", "price": "117730.39000000", "time": "2025-07-16T01:38:54.232090Z", "fetched_at": "2025-07-16T01:39:33.765372+00:00", "symbol": "BTC-USD"}, {"trade_id": 850044971, "side": "sell", "size": "0.00022177", "price": "117723.33000000", "time": "2025-07-16T01:38:53.978564Z", "fetched_at": "2025-07-16T01:39:33.765372+00:00", "symbol": "BTC-USD"}, {"trade_id": 850044970, "side": "sell", "size": "0.00019099", "price": "117721.56000000", "time": "2025-07-16T01:38:53.978564Z", "fetched_at": "2025-07-16T01:39:33.765372+00:00", "symbol": "BTC-USD"}, {"trade_id": 850044969, "side": "sell", "size": "0.00040276", "price": "117729.75000000", "time": "2025-07-16T01:38:53.526288Z", "fetched_at": "2025-07-16T01:39:33.765372+00:00", "symbol": "BTC-USD"}, {"trade_id": 850044968, "side": "sell", "size": "0.00001000", "price": "117721.56000000", "time": "2025-07-16T01:38:53.526288Z", "fetched_at": "2025-07-16T01:39:33.765372+00:00", "symbol": "BTC-USD"}, {"trade_id": 850044967, "side": "sell", "size": "0.00000664", "price": "117717.98000000", "time": "2025-07-16T01:38:53.416040Z", "fetched_at": "2025-07-16T01:39:33.765372+00:00", "symbol": "BTC-USD"}, {"trade_id": 850044966, "side": "sell", "size": "0.00000212", "price": "117717.98000000", "time": "2025-07-16T01:38:53.416040Z", "fetched_at": "2025-07-16T01:39:33.765372+00:00", "symbol": "BTC-USD"}, {"trade_id": 850044965, "side": "sell", "size": "0.00001033", "price": "117717.98000000", "time": "2025-07-16T01:38:53.416040Z", "fetched_at": "2025-07-16T01:39:33.765372+00:00", "symbol": "BTC-USD"}, {"trade_id": 850044964, "side": "sell", "size": "0.00013929", "price": "117717.98000000", "time": "2025-07-16T01:38:53.416040Z", "fetched_at": "2025-07-16T01:39:33.765372+00:00", "symbol": "BTC-USD"}, {"trade_id": 850044963, "side": "sell", "size": "0.01263012", "price": "117717.98000000", "time": "2025-07-16T01:38:53.416040Z", "fetched_at": "2025-07-16T01:39:33.765372+00:00", "symbol": "BTC-USD"}, {"trade_id": 850044962, "side": "sell", "size": "0.00252298", "price": "117717.98000000", "time": "2025-07-16T01:38:53.414603Z", "fetched_at": "2025-07-16T01:39:33.765372+00:00", "symbol": "BTC-USD"}, {"trade_id": 850044961, "side": "sell", "size": "0.00029460", "price": "117717.98000000", "time": "2025-07-16T01:38:53.392806Z", "fetched_at": "2025-07-16T01:39:33.765372+00:00", "symbol": "BTC-USD"}, {"trade_id": 850044960, "side": "sell", "size": "0.00019009", "price": "117717.98000000", "time": "2025-07-16T01:38:53.321183Z", "fetched_at": "2025-07-16T01:39:33.765372+00:00", "symbol": "BTC-USD"}, {"trade_id": 850044959, "side": "buy", "size": "0.00129199", "price": "117717.97000000", "time": "2025-07-16T01:38:53.251139Z", "fetched_at": "2025-07-16T01:39:33.765372+00:00", "symbol": "BTC-USD"}, {"trade_id": 850044958, "side": "sell", "size": "0.00000925", "price": "117717.98000000", "time": "2025-07-16T01:38:52.914907Z", "fetched_at": "2025-07-16T01:39:33.765372+00:00", "symbol": "BTC-USD"}, {"trade_id": 850044957, "side": "sell", "size": "0.00803376", "price": "117717.97000000", "time": "2025-07-16T01:38:52.797742Z", "fetched_at": "2025-07-16T01:39:33.765372+00:00", "symbol": "BTC-USD"}, {"trade_id": 850044956, "side": "sell", "size": "0.00001000", "price": "117712.73000000", "time": "2025-07-16T01:38:52.797742Z", "fetched_at": "2025-07-16T01:39:33.765372+00:00", "symbol": "BTC-USD"}, {"trade_id": 850044955, "side": "sell", "size": "0.00001363", "price": "117706.55000000", "time": "2025-07-16T01:38:52.797742Z", "fetched_at": "2025-07-16T01:39:33.765372+00:00", "symbol": "BTC-USD"}, {"trade_id": 850044954, "side": "sell", "size": "0.00629441", "price": "117712.26000000", "time": "2025-07-16T01:38:52.299944Z", "fetched_at": "2025-07-16T01:39:33.765372+00:00", "symbol": "BTC-USD"}, {"trade_id": 850044953, "side": "sell", "size": "0.00001404", "price": "117706.54000000", "time": "2025-07-16T01:38:52.299944Z", "fetched_at": "2025-07-16T01:39:33.765372+00:00", "symbol": "BTC-USD"}, {"trade_id": 850044952, "side": "sell", "size": "0.00014708", "price": "117698.69000000", "time": "2025-07-16T01:38:51.625348Z", "fetched_at": "2025-07-16T01:39:33.765372+00:00", "symbol": "BTC-USD"}, {"trade_id": 850044951, "side": "sell", "size": "0.00001405", "price": "117692.47000000", "time": "2025-07-16T01:38:51.625348Z", "fetched_at": "2025-07-16T01:39:33.765372+00:00", "symbol": "BTC-USD"}, {"trade_id": 850044950, "side": "buy", "size": "0.10930479", "price": "117692.46000000", "time": "2025-07-16T01:38:51.296208Z", "fetched_at": "2025-07-16T01:39:33.765372+00:00", "symbol": "BTC-USD"}, {"trade_id": 850044949, "side": "buy", "size": "0.02217384", "price": "117692.46000000", "time": "2025-07-16T01:38:51.296208Z", "fetched_at": "2025-07-16T01:39:33.765372+00:00", "symbol": "BTC-USD"}, {"trade_id": 850044948, "side": "buy", "size": "0.02000000", "price": "117692.46000000", "time": "2025-07-16T01:38:51.296208Z", "fetched_at": "2025-07-16T01:39:33.765372+00:00", "symbol": "BTC-USD"}, {"trade_id": 850044947, "side": "buy", "size": "0.00222137", "price": "117692.46000000", "time": "2025-07-16T01:38:51.296208Z", "fetched_at": "2025-07-16T01:39:33.765372+00:00", "symbol": "BTC-USD"}, {"trade_id": 850044946, "side": "sell", "size": "0.00039788", "price": "117691.62000000", "time": "2025-07-16T01:38:50.982535Z", "fetched_at": "2025-07-16T01:39:33.765372+00:00", "symbol": "BTC-USD"}, {"trade_id": 850044945, "side": "sell", "size": "0.00001488", "price": "117691.27000000", "time": "2025-07-16T01:38:50.982535Z", "fetched_at": "2025-07-16T01:39:33.765372+00:00", "symbol": "BTC-USD"}, {"trade_id": 850044944, "side": "buy", "size": "0.00008291", "price": "117691.26000000", "time": "2025-07-16T01:38:49.847748Z", "fetched_at": "2025-07-16T01:39:33.765372+00:00", "symbol": "BTC-USD"}, {"trade_id": 850044943, "side": "sell", "size": "0.00203217", "price": "117698.75000000", "time": "2025-07-16T01:38:49.233448Z", "fetched_at": "2025-07-16T01:39:33.765372+00:00", "symbol": "BTC-USD"}, {"trade_id": 850044942, "side": "sell", "size": "0.00003163", "price": "117691.81000000", "time": "2025-07-16T01:38:49.233448Z", "fetched_at": "2025-07-16T01:39:33.765372+00:00", "symbol": "BTC-USD"}, {"trade_id": 850044941, "side": "sell", "size": "0.00084099", "price": "117691.81000000", "time": "2025-07-16T01:38:49.176540Z", "fetched_at": "2025-07-16T01:39:33.765372+00:00", "symbol": "BTC-USD"}, {"trade_id": 850044940, "side": "sell", "size": "0.00041276", "price": "117691.81000000", "time": "2025-07-16T01:38:48.782638Z", "fetched_at": "2025-07-16T01:39:33.765372+00:00", "symbol": "BTC-USD"}, {"trade_id": 850044939, "side": "buy", "size": "0.00006864", "price": "117691.26000000", "time": "2025-07-16T01:38:48.221335Z", "fetched_at": "2025-07-16T01:39:33.765372+00:00", "symbol": "BTC-USD"}, {"trade_id": 850044938, "side": "sell", "size": "0.00012379", "price": "117700.06000000", "time": "2025-07-16T01:38:47.425526Z", "fetched_at": "2025-07-16T01:39:33.765372+00:00", "symbol": "BTC-USD"}, {"trade_id": 850044937, "side": "sell", "size": "0.00008410", "price": "117700.06000000", "time": "2025-07-16T01:38:47.354434Z", "fetched_at": "2025-07-16T01:39:33.765372+00:00", "symbol": "BTC-USD"}, {"trade_id": 850044936, "side": "sell", "size": "0.00020463", "price": "117700.08000000", "time": "2025-07-16T01:38:47.210805Z", "fetched_at": "2025-07-16T01:39:33.765372+00:00", "symbol": "BTC-USD"}, {"trade_id": 850044935, "side": "sell", "size": "0.00001547", "price": "117691.27000000", "time": "2025-07-16T01:38:47.210805Z", "fetched_at": "2025-07-16T01:39:33.765372+00:00", "symbol": "BTC-USD"}, {"trade_id": 850044934, "side": "sell", "size": "0.00126149", "price": "117700.05000000", "time": "2025-07-16T01:38:47.159862Z", "fetched_at": "2025-07-16T01:39:33.765372+00:00", "symbol": "BTC-USD"}, {"trade_id": 850044933, "side": "sell", "size": "0.00165104", "price": "117700.06000000", "time": "2025-07-16T01:38:47.132567Z", "fetched_at": "2025-07-16T01:39:33.765372+00:00", "symbol": "BTC-USD"}, {"trade_id": 850044932, "side": "sell", "size": "0.00103224", "price": "117700.06000000", "time": "2025-07-16T01:38:47.131341Z", "fetched_at": "2025-07-16T01:39:33.765372+00:00", "symbol": "BTC-USD"}, {"trade_id": 850044931, "side": "sell", "size": "0.00016820", "price": "117700.06000000", "time": "2025-07-16T01:38:47.097126Z", "fetched_at": "2025-07-16T01:39:33.765372+00:00", "symbol": "BTC-USD"}, {"trade_id": 850044930, "side": "sell", "size": "0.00012379", "price": "117700.06000000", "time": "2025-07-16T01:38:47.000815Z", "fetched_at": "2025-07-16T01:39:33.765372+00:00", "symbol": "BTC-USD"}, {"trade_id": 850044929, "side": "sell", "size": "0.00041276", "price": "117700.06000000", "time": "2025-07-16T01:38:46.779396Z", "fetched_at": "2025-07-16T01:39:33.765372+00:00", "symbol": "BTC-USD"}, {"trade_id": 850044928, "side": "sell", "size": "0.00008410", "price": "117700.06000000", "time": "2025-07-16T01:38:46.764283Z", "fetched_at": "2025-07-16T01:39:33.765372+00:00", "symbol": "BTC-USD"}, {"trade_id": 850044927, "side": "sell", "size": "0.00006959", "price": "117700.08000000", "time": "2025-07-16T01:38:46.665044Z", "fetched_at": "2025-07-16T01:39:33.765372+00:00", "symbol": "BTC-USD"}, {"trade_id": 850044926, "side": "sell", "size": "0.00001451", "price": "117691.27000000", "time": "2025-07-16T01:38:46.665044Z", "fetched_at": "2025-07-16T01:39:33.765372+00:00", "symbol": "BTC-USD"}, {"trade_id": 850044925, "side": "sell", "size": "0.00081055", "price": "117700.08000000", "time": "2025-07-16T01:38:46.537213Z", "fetched_at": "2025-07-16T01:39:33.765372+00:00", "symbol": "BTC-USD"}, {"trade_id": 850044924, "side": "sell", "size": "0.00001497", "price": "117691.27000000", "time": "2025-07-16T01:38:46.537213Z", "fetched_at": "2025-07-16T01:39:33.765372+00:00", "symbol": "BTC-USD"}, {"trade_id": 850044923, "side": "buy", "size": "0.00688315", "price": "117684.01000000", "time": "2025-07-16T01:38:46.359351Z", "fetched_at": "2025-07-16T01:39:33.765372+00:00", "symbol": "BTC-USD"}, {"trade_id": 850044922, "side": "buy", "size": "0.00008912", "price": "117684.02000000", "time": "2025-07-16T01:38:46.359351Z", "fetched_at": "2025-07-16T01:39:33.765372+00:00", "symbol": "BTC-USD"}, {"trade_id": 850044921, "side": "buy", "size": "0.00000110", "price": "117687.71000000", "time": "2025-07-16T01:38:46.359351Z", "fetched_at": "2025-07-16T01:39:33.765372+00:00", "symbol": "BTC-USD"}, {"trade_id": 850044920, "side": "buy", "size": "0.00849694", "price": "117689.49000000", "time": "2025-07-16T01:38:46.359351Z", "fetched_at": "2025-07-16T01:39:33.765372+00:00", "symbol": "BTC-USD"}, {"trade_id": 850044919, "side": "buy", "size": "0.00000348", "price": "117689.65000000", "time": "2025-07-16T01:38:46.359351Z", "fetched_at": "2025-07-16T01:39:33.765372+00:00", "symbol": "BTC-USD"}, {"trade_id": 850044918, "side": "buy", "size": "0.00135007", "price": "117689.65000000", "time": "2025-07-16T01:38:46.359351Z", "fetched_at": "2025-07-16T01:39:33.765372+00:00", "symbol": "BTC-USD"}, {"trade_id": 850044917, "side": "buy", "size": "0.00216548", "price": "117691.25000000", "time": "2025-07-16T01:38:46.359351Z", "fetched_at": "2025-07-16T01:39:33.765372+00:00", "symbol": "BTC-USD"}, {"trade_id": 850044916, "side": "buy", "size": "0.00999999", "price": "117691.26000000", "time": "2025-07-16T01:38:46.359351Z", "fetched_at": "2025-07-16T01:39:33.765372+00:00", "symbol": "BTC-USD"}, {"trade_id": 850044915, "side": "buy", "size": "0.00440830", "price": "117691.26000000", "time": "2025-07-16T01:38:46.359351Z", "fetched_at": "2025-07-16T01:39:33.765372+00:00", "symbol": "BTC-USD"}, {"trade_id": 850044914, "side": "sell", "size": "0.00101693", "price": "117700.08000000", "time": "2025-07-16T01:38:46.304705Z", "fetched_at": "2025-07-16T01:39:33.765372+00:00", "symbol": "BTC-USD"}, {"trade_id": 850044913, "side": "sell", "size": "0.00001497", "price": "117691.27000000", "time": "2025-07-16T01:38:46.304705Z", "fetched_at": "2025-07-16T01:39:33.765372+00:00", "symbol": "BTC-USD"}, {"trade_id": 850044912, "side": "sell", "size": "0.00006913", "price": "117700.08000000", "time": "2025-07-16T01:38:46.179990Z", "fetched_at": "2025-07-16T01:39:33.765372+00:00", "symbol": "BTC-USD"}, {"trade_id": 850044911, "side": "sell", "size": "0.00001497", "price": "117691.30000000", "time": "2025-07-16T01:38:46.179990Z", "fetched_at": "2025-07-16T01:39:33.765372+00:00", "symbol": "BTC-USD"}, {"trade_id": 850044910, "side": "sell", "size": "0.00206380", "price": "117700.08000000", "time": "2025-07-16T01:38:46.069522Z", "fetched_at": "2025-07-16T01:39:33.765372+00:00", "symbol": "BTC-USD"}, {"trade_id": 850044909, "side": "sell", "size": "0.00123828", "price": "117700.09000000", "time": "2025-07-16T01:38:45.694864Z", "fetched_at": "2025-07-16T01:39:33.765372+00:00", "symbol": "BTC-USD"}, {"trade_id": 850044908, "side": "sell", "size": "0.00017632", "price": "117700.09000000", "time": "2025-07-16T01:38:45.317257Z", "fetched_at": "2025-07-16T01:39:33.765372+00:00", "symbol": "BTC-USD"}, {"trade_id": 850044907, "side": "sell", "size": "0.00383600", "price": "117698.23000000", "time": "2025-07-16T01:38:45.317257Z", "fetched_at": "2025-07-16T01:39:33.765372+00:00", "symbol": "BTC-USD"}, {"trade_id": 850044906, "side": "sell", "size": "0.00010127", "price": "117697.39000000", "time": "2025-07-16T01:38:45.317257Z", "fetched_at": "2025-07-16T01:39:33.765372+00:00", "symbol": "BTC-USD"}, {"trade_id": 850044905, "side": "sell", "size": "0.00001400", "price": "117691.41000000", "time": "2025-07-16T01:38:45.317257Z", "fetched_at": "2025-07-16T01:39:33.765372+00:00", "symbol": "BTC-USD"}, {"trade_id": 850044904, "side": "sell", "size": "0.00041261", "price": "117698.23000000", "time": "2025-07-16T01:38:45.244144Z", "fetched_at": "2025-07-16T01:39:33.765372+00:00", "symbol": "BTC-USD"}, {"trade_id": 850044903, "side": "sell", "size": "0.00040284", "price": "117697.39000000", "time": "2025-07-16T01:38:45.087483Z", "fetched_at": "2025-07-16T01:39:33.765372+00:00", "symbol": "BTC-USD"}, {"trade_id": 850044902, "side": "sell", "size": "0.00002646", "price": "117697.39000000", "time": "2025-07-16T01:38:44.865915Z", "fetched_at": "2025-07-16T01:39:33.765372+00:00", "symbol": "BTC-USD"}, {"trade_id": 850044901, "side": "sell", "size": "0.00001698", "price": "117697.38000000", "time": "2025-07-16T01:38:44.865915Z", "fetched_at": "2025-07-16T01:39:33.765372+00:00", "symbol": "BTC-USD"}, {"trade_id": 850044900, "side": "sell", "size": "0.00034674", "price": "117697.39000000", "time": "2025-07-16T01:38:44.843769Z", "fetched_at": "2025-07-16T01:39:33.765372+00:00", "symbol": "BTC-USD"}, {"trade_id": 850044899, "side": "sell", "size": "0.00018940", "price": "117697.39000000", "time": "2025-07-16T01:38:44.841232Z", "fetched_at": "2025-07-16T01:39:33.765372+00:00", "symbol": "BTC-USD"}, {"trade_id": 850044898, "side": "sell", "size": "0.00001698", "price": "117691.27000000", "time": "2025-07-16T01:38:44.841232Z", "fetched_at": "2025-07-16T01:39:33.765372+00:00", "symbol": "BTC-USD"}, {"trade_id": 850044897, "side": "sell", "size": "0.00000826", "price": "117697.38000000", "time": "2025-07-16T01:38:44.621101Z", "fetched_at": "2025-07-16T01:39:33.765372+00:00", "symbol": "BTC-USD"}, {"trade_id": 850044896, "side": "sell", "size": "0.00016031", "price": "117697.39000000", "time": "2025-07-16T01:38:43.978582Z", "fetched_at": "2025-07-16T01:39:33.765372+00:00", "symbol": "BTC-USD"}, {"trade_id": 850044895, "side": "sell", "size": "0.00001975", "price": "117697.38000000", "time": "2025-07-16T01:38:43.978582Z", "fetched_at": "2025-07-16T01:39:33.765372+00:00", "symbol": "BTC-USD"}, {"trade_id": 850044894, "side": "buy", "size": "0.00079293", "price": "117681.13000000", "time": "2025-07-16T01:38:43.405091Z", "fetched_at": "2025-07-16T01:39:33.765372+00:00", "symbol": "BTC-USD"}, {"trade_id": 850044893, "side": "buy", "size": "0.00000696", "price": "117681.13000000", "time": "2025-07-16T01:38:43.405091Z", "fetched_at": "2025-07-16T01:39:33.765372+00:00", "symbol": "BTC-USD"}, {"trade_id": 850044892, "side": "buy", "size": "0.00000280", "price": "117681.13000000", "time": "2025-07-16T01:38:43.405091Z", "fetched_at": "2025-07-16T01:39:33.765372+00:00", "symbol": "BTC-USD"}, {"trade_id": 850044891, "side": "buy", "size": "0.00008912", "price": "117689.54000000", "time": "2025-07-16T01:38:43.405091Z", "fetched_at": "2025-07-16T01:39:33.765372+00:00", "symbol": "BTC-USD"}, {"trade_id": 850044890, "side": "sell", "size": "0.00080585", "price": "117697.39000000", "time": "2025-07-16T01:38:43.374689Z", "fetched_at": "2025-07-16T01:39:33.765372+00:00", "symbol": "BTC-USD"}, {"trade_id": 850044889, "side": "sell", "size": "0.00160974", "price": "117697.39000000", "time": "2025-07-16T01:38:43.311751Z", "fetched_at": "2025-07-16T01:39:33.765372+00:00", "symbol": "BTC-USD"}, {"trade_id": 850044888, "side": "sell", "size": "0.00041276", "price": "117697.29000000", "time": "2025-07-16T01:38:43.282834Z", "fetched_at": "2025-07-16T01:39:33.765372+00:00", "symbol": "BTC-USD"}, {"trade_id": 850044887, "side": "sell", "size": "0.06997671", "price": "117697.40000000", "time": "2025-07-16T01:38:43.209637Z", "fetched_at": "2025-07-16T01:39:33.765372+00:00", "symbol": "BTC-USD"}, {"trade_id": 850044886, "side": "sell", "size": "0.00849700", "price": "117697.27000000", "time": "2025-07-16T01:38:43.209637Z", "fetched_at": "2025-07-16T01:39:33.765372+00:00", "symbol": "BTC-USD"}, {"trade_id": 850044885, "side": "sell", "size": "0.00453055", "price": "117693.95000000", "time": "2025-07-16T01:38:43.140277Z", "fetched_at": "2025-07-16T01:39:33.765372+00:00", "symbol": "BTC-USD"}, {"trade_id": 850044884, "side": "sell", "size": "0.00392376", "price": "117691.10000000", "time": "2025-07-16T01:38:43.140277Z", "fetched_at": "2025-07-16T01:39:33.765372+00:00", "symbol": "BTC-USD"}, {"trade_id": 850044883, "side": "sell", "size": "0.00849707", "price": "117687.62000000", "time": "2025-07-16T01:38:43.140277Z", "fetched_at": "2025-07-16T01:39:33.765372+00:00", "symbol": "BTC-USD"}, {"trade_id": 850044882, "side": "sell", "size": "0.00016820", "price": "117691.10000000", "time": "2025-07-16T01:38:43.052408Z", "fetched_at": "2025-07-16T01:39:33.765372+00:00", "symbol": "BTC-USD"}, {"trade_id": 850044881, "side": "sell", "size": "0.00003292", "price": "117691.10000000", "time": "2025-07-16T01:38:43.012467Z", "fetched_at": "2025-07-16T01:39:33.765372+00:00", "symbol": "BTC-USD"}, {"trade_id": 850044880, "side": "sell", "size": "0.00410369", "price": "117690.63000000", "time": "2025-07-16T01:38:42.771820Z", "fetched_at": "2025-07-16T01:39:33.765372+00:00", "symbol": "BTC-USD"}, {"trade_id": 850044879, "side": "sell", "size": "0.00010128", "price": "117687.48000000", "time": "2025-07-16T01:38:42.771820Z", "fetched_at": "2025-07-16T01:39:33.765372+00:00", "symbol": "BTC-USD"}, {"trade_id": 850044878, "side": "buy", "size": "0.00001000", "price": "117686.24000000", "time": "2025-07-16T01:38:41.923731Z", "fetched_at": "2025-07-16T01:39:33.765372+00:00", "symbol": "BTC-USD"}, {"trade_id": 850044877, "side": "sell", "size": "0.00042000", "price": "117686.25000000", "time": "2025-07-16T01:38:41.918929Z", "fetched_at": "2025-07-16T01:39:33.765372+00:00", "symbol": "BTC-USD"}, {"trade_id": 850044876, "side": "buy", "size": "0.00849666", "price": "117693.32000000", "time": "2025-07-16T01:38:41.900082Z", "fetched_at": "2025-07-16T01:39:33.765372+00:00", "symbol": "BTC-USD"}, {"trade_id": 850044875, "side": "buy", "size": "0.00001000", "price": "117695.07000000", "time": "2025-07-16T01:38:41.894512Z", "fetched_at": "2025-07-16T01:39:33.765372+00:00", "symbol": "BTC-USD"}, {"trade_id": 850044874, "side": "buy", "size": "0.00999999", "price": "117695.08000000", "time": "2025-07-16T01:38:41.894512Z", "fetched_at": "2025-07-16T01:39:33.765372+00:00", "symbol": "BTC-USD"}, {"trade_id": 850044873, "side": "sell", "size": "0.00357184", "price": "117696.93000000", "time": "2025-07-16T01:38:41.781752Z", "fetched_at": "2025-07-16T01:39:33.765372+00:00", "symbol": "BTC-USD"}, {"trade_id": 850044872, "side": "sell", "size": "0.00849652", "price": "117695.16000000", "time": "2025-07-16T01:38:41.781752Z", "fetched_at": "2025-07-16T01:39:33.765372+00:00", "symbol": "BTC-USD"}, {"trade_id": 850044871, "side": "sell", "size": "0.00141534", "price": "117703.97000000", "time": "2025-07-16T01:38:41.626697Z", "fetched_at": "2025-07-16T01:39:33.765372+00:00", "symbol": "BTC-USD"}, {"trade_id": 850044870, "side": "sell", "size": "0.00002151", "price": "117700.23000000", "time": "2025-07-16T01:38:41.626697Z", "fetched_at": "2025-07-16T01:39:33.765372+00:00", "symbol": "BTC-USD"}, {"trade_id": 850044869, "side": "sell", "size": "0.00001989", "price": "117700.04000000", "time": "2025-07-16T01:38:41.626697Z", "fetched_at": "2025-07-16T01:39:33.765372+00:00", "symbol": "BTC-USD"}, {"trade_id": 850044868, "side": "sell", "size": "0.00001614", "price": "117699.58000000", "time": "2025-07-16T01:38:41.626697Z", "fetched_at": "2025-07-16T01:39:33.765372+00:00", "symbol": "BTC-USD"}, {"trade_id": 850044867, "side": "sell", "size": "0.00849644", "price": "117696.35000000", "time": "2025-07-16T01:38:41.626697Z", "fetched_at": "2025-07-16T01:39:33.765372+00:00", "symbol": "BTC-USD"}, {"trade_id": 850044866, "side": "sell", "size": "0.00001753", "price": "117695.49000000", "time": "2025-07-16T01:38:41.626697Z", "fetched_at": "2025-07-16T01:39:33.765372+00:00", "symbol": "BTC-USD"}, {"trade_id": 850044865, "side": "sell", "size": "0.00001314", "price": "117695.16000000", "time": "2025-07-16T01:38:41.626697Z", "fetched_at": "2025-07-16T01:39:33.765372+00:00", "symbol": "BTC-USD"}, {"trade_id": 850044864, "side": "buy", "size": "0.00008911", "price": "117702.25000000", "time": "2025-07-16T01:38:41.616399Z", "fetched_at": "2025-07-16T01:39:33.765372+00:00", "symbol": "BTC-USD"}, {"trade_id": 850044863, "side": "sell", "size": "0.00999999", "price": "117703.97000000", "time": "2025-07-16T01:38:41.611946Z", "fetched_at": "2025-07-16T01:39:33.765372+00:00", "symbol": "BTC-USD"}, {"trade_id": 850044862, "side": "sell", "size": "0.00150355", "price": "117702.26000000", "time": "2025-07-16T01:38:41.601199Z", "fetched_at": "2025-07-16T01:39:33.765372+00:00", "symbol": "BTC-USD"}, {"trade_id": 850044861, "side": "sell", "size": "0.00849644", "price": "117696.35000000", "time": "2025-07-16T01:38:41.601199Z", "fetched_at": "2025-07-16T01:39:33.765372+00:00", "symbol": "BTC-USD"}, {"trade_id": 850044860, "side": "sell", "size": "0.00999999", "price": "117702.33000000", "time": "2025-07-16T01:38:41.590658Z", "fetched_at": "2025-07-16T01:39:33.765372+00:00", "symbol": "BTC-USD"}, {"trade_id": 850044859, "side": "buy", "size": "0.00000560", "price": "117703.89000000", "time": "2025-07-16T01:38:41.579624Z", "fetched_at": "2025-07-16T01:39:33.765372+00:00", "symbol": "BTC-USD"}, {"trade_id": 850044858, "side": "buy", "size": "0.00006575", "price": "117703.89000000", "time": "2025-07-16T01:38:41.579624Z", "fetched_at": "2025-07-16T01:39:33.765372+00:00", "symbol": "BTC-USD"}, {"trade_id": 850044857, "side": "buy", "size": "0.00849580", "price": "117705.15000000", "time": "2025-07-16T01:38:41.579624Z", "fetched_at": "2025-07-16T01:39:33.765372+00:00", "symbol": "BTC-USD"}, {"trade_id": 850044856, "side": "buy", "size": "0.00999999", "price": "117706.77000000", "time": "2025-07-16T01:38:41.579624Z", "fetched_at": "2025-07-16T01:39:33.765372+00:00", "symbol": "BTC-USD"}, {"trade_id": 850044855, "side": "buy", "size": "0.00135106", "price": "117706.92000000", "time": "2025-07-16T01:38:41.579624Z", "fetched_at": "2025-07-16T01:39:33.765372+00:00", "symbol": "BTC-USD"}, {"trade_id": 850044854, "side": "buy", "size": "0.00000186", "price": "117706.92000000", "time": "2025-07-16T01:38:41.579624Z", "fetched_at": "2025-07-16T01:39:33.765372+00:00", "symbol": "BTC-USD"}, {"trade_id": 850044853, "side": "buy", "size": "0.00008910", "price": "117712.72000000", "time": "2025-07-16T01:38:41.428788Z", "fetched_at": "2025-07-16T01:39:33.765372+00:00", "symbol": "BTC-USD"}, {"trade_id": 850044852, "side": "buy", "size": "0.00067409", "price": "117712.72000000", "time": "2025-07-16T01:38:41.428788Z", "fetched_at": "2025-07-16T01:39:33.765372+00:00", "symbol": "BTC-USD"}, {"trade_id": 850044851, "side": "buy", "size": "0.00849501", "price": "117716.20000000", "time": "2025-07-16T01:38:41.399822Z", "fetched_at": "2025-07-16T01:39:33.765372+00:00", "symbol": "BTC-USD"}, {"trade_id": 850044850, "side": "sell", "size": "0.00998489", "price": "117716.60000000", "time": "2025-07-16T01:38:41.391799Z", "fetched_at": "2025-07-16T01:39:33.765372+00:00", "symbol": "BTC-USD"}, {"trade_id": 850044849, "side": "sell", "size": "0.00001510", "price": "117716.21000000", "time": "2025-07-16T01:38:41.391799Z", "fetched_at": "2025-07-16T01:39:33.765372+00:00", "symbol": "BTC-USD"}, {"trade_id": 850044848, "side": "buy", "size": "0.00000900", "price": "117717.95000000", "time": "2025-07-16T01:38:41.379984Z", "fetched_at": "2025-07-16T01:39:33.765372+00:00", "symbol": "BTC-USD"}, {"trade_id": 850044847, "side": "buy", "size": "0.00005000", "price": "117717.95000000", "time": "2025-07-16T01:38:41.379984Z", "fetched_at": "2025-07-16T01:39:33.765372+00:00", "symbol": "BTC-USD"}, {"trade_id": 850044846, "side": "buy", "size": "0.00999999", "price": "117717.96000000", "time": "2025-07-16T01:38:41.379984Z", "fetched_at": "2025-07-16T01:39:33.765372+00:00", "symbol": "BTC-USD"}, {"trade_id": 850044845, "side": "buy", "size": "0.00764870", "price": "117717.97000000", "time": "2025-07-16T01:38:41.379984Z", "fetched_at": "2025-07-16T01:39:33.765372+00:00", "symbol": "BTC-USD"}, {"trade_id": 850044844, "side": "buy", "size": "0.00337127", "price": "117717.97000000", "time": "2025-07-16T01:38:41.379984Z", "fetched_at": "2025-07-16T01:39:33.765372+00:00", "symbol": "BTC-USD"}, {"trade_id": 850044843, "side": "sell", "size": "0.00020638", "price": "117717.98000000", "time": "2025-07-16T01:38:41.242234Z", "fetched_at": "2025-07-16T01:39:33.765372+00:00", "symbol": "BTC-USD"}, {"trade_id": 850044842, "side": "sell", "size": "0.00082729", "price": "117717.98000000", "time": "2025-07-16T01:38:41.062743Z", "fetched_at": "2025-07-16T01:39:33.765372+00:00", "symbol": "BTC-USD"}, {"trade_id": 850044841, "side": "sell", "size": "0.00011029", "price": "117717.98000000", "time": "2025-07-16T01:38:40.066519Z", "fetched_at": "2025-07-16T01:39:33.765372+00:00", "symbol": "BTC-USD"}, {"trade_id": 850044840, "side": "sell", "size": "0.00480000", "price": "117717.98000000", "time": "2025-07-16T01:38:39.994862Z", "fetched_at": "2025-07-16T01:39:33.765372+00:00", "symbol": "BTC-USD"}, {"trade_id": 850044839, "side": "buy", "size": "0.00000734", "price": "117717.97000000", "time": "2025-07-16T01:38:39.923038Z", "fetched_at": "2025-07-16T01:39:33.765372+00:00", "symbol": "BTC-USD"}, {"trade_id": 850044838, "side": "buy", "size": "0.00002673", "price": "117717.97000000", "time": "2025-07-16T01:38:39.923038Z", "fetched_at": "2025-07-16T01:39:33.765372+00:00", "symbol": "BTC-USD"}, {"trade_id": 850044837, "side": "sell", "size": "0.00181334", "price": "117717.98000000", "time": "2025-07-16T01:38:38.398796Z", "fetched_at": "2025-07-16T01:39:33.765372+00:00", "symbol": "BTC-USD"}, {"trade_id": 850044836, "side": "sell", "size": "0.00010835", "price": "117717.98000000", "time": "2025-07-16T01:38:38.221645Z", "fetched_at": "2025-07-16T01:39:33.765372+00:00", "symbol": "BTC-USD"}, {"trade_id": 850044835, "side": "sell", "size": "0.00074627", "price": "117717.98000000", "time": "2025-07-16T01:38:37.858072Z", "fetched_at": "2025-07-16T01:39:33.765372+00:00", "symbol": "BTC-USD"}, {"trade_id": 850044834, "side": "sell", "size": "0.00038697", "price": "117717.98000000", "time": "2025-07-16T01:38:36.775734Z", "fetched_at": "2025-07-16T01:39:33.765372+00:00", "symbol": "BTC-USD"}, {"trade_id": 850044833, "side": "sell", "size": "0.00068257", "price": "117717.98000000", "time": "2025-07-16T01:38:36.641758Z", "fetched_at": "2025-07-16T01:39:33.765372+00:00", "symbol": "BTC-USD"}, {"trade_id": 850044832, "side": "sell", "size": "0.00008253", "price": "117717.98000000", "time": "2025-07-16T01:38:34.607759Z", "fetched_at": "2025-07-16T01:39:33.765372+00:00", "symbol": "BTC-USD"}, {"trade_id": 850044831, "side": "sell", "size": "0.00007360", "price": "117717.98000000", "time": "2025-07-16T01:38:33.671298Z", "fetched_at": "2025-07-16T01:39:33.765372+00:00", "symbol": "BTC-USD"}, {"trade_id": 850044830, "side": "buy", "size": "0.00126662", "price": "117715.95000000", "time": "2025-07-16T01:38:33.498473Z", "fetched_at": "2025-07-16T01:39:33.765372+00:00", "symbol": "BTC-USD"}, {"trade_id": 850044829, "side": "buy", "size": "0.00009211", "price": "117712.72000000", "time": "2025-07-16T01:38:33.287783Z", "fetched_at": "2025-07-16T01:39:33.765372+00:00", "symbol": "BTC-USD"}, {"trade_id": 850044828, "side": "sell", "size": "0.00204656", "price": "117714.19000000", "time": "2025-07-16T01:38:33.242291Z", "fetched_at": "2025-07-16T01:39:33.765372+00:00", "symbol": "BTC-USD"}, {"trade_id": 850044827, "side": "sell", "size": "0.00000664", "price": "117712.73000000", "time": "2025-07-16T01:38:33.242291Z", "fetched_at": "2025-07-16T01:39:33.765372+00:00", "symbol": "BTC-USD"}, {"trade_id": 850044826, "side": "sell", "size": "0.00000246", "price": "117712.73000000", "time": "2025-07-16T01:38:33.242291Z", "fetched_at": "2025-07-16T01:39:33.765372+00:00", "symbol": "BTC-USD"}, {"trade_id": 850044825, "side": "sell", "size": "0.00000842", "price": "117712.73000000", "time": "2025-07-16T01:38:33.242291Z", "fetched_at": "2025-07-16T01:39:33.765372+00:00", "symbol": "BTC-USD"}, {"trade_id": 850044824, "side": "sell", "size": "0.00000158", "price": "117712.73000000", "time": "2025-07-16T01:38:32.444263Z", "fetched_at": "2025-07-16T01:39:33.765372+00:00", "symbol": "BTC-USD"}, {"trade_id": 850044823, "side": "sell", "size": "0.00824305", "price": "117710.37000000", "time": "2025-07-16T01:38:31.368896Z", "fetched_at": "2025-07-16T01:39:33.765372+00:00", "symbol": "BTC-USD"}, {"trade_id": 850044822, "side": "sell", "size": "0.00001556", "price": "117706.94000000", "time": "2025-07-16T01:38:31.368896Z", "fetched_at": "2025-07-16T01:39:33.765372+00:00", "symbol": "BTC-USD"}, {"trade_id": 850044821, "side": "buy", "size": "0.00849776", "price": "117706.93000000", "time": "2025-07-16T01:38:30.844488Z", "fetched_at": "2025-07-16T01:39:33.765372+00:00", "symbol": "BTC-USD"}, {"trade_id": 850044820, "side": "sell", "size": "0.00000088", "price": "117708.10000000", "time": "2025-07-16T01:38:30.749108Z", "fetched_at": "2025-07-16T01:39:33.765372+00:00", "symbol": "BTC-USD"}, {"trade_id": 850044819, "side": "sell", "size": "0.00001579", "price": "117703.90000000", "time": "2025-07-16T01:38:30.749108Z", "fetched_at": "2025-07-16T01:39:33.765372+00:00", "symbol": "BTC-USD"}, {"trade_id": 850044818, "side": "sell", "size": "0.00053783", "price": "117703.90000000", "time": "2025-07-16T01:38:30.574314Z", "fetched_at": "2025-07-16T01:39:33.765372+00:00", "symbol": "BTC-USD"}, {"trade_id": 850044817, "side": "sell", "size": "0.01807435", "price": "117703.90000000", "time": "2025-07-16T01:38:30.574314Z", "fetched_at": "2025-07-16T01:39:33.765372+00:00", "symbol": "BTC-USD"}, {"trade_id": 850044816, "side": "sell", "size": "0.00712272", "price": "117703.90000000", "time": "2025-07-16T01:38:30.384541Z", "fetched_at": "2025-07-16T01:39:33.765372+00:00", "symbol": "BTC-USD"}, {"trade_id": 850044815, "side": "sell", "size": "0.00067603", "price": "117703.90000000", "time": "2025-07-16T01:38:30.344739Z", "fetched_at": "2025-07-16T01:39:33.765372+00:00", "symbol": "BTC-USD"}, {"trade_id": 850044814, "side": "sell", "size": "0.00001034", "price": "117703.90000000", "time": "2025-07-16T01:38:30.344739Z", "fetched_at": "2025-07-16T01:39:33.765372+00:00", "symbol": "BTC-USD"}, {"trade_id": 850044813, "side": "sell", "size": "0.00001198", "price": "117703.90000000", "time": "2025-07-16T01:38:30.344739Z", "fetched_at": "2025-07-16T01:39:33.765372+00:00", "symbol": "BTC-USD"}, {"trade_id": 850044812, "side": "sell", "size": "0.00000664", "price": "117703.90000000", "time": "2025-07-16T01:38:30.344739Z", "fetched_at": "2025-07-16T01:39:33.765372+00:00", "symbol": "BTC-USD"}, {"trade_id": 850044811, "side": "sell", "size": "0.00012653", "price": "117703.90000000", "time": "2025-07-16T01:38:30.344739Z", "fetched_at": "2025-07-16T01:39:33.765372+00:00", "symbol": "BTC-USD"}, {"trade_id": 850044810, "side": "sell", "size": "0.00000961", "price": "117703.90000000", "time": "2025-07-16T01:38:30.344739Z", "fetched_at": "2025-07-16T01:39:33.765372+00:00", "symbol": "BTC-USD"}, {"trade_id": 850044809, "side": "sell", "size": "0.00000039", "price": "117703.90000000", "time": "2025-07-16T01:38:28.990688Z", "fetched_at": "2025-07-16T01:39:33.765372+00:00", "symbol": "BTC-USD"}, {"trade_id": 850044808, "side": "buy", "size": "0.00016145", "price": "117703.89000000", "time": "2025-07-16T01:38:27.904165Z", "fetched_at": "2025-07-16T01:39:33.765372+00:00", "symbol": "BTC-USD"}, {"trade_id": 850044807, "side": "buy", "size": "0.00003408", "price": "117703.89000000", "time": "2025-07-16T01:38:27.720443Z", "fetched_at": "2025-07-16T01:39:33.765372+00:00", "symbol": "BTC-USD"}, {"trade_id": 850044806, "side": "buy", "size": "0.00019885", "price": "117703.89000000", "time": "2025-07-16T01:38:27.221222Z", "fetched_at": "2025-07-16T01:39:33.765372+00:00", "symbol": "BTC-USD"}, {"trade_id": 850044805, "side": "sell", "size": "0.00849640", "price": "117696.84000000", "time": "2025-07-16T01:38:26.890298Z", "fetched_at": "2025-07-16T01:39:33.765372+00:00", "symbol": "BTC-USD"}, {"trade_id": 850044804, "side": "sell", "size": "0.00000444", "price": "117695.07000000", "time": "2025-07-16T01:38:26.890298Z", "fetched_at": "2025-07-16T01:39:33.765372+00:00", "symbol": "BTC-USD"}, {"trade_id": 850044803, "side": "sell", "size": "0.00019814", "price": "117695.07000000", "time": "2025-07-16T01:38:26.884952Z", "fetched_at": "2025-07-16T01:39:33.765372+00:00", "symbol": "BTC-USD"}, {"trade_id": 850044802, "side": "sell", "size": "0.00000186", "price": "117695.07000000", "time": "2025-07-16T01:38:26.884952Z", "fetched_at": "2025-07-16T01:39:33.765372+00:00", "symbol": "BTC-USD"}, {"trade_id": 850044801, "side": "sell", "size": "0.00001000", "price": "117695.07000000", "time": "2025-07-16T01:38:26.884952Z", "fetched_at": "2025-07-16T01:39:33.765372+00:00", "symbol": "BTC-USD"}, {"trade_id": 850044800, "side": "sell", "size": "0.00009103", "price": "117694.05000000", "time": "2025-07-16T01:38:25.162431Z", "fetched_at": "2025-07-16T01:39:33.765372+00:00", "symbol": "BTC-USD"}, {"trade_id": 850044799, "side": "sell", "size": "0.00020257", "price": "117692.28000000", "time": "2025-07-16T01:38:25.162431Z", "fetched_at": "2025-07-16T01:39:33.765372+00:00", "symbol": "BTC-USD"}, {"trade_id": 850044798, "side": "sell", "size": "0.00000212", "price": "117692.28000000", "time": "2025-07-16T01:38:25.162431Z", "fetched_at": "2025-07-16T01:39:33.765372+00:00", "symbol": "BTC-USD"}, {"trade_id": 850044797, "side": "sell", "size": "0.00001656", "price": "117692.28000000", "time": "2025-07-16T01:38:25.162431Z", "fetched_at": "2025-07-16T01:39:33.765372+00:00", "symbol": "BTC-USD"}, {"trade_id": 850044796, "side": "sell", "size": "0.00001799", "price": "117692.28000000", "time": "2025-07-16T01:38:25.162431Z", "fetched_at": "2025-07-16T01:39:33.765372+00:00", "symbol": "BTC-USD"}, {"trade_id": 850044795, "side": "buy", "size": "0.00114726", "price": "117692.27000000", "time": "2025-07-16T01:38:24.904888Z", "fetched_at": "2025-07-16T01:39:33.765372+00:00", "symbol": "BTC-USD"}, {"trade_id": 850044794, "side": "sell", "size": "0.00000175", "price": "117683.27000000", "time": "2025-07-16T01:38:23.587393Z", "fetched_at": "2025-07-16T01:39:33.765372+00:00", "symbol": "BTC-USD"}, {"trade_id": 850044793, "side": "sell", "size": "0.00020256", "price": "117681.50000000", "time": "2025-07-16T01:38:23.587393Z", "fetched_at": "2025-07-16T01:39:33.765372+00:00", "symbol": "BTC-USD"}, {"trade_id": 850044792, "side": "sell", "size": "0.00000212", "price": "117681.50000000", "time": "2025-07-16T01:38:23.587393Z", "fetched_at": "2025-07-16T01:39:33.765372+00:00", "symbol": "BTC-USD"}, {"trade_id": 850044791, "side": "sell", "size": "0.00849825", "price": "117671.23000000", "time": "2025-07-16T01:38:23.214761Z", "fetched_at": "2025-07-16T01:39:33.765372+00:00", "symbol": "BTC-USD"}, {"trade_id": 850044790, "side": "sell", "size": "0.00427650", "price": "117680.50000000", "time": "2025-07-16T01:38:23.160178Z", "fetched_at": "2025-07-16T01:39:33.765372+00:00", "symbol": "BTC-USD"}, {"trade_id": 850044789, "side": "sell", "size": "0.04807002", "price": "117677.27000000", "time": "2025-07-16T01:38:23.160178Z", "fetched_at": "2025-07-16T01:39:33.765372+00:00", "symbol": "BTC-USD"}, {"trade_id": 850044788, "side": "sell", "size": "0.03063735", "price": "117676.13000000", "time": "2025-07-16T01:38:23.160178Z", "fetched_at": "2025-07-16T01:39:33.765372+00:00", "symbol": "BTC-USD"}, {"trade_id": 850044787, "side": "sell", "size": "0.00249268", "price": "117676.03000000", "time": "2025-07-16T01:38:23.160178Z", "fetched_at": "2025-07-16T01:39:33.765372+00:00", "symbol": "BTC-USD"}, {"trade_id": 850044786, "side": "sell", "size": "0.00581691", "price": "117675.41000000", "time": "2025-07-16T01:38:23.160178Z", "fetched_at": "2025-07-16T01:39:33.765372+00:00", "symbol": "BTC-USD"}, {"trade_id": 850044785, "side": "sell", "size": "0.02682295", "price": "117675.41000000", "time": "2025-07-16T01:38:23.159288Z", "fetched_at": "2025-07-16T01:39:33.765372+00:00", "symbol": "BTC-USD"}, {"trade_id": 850044784, "side": "sell", "size": "0.00001218", "price": "117672.29000000", "time": "2025-07-16T01:38:23.159288Z", "fetched_at": "2025-07-16T01:39:33.765372+00:00", "symbol": "BTC-USD"}, {"trade_id": 850044783, "side": "sell", "size": "0.00849827", "price": "117670.96000000", "time": "2025-07-16T01:38:23.159288Z", "fetched_at": "2025-07-16T01:39:33.765372+00:00", "symbol": "BTC-USD"}, {"trade_id": 850044782, "side": "sell", "size": "0.00849840", "price": "117669.19000000", "time": "2025-07-16T01:38:23.159288Z", "fetched_at": "2025-07-16T01:39:33.765372+00:00", "symbol": "BTC-USD"}, {"trade_id": 850044781, "side": "sell", "size": "0.02264781", "price": "117669.17000000", "time": "2025-07-16T01:38:23.159288Z", "fetched_at": "2025-07-16T01:39:33.765372+00:00", "symbol": "BTC-USD"}, {"trade_id": 850044780, "side": "sell", "size": "0.02480359", "price": "117669.17000000", "time": "2025-07-16T01:38:23.159288Z", "fetched_at": "2025-07-16T01:39:33.765372+00:00", "symbol": "BTC-USD"}, {"trade_id": 850044779, "side": "sell", "size": "0.00001026", "price": "117669.17000000", "time": "2025-07-16T01:38:23.159288Z", "fetched_at": "2025-07-16T01:39:33.765372+00:00", "symbol": "BTC-USD"}, {"trade_id": 850044778, "side": "buy", "size": "0.00002464", "price": "117669.16000000", "time": "2025-07-16T01:38:22.733451Z", "fetched_at": "2025-07-16T01:39:33.765372+00:00", "symbol": "BTC-USD"}, {"trade_id": 850044777, "side": "buy", "size": "0.00996754", "price": "117669.16000000", "time": "2025-07-16T01:38:22.690193Z", "fetched_at": "2025-07-16T01:39:33.765372+00:00", "symbol": "BTC-USD"}, {"trade_id": 850044776, "side": "buy", "size": "0.00003246", "price": "117669.18000000", "time": "2025-07-16T01:38:22.690193Z", "fetched_at": "2025-07-16T01:39:33.765372+00:00", "symbol": "BTC-USD"}, {"trade_id": 850044775, "side": "sell", "size": "0.00001041", "price": "117672.30000000", "time": "2025-07-16T01:38:21.949288Z", "fetched_at": "2025-07-16T01:39:33.765372+00:00", "symbol": "BTC-USD"}, {"trade_id": 850044774, "side": "buy", "size": "0.00931597", "price": "117669.17000000", "time": "2025-07-16T01:38:21.111363Z", "fetched_at": "2025-07-16T01:39:33.765372+00:00", "symbol": "BTC-USD"}, {"trade_id": 850044773, "side": "buy", "size": "0.00014600", "price": "117669.17000000", "time": "2025-07-16T01:38:21.111363Z", "fetched_at": "2025-07-16T01:39:33.765372+00:00", "symbol": "BTC-USD"}, {"trade_id": 850044772, "side": "buy", "size": "0.00000331", "price": "117669.17000000", "time": "2025-07-16T01:38:21.111363Z", "fetched_at": "2025-07-16T01:39:33.765372+00:00", "symbol": "BTC-USD"}, {"trade_id": 850044771, "side": "buy", "size": "0.00000118", "price": "117669.17000000", "time": "2025-07-16T01:38:21.111363Z", "fetched_at": "2025-07-16T01:39:33.765372+00:00", "symbol": "BTC-USD"}, {"trade_id": 850044770, "side": "buy", "size": "0.00000144", "price": "117669.17000000", "time": "2025-07-16T01:38:21.111363Z", "fetched_at": "2025-07-16T01:39:33.765372+00:00", "symbol": "BTC-USD"}, {"trade_id": 850044769, "side": "sell", "size": "0.00089000", "price": "117669.18000000", "time": "2025-07-16T01:38:21.048133Z", "fetched_at": "2025-07-16T01:39:33.765372+00:00", "symbol": "BTC-USD"}, {"trade_id": 850044768, "side": "sell", "size": "0.00023000", "price": "117669.18000000", "time": "2025-07-16T01:38:20.400839Z", "fetched_at": "2025-07-16T01:39:33.765372+00:00", "symbol": "BTC-USD"}, {"trade_id": 850044767, "side": "sell", "size": "0.00999999", "price": "117671.35000000", "time": "2025-07-16T01:38:19.859580Z", "fetched_at": "2025-07-16T01:39:33.765372+00:00", "symbol": "BTC-USD"}, {"trade_id": 850044766, "side": "sell", "size": "0.00999998", "price": "117671.35000000", "time": "2025-07-16T01:38:19.859497Z", "fetched_at": "2025-07-16T01:39:33.765372+00:00", "symbol": "BTC-USD"}, {"trade_id": 850044765, "side": "sell", "size": "0.03618863", "price": "117671.35000000", "time": "2025-07-16T01:38:19.857702Z", "fetched_at": "2025-07-16T01:39:33.765372+00:00", "symbol": "BTC-USD"}, {"trade_id": 850044764, "side": "sell", "size": "0.01638059", "price": "117671.35000000", "time": "2025-07-16T01:38:19.857702Z", "fetched_at": "2025-07-16T01:39:33.765372+00:00", "symbol": "BTC-USD"}, {"trade_id": 850044763, "side": "sell", "size": "0.00001078", "price": "117669.19000000", "time": "2025-07-16T01:38:19.857702Z", "fetched_at": "2025-07-16T01:39:33.765372+00:00", "symbol": "BTC-USD"}, {"trade_id": 850044762, "side": "buy", "size": "0.01994171", "price": "117669.18000000", "time": "2025-07-16T01:38:19.848124Z", "fetched_at": "2025-07-16T01:39:33.765372+00:00", "symbol": "BTC-USD"}, {"trade_id": 850044761, "side": "buy", "size": "0.00036100", "price": "117671.33000000", "time": "2025-07-16T01:38:19.848124Z", "fetched_at": "2025-07-16T01:39:33.765372+00:00", "symbol": "BTC-USD"}, {"trade_id": 850044760, "side": "buy", "size": "0.00999999", "price": "117671.34000000", "time": "2025-07-16T01:38:19.848124Z", "fetched_at": "2025-07-16T01:39:33.765372+00:00", "symbol": "BTC-USD"}, {"trade_id": 850044759, "side": "buy", "size": "0.00999998", "price": "117671.34000000", "time": "2025-07-16T01:38:19.848124Z", "fetched_at": "2025-07-16T01:39:33.765372+00:00", "symbol": "BTC-USD"}, {"trade_id": 850044758, "side": "buy", "size": "0.00000152", "price": "117671.35000000", "time": "2025-07-16T01:38:19.848124Z", "fetched_at": "2025-07-16T01:39:33.765372+00:00", "symbol": "BTC-USD"}, {"trade_id": 850044757, "side": "buy", "size": "0.00202589", "price": "117671.35000000", "time": "2025-07-16T01:38:19.848124Z", "fetched_at": "2025-07-16T01:39:33.765372+00:00", "symbol": "BTC-USD"}, {"trade_id": 850044756, "side": "buy", "size": "0.00000756", "price": "117671.35000000", "time": "2025-07-16T01:38:19.848124Z", "fetched_at": "2025-07-16T01:39:33.765372+00:00", "symbol": "BTC-USD"}, {"trade_id": 850044755, "side": "buy", "size": "0.00000135", "price": "117671.35000000", "time": "2025-07-16T01:38:19.848124Z", "fetched_at": "2025-07-16T01:39:33.765372+00:00", "symbol": "BTC-USD"}, {"trade_id": 850044754, "side": "buy", "size": "0.00014455", "price": "117671.35000000", "time": "2025-07-16T01:38:19.848124Z", "fetched_at": "2025-07-16T01:39:33.765372+00:00", "symbol": "BTC-USD"}, {"trade_id": 850044753, "side": "sell", "size": "0.00040296", "price": "117671.36000000", "time": "2025-07-16T01:38:19.619881Z", "fetched_at": "2025-07-16T01:39:33.765372+00:00", "symbol": "BTC-USD"}, {"trade_id": 850044752, "side": "sell", "size": "0.00117000", "price": "117671.36000000", "time": "2025-07-16T01:38:18.822084Z", "fetched_at": "2025-07-16T01:39:33.765372+00:00", "symbol": "BTC-USD"}, {"trade_id": 850044751, "side": "sell", "size": "0.00040296", "price": "117671.36000000", "time": "2025-07-16T01:38:17.828550Z", "fetched_at": "2025-07-16T01:39:33.765372+00:00", "symbol": "BTC-USD"}, {"trade_id": 850044750, "side": "buy", "size": "0.00424904", "price": "117671.86000000", "time": "2025-07-16T01:38:17.369628Z", "fetched_at": "2025-07-16T01:39:33.765372+00:00", "symbol": "BTC-USD"}, {"trade_id": 850044749, "side": "buy", "size": "0.00000093", "price": "117672.36000000", "time": "2025-07-16T01:38:17.369628Z", "fetched_at": "2025-07-16T01:39:33.765372+00:00", "symbol": "BTC-USD"}, {"trade_id": 850044748, "side": "buy", "size": "0.00000297", "price": "117672.36000000", "time": "2025-07-16T01:38:17.369628Z", "fetched_at": "2025-07-16T01:39:33.765372+00:00", "symbol": "BTC-USD"}, {"trade_id": 850044747, "side": "buy", "size": "0.00129682", "price": "117672.36000000", "time": "2025-07-16T01:38:17.369628Z", "fetched_at": "2025-07-16T01:39:33.765372+00:00", "symbol": "BTC-USD"}, {"trade_id": 850044746, "side": "buy", "size": "0.00849799", "price": "117674.89000000", "time": "2025-07-16T01:38:17.369628Z", "fetched_at": "2025-07-16T01:39:33.765372+00:00", "symbol": "BTC-USD"}, {"trade_id": 850044745, "side": "buy", "size": "0.00999999", "price": "117676.65000000", "time": "2025-07-16T01:38:17.369243Z", "fetched_at": "2025-07-16T01:39:33.765372+00:00", "symbol": "BTC-USD"}, {"trade_id": 850044744, "side": "buy", "size": "0.00999998", "price": "117676.65000000", "time": "2025-07-16T01:38:17.369243Z", "fetched_at": "2025-07-16T01:39:33.765372+00:00", "symbol": "BTC-USD"}, {"trade_id": 850044743, "side": "buy", "size": "0.00008913", "price": "117676.66000000", "time": "2025-07-16T01:38:17.369243Z", "fetched_at": "2025-07-16T01:39:33.765372+00:00", "symbol": "BTC-USD"}, {"trade_id": 850044742, "side": "sell", "size": "0.00000631", "price": "117679.14000000", "time": "2025-07-16T01:38:17.139251Z", "fetched_at": "2025-07-16T01:39:33.765372+00:00", "symbol": "BTC-USD"}, {"trade_id": 850044741, "side": "sell", "size": "0.00082001", "price": "117684.00000000", "time": "2025-07-16T01:38:15.281352Z", "fetched_at": "2025-07-16T01:39:33.765372+00:00", "symbol": "BTC-USD"}, {"trade_id": 850044740, "side": "sell", "size": "0.00000268", "price": "117682.80000000", "time": "2025-07-16T01:38:15.281352Z", "fetched_at": "2025-07-16T01:39:33.765372+00:00", "symbol": "BTC-USD"}, {"trade_id": 850044739, "side": "sell", "size": "0.00000302", "price": "117682.80000000", "time": "2025-07-16T01:38:15.281352Z", "fetched_at": "2025-07-16T01:39:33.765372+00:00", "symbol": "BTC-USD"}, {"trade_id": 850044738, "side": "sell", "size": "0.00019334", "price": "117684.00000000", "time": "2025-07-16T01:38:15.082255Z", "fetched_at": "2025-07-16T01:39:33.765372+00:00", "symbol": "BTC-USD"}, {"trade_id": 850044737, "side": "sell", "size": "0.00000664", "price": "117682.81000000", "time": "2025-07-16T01:38:15.082255Z", "fetched_at": "2025-07-16T01:39:33.765372+00:00", "symbol": "BTC-USD"}, {"trade_id": 850044736, "side": "sell", "size": "0.00020255", "price": "117682.80000000", "time": "2025-07-16T01:38:15.082255Z", "fetched_at": "2025-07-16T01:39:33.765372+00:00", "symbol": "BTC-USD"}, {"trade_id": 850044735, "side": "sell", "size": "0.00001033", "price": "117682.80000000", "time": "2025-07-16T01:38:15.082255Z", "fetched_at": "2025-07-16T01:39:33.765372+00:00", "symbol": "BTC-USD"}, {"trade_id": 850044734, "side": "sell", "size": "0.02495349", "price": "117690.34000000", "time": "2025-07-16T01:38:14.526303Z", "fetched_at": "2025-07-16T01:39:33.765372+00:00", "symbol": "BTC-USD"}, {"trade_id": 850044733, "side": "sell", "size": "0.01329720", "price": "117690.33000000", "time": "2025-07-16T01:38:14.526303Z", "fetched_at": "2025-07-16T01:39:33.765372+00:00", "symbol": "BTC-USD"}, {"trade_id": 850044732, "side": "sell", "size": "0.00424884", "price": "117689.80000000", "time": "2025-07-16T01:38:14.526303Z", "fetched_at": "2025-07-16T01:39:33.765372+00:00", "symbol": "BTC-USD"}, {"trade_id": 850044731, "side": "sell", "size": "0.00000664", "price": "117687.74000000", "time": "2025-07-16T01:38:14.526303Z", "fetched_at": "2025-07-16T01:39:33.765372+00:00", "symbol": "BTC-USD"}, {"trade_id": 850044730, "side": "sell", "size": "0.00002067", "price": "117687.74000000", "time": "2025-07-16T01:38:14.526303Z", "fetched_at": "2025-07-16T01:39:33.765372+00:00", "symbol": "BTC-USD"}, {"trade_id": 850044729, "side": "sell", "size": "0.00000212", "price": "117687.74000000", "time": "2025-07-16T01:38:14.526303Z", "fetched_at": "2025-07-16T01:39:33.765372+00:00", "symbol": "BTC-USD"}, {"trade_id": 850044728, "side": "sell", "size": "0.00849739", "price": "117683.18000000", "time": "2025-07-16T01:38:14.526303Z", "fetched_at": "2025-07-16T01:39:33.765372+00:00", "symbol": "BTC-USD"}, {"trade_id": 850044727, "side": "sell", "size": "0.00849800", "price": "117682.81000000", "time": "2025-07-16T01:38:14.526303Z", "fetched_at": "2025-07-16T01:39:33.765372+00:00", "symbol": "BTC-USD"}, {"trade_id": 850044726, "side": "sell", "size": "0.01021491", "price": "117682.80000000", "time": "2025-07-16T01:38:14.526303Z", "fetched_at": "2025-07-16T01:39:33.765372+00:00", "symbol": "BTC-USD"}, {"trade_id": 850044725, "side": "buy", "size": "0.00118560", "price": "117674.84000000", "time": "2025-07-16T01:38:13.840156Z", "fetched_at": "2025-07-16T01:39:33.765372+00:00", "symbol": "BTC-USD"}, {"trade_id": 850044724, "side": "buy", "size": "0.00008913", "price": "117681.05000000", "time": "2025-07-16T01:38:13.840156Z", "fetched_at": "2025-07-16T01:39:33.765372+00:00", "symbol": "BTC-USD"}, {"trade_id": 850044723, "side": "sell", "size": "0.00020148", "price": "117682.92000000", "time": "2025-07-16T01:38:13.479173Z", "fetched_at": "2025-07-16T01:39:33.765372+00:00", "symbol": "BTC-USD"}, {"trade_id": 850044722, "side": "sell", "size": "0.00080090", "price": "117685.35000000", "time": "2025-07-16T01:38:13.103308Z", "fetched_at": "2025-07-16T01:39:33.765372+00:00", "symbol": "BTC-USD"}, {"trade_id": 850044721, "side": "sell", "size": "0.00248456", "price": "117682.75000000", "time": "2025-07-16T01:38:13.055715Z", "fetched_at": "2025-07-16T01:39:33.765372+00:00", "symbol": "BTC-USD"}, {"trade_id": 850044720, "side": "sell", "size": "0.00029303", "price": "117685.12000000", "time": "2025-07-16T01:38:12.381054Z", "fetched_at": "2025-07-16T01:39:33.765372+00:00", "symbol": "BTC-USD"}, {"trade_id": 850044719, "side": "buy", "size": "0.00311557", "price": "117679.51000000", "time": "2025-07-16T01:38:10.967649Z", "fetched_at": "2025-07-16T01:39:33.765372+00:00", "symbol": "BTC-USD"}, {"trade_id": 850044718, "side": "buy", "size": "0.00008913", "price": "117679.52000000", "time": "2025-07-16T01:38:10.967649Z", "fetched_at": "2025-07-16T01:39:33.765372+00:00", "symbol": "BTC-USD"}, {"trade_id": 850044717, "side": "buy", "size": "0.00002437", "price": "117685.49000000", "time": "2025-07-16T01:38:10.967649Z", "fetched_at": "2025-07-16T01:39:33.765372+00:00", "symbol": "BTC-USD"}, {"trade_id": 850044716, "side": "sell", "size": "0.00678648", "price": "117691.98000000", "time": "2025-07-16T01:38:10.752798Z", "fetched_at": "2025-07-16T01:39:33.765372+00:00", "symbol": "BTC-USD"}, {"trade_id": 850044715, "side": "sell", "size": "0.00001034", "price": "117690.19000000", "time": "2025-07-16T01:38:10.752798Z", "fetched_at": "2025-07-16T01:39:33.765372+00:00", "symbol": "BTC-USD"}, {"trade_id": 850044714, "side": "sell", "size": "0.00020255", "price": "117690.19000000", "time": "2025-07-16T01:38:10.752798Z", "fetched_at": "2025-07-16T01:39:33.765372+00:00", "symbol": "BTC-USD"}, {"trade_id": 850044713, "side": "sell", "size": "0.00418806", "price": "117686.04000000", "time": "2025-07-16T01:38:10.752798Z", "fetched_at": "2025-07-16T01:39:33.765372+00:00", "symbol": "BTC-USD"}, {"trade_id": 850044712, "side": "sell", "size": "0.00000664", "price": "117680.90000000", "time": "2025-07-16T01:38:10.752798Z", "fetched_at": "2025-07-16T01:39:33.765372+00:00", "symbol": "BTC-USD"}, {"trade_id": 850044711, "side": "sell", "size": "0.00000008", "price": "117675.58000000", "time": "2025-07-16T01:38:10.666417Z", "fetched_at": "2025-07-16T01:39:33.765372+00:00", "symbol": "BTC-USD"}, {"trade_id": 850044710, "side": "sell", "size": "0.00035000", "price": "117672.79000000", "time": "2025-07-16T01:38:10.368422Z", "fetched_at": "2025-07-16T01:39:33.765372+00:00", "symbol": "BTC-USD"}, {"trade_id": 850044709, "side": "sell", "size": "0.00080344", "price": "117674.13000000", "time": "2025-07-16T01:38:09.775331Z", "fetched_at": "2025-07-16T01:39:33.765372+00:00", "symbol": "BTC-USD"}, {"trade_id": 850044708, "side": "sell", "size": "0.00000212", "price": "117673.12000000", "time": "2025-07-16T01:38:09.775331Z", "fetched_at": "2025-07-16T01:39:33.765372+00:00", "symbol": "BTC-USD"}, {"trade_id": 850044707, "side": "sell", "size": "0.00011444", "price": "117672.37000000", "time": "2025-07-16T01:38:09.775331Z", "fetched_at": "2025-07-16T01:39:33.765372+00:00", "symbol": "BTC-USD"}, {"trade_id": 850044706, "side": "sell", "size": "0.00000075", "price": "117672.37000000", "time": "2025-07-16T01:38:09.458971Z", "fetched_at": "2025-07-16T01:39:33.765372+00:00", "symbol": "BTC-USD"}, {"trade_id": 850044705, "side": "buy", "size": "0.00005379", "price": "117672.36000000", "time": "2025-07-16T01:38:08.244789Z", "fetched_at": "2025-07-16T01:39:33.765372+00:00", "symbol": "BTC-USD"}, {"trade_id": 850044704, "side": "sell", "size": "0.00058737", "price": "117672.37000000", "time": "2025-07-16T01:38:08.005241Z", "fetched_at": "2025-07-16T01:39:33.765372+00:00", "symbol": "BTC-USD"}, {"trade_id": 850044703, "side": "sell", "size": "0.00123857", "price": "117672.35000000", "time": "2025-07-16T01:38:07.854353Z", "fetched_at": "2025-07-16T01:39:33.765372+00:00", "symbol": "BTC-USD"}, {"trade_id": 850044702, "side": "sell", "size": "0.00806006", "price": "117672.35000000", "time": "2025-07-16T01:38:07.448318Z", "fetched_at": "2025-07-16T01:39:33.765372+00:00", "symbol": "BTC-USD"}, {"trade_id": 850044701, "side": "sell", "size": "0.00081000", "price": "117672.37000000", "time": "2025-07-16T01:38:07.315852Z", "fetched_at": "2025-07-16T01:39:33.765372+00:00", "symbol": "BTC-USD"}, {"trade_id": 850044700, "side": "sell", "size": "0.00849900", "price": "117671.35000000", "time": "2025-07-16T01:38:07.074102Z", "fetched_at": "2025-07-16T01:39:33.765372+00:00", "symbol": "BTC-USD"}, {"trade_id": 850044699, "side": "sell", "size": "0.00999999", "price": "117671.35000000", "time": "2025-07-16T01:38:07.060460Z", "fetched_at": "2025-07-16T01:39:33.765372+00:00", "symbol": "BTC-USD"}, {"trade_id": 850044698, "side": "sell", "size": "0.00999998", "price": "117671.35000000", "time": "2025-07-16T01:38:07.060275Z", "fetched_at": "2025-07-16T01:39:33.765372+00:00", "symbol": "BTC-USD"}, {"trade_id": 850044697, "side": "buy", "size": "0.00005217", "price": "117673.11000000", "time": "2025-07-16T01:38:07.047177Z", "fetched_at": "2025-07-16T01:39:33.765372+00:00", "symbol": "BTC-USD"}, {"trade_id": 850044696, "side": "buy", "size": "0.00000348", "price": "117673.11000000", "time": "2025-07-16T01:38:07.047177Z", "fetched_at": "2025-07-16T01:39:33.765372+00:00", "symbol": "BTC-USD"}, {"trade_id": 850044695, "side": "buy", "size": "0.00000118", "price": "117673.11000000", "time": "2025-07-16T01:38:07.047177Z", "fetched_at": "2025-07-16T01:39:33.765372+00:00", "symbol": "BTC-USD"}, {"trade_id": 850044694, "side": "buy", "size": "0.00999998", "price": "117673.11000000", "time": "2025-07-16T01:38:07.047177Z", "fetched_at": "2025-07-16T01:39:33.765372+00:00", "symbol": "BTC-USD"}, {"trade_id": 850044693, "side": "buy", "size": "0.00999999", "price": "117673.11000000", "time": "2025-07-16T01:38:07.047177Z", "fetched_at": "2025-07-16T01:39:33.765372+00:00", "symbol": "BTC-USD"}, {"trade_id": 850044692, "side": "buy", "size": "0.00810417", "price": "117673.11000000", "time": "2025-07-16T01:38:07.047177Z", "fetched_at": "2025-07-16T01:39:33.765372+00:00", "symbol": "BTC-USD"}, {"trade_id": 850044691, "side": "buy", "size": "0.00066163", "price": "117673.11000000", "time": "2025-07-16T01:38:06.286561Z", "fetched_at": "2025-07-16T01:39:33.765372+00:00", "symbol": "BTC-USD"}, {"trade_id": 850044690, "side": "buy", "size": "0.00019656", "price": "117673.11000000", "time": "2025-07-16T01:38:06.286561Z", "fetched_at": "2025-07-16T01:39:33.765372+00:00", "symbol": "BTC-USD"}, {"trade_id": 850044689, "side": "sell", "size": "0.00008202", "price": "117673.12000000", "time": "2025-07-16T01:38:06.026983Z", "fetched_at": "2025-07-16T01:39:33.765372+00:00", "symbol": "BTC-USD"}, {"trade_id": 850044688, "side": "sell", "size": "0.00016117", "price": "117673.12000000", "time": "2025-07-16T01:38:05.942549Z", "fetched_at": "2025-07-16T01:39:33.765372+00:00", "symbol": "BTC-USD"}, {"trade_id": 850044687, "side": "sell", "size": "0.00628153", "price": "117673.04000000", "time": "2025-07-16T01:38:05.233030Z", "fetched_at": "2025-07-16T01:39:33.765372+00:00", "symbol": "BTC-USD"}, {"trade_id": 850044686, "side": "sell", "size": "0.00371845", "price": "117668.59000000", "time": "2025-07-16T01:38:05.233030Z", "fetched_at": "2025-07-16T01:39:33.765372+00:00", "symbol": "BTC-USD"}, {"trade_id": 850044685, "side": "sell", "size": "0.00477999", "price": "117668.59000000", "time": "2025-07-16T01:38:05.232645Z", "fetched_at": "2025-07-16T01:39:33.765372+00:00", "symbol": "BTC-USD"}, {"trade_id": 850044684, "side": "sell", "size": "0.00522000", "price": "117668.59000000", "time": "2025-07-16T01:38:05.232645Z", "fetched_at": "2025-07-16T01:39:33.765372+00:00", "symbol": "BTC-USD"}, {"trade_id": 850044683, "side": "buy", "size": "0.00009823", "price": "117673.10000000", "time": "2025-07-16T01:38:05.221573Z", "fetched_at": "2025-07-16T01:39:33.765372+00:00", "symbol": "BTC-USD"}, {"trade_id": 850044682, "side": "buy", "size": "0.00135145", "price": "117673.10000000", "time": "2025-07-16T01:38:05.221573Z", "fetched_at": "2025-07-16T01:39:33.765372+00:00", "symbol": "BTC-USD"}, {"trade_id": 850044681, "side": "buy", "size": "0.00999999", "price": "117673.11000000", "time": "2025-07-16T01:38:05.221573Z", "fetched_at": "2025-07-16T01:39:33.765372+00:00", "symbol": "BTC-USD"}, {"trade_id": 850044680, "side": "buy", "size": "0.00999998", "price": "117673.11000000", "time": "2025-07-16T01:38:05.221573Z", "fetched_at": "2025-07-16T01:39:33.765372+00:00", "symbol": "BTC-USD"}, {"trade_id": 850044679, "side": "sell", "size": "0.00999999", "price": "117673.12000000", "time": "2025-07-16T01:38:05.151297Z", "fetched_at": "2025-07-16T01:39:33.765372+00:00", "symbol": "BTC-USD"}, {"trade_id": 850044678, "side": "sell", "size": "0.00999998", "price": "117676.51000000", "time": "2025-07-16T01:38:05.143357Z", "fetched_at": "2025-07-16T01:39:33.765372+00:00", "symbol": "BTC-USD"}, {"trade_id": 850044677, "side": "sell", "size": "0.00999999", "price": "117676.51000000", "time": "2025-07-16T01:38:05.139770Z", "fetched_at": "2025-07-16T01:39:33.765372+00:00", "symbol": "BTC-USD"}, {"trade_id": 850044676, "side": "sell", "size": "0.00999998", "price": "117676.51000000", "time": "2025-07-16T01:38:05.131862Z", "fetched_at": "2025-07-16T01:39:33.765372+00:00", "symbol": "BTC-USD"}, {"trade_id": 850044675, "side": "sell", "size": "0.00999999", "price": "117676.51000000", "time": "2025-07-16T01:38:05.128244Z", "fetched_at": "2025-07-16T01:39:33.765372+00:00", "symbol": "BTC-USD"}, {"trade_id": 850044674, "side": "sell", "size": "0.00999998", "price": "117676.51000000", "time": "2025-07-16T01:38:05.116178Z", "fetched_at": "2025-07-16T01:39:33.765372+00:00", "symbol": "BTC-USD"}, {"trade_id": 850044673, "side": "sell", "size": "0.00999999", "price": "117676.51000000", "time": "2025-07-16T01:38:05.115939Z", "fetched_at": "2025-07-16T01:39:33.765372+00:00", "symbol": "BTC-USD"}, {"trade_id": 850044672, "side": "buy", "size": "0.00035899", "price": "117678.84000000", "time": "2025-07-16T01:38:05.104684Z", "fetched_at": "2025-07-16T01:39:33.765372+00:00", "symbol": "BTC-USD"}, {"trade_id": 850044671, "side": "buy", "size": "0.00849769", "price": "117679.00000000", "time": "2025-07-16T01:38:05.104684Z", "fetched_at": "2025-07-16T01:39:33.765372+00:00", "symbol": "BTC-USD"}, {"trade_id": 850044670, "side": "buy", "size": "0.00999998", "price": "117680.77000000", "time": "2025-07-16T01:38:05.104684Z", "fetched_at": "2025-07-16T01:39:33.765372+00:00", "symbol": "BTC-USD"}, {"trade_id": 850044669, "side": "buy", "size": "0.00000866", "price": "117680.78000000", "time": "2025-07-16T01:38:05.104684Z", "fetched_at": "2025-07-16T01:39:33.765372+00:00", "symbol": "BTC-USD"}, {"trade_id": 850044668, "side": "buy", "size": "0.00002234", "price": "117680.78000000", "time": "2025-07-16T01:38:05.104684Z", "fetched_at": "2025-07-16T01:39:33.765372+00:00", "symbol": "BTC-USD"}, {"trade_id": 850044667, "side": "buy", "size": "0.00999999", "price": "117680.78000000", "time": "2025-07-16T01:38:05.104684Z", "fetched_at": "2025-07-16T01:39:33.765372+00:00", "symbol": "BTC-USD"}, {"trade_id": 850044666, "side": "sell", "size": "0.00022713", "price": "117680.90000000", "time": "2025-07-16T01:38:03.380169Z", "fetched_at": "2025-07-16T01:39:33.765372+00:00", "symbol": "BTC-USD"}, {"trade_id": 850044665, "side": "sell", "size": "0.00333474", "price": "117680.90000000", "time": "2025-07-16T01:38:03.260294Z", "fetched_at": "2025-07-16T01:39:33.765372+00:00", "symbol": "BTC-USD"}, {"trade_id": 850044664, "side": "sell", "size": "0.00005528", "price": "117681.95000000", "time": "2025-07-16T01:38:02.374202Z", "fetched_at": "2025-07-16T01:39:33.765372+00:00", "symbol": "BTC-USD"}, {"trade_id": 850044663, "side": "sell", "size": "0.00020643", "price": "117681.95000000", "time": "2025-07-16T01:38:02.362956Z", "fetched_at": "2025-07-16T01:39:33.765372+00:00", "symbol": "BTC-USD"}, {"trade_id": 850044662, "side": "sell", "size": "0.00030236", "price": "117682.55000000", "time": "2025-07-16T01:38:02.192717Z", "fetched_at": "2025-07-16T01:39:33.765372+00:00", "symbol": "BTC-USD"}, {"trade_id": 850044661, "side": "sell", "size": "0.00030000", "price": "117681.20000000", "time": "2025-07-16T01:38:02.192717Z", "fetched_at": "2025-07-16T01:39:33.765372+00:00", "symbol": "BTC-USD"}, {"trade_id": 850044660, "side": "sell", "size": "0.00000212", "price": "117681.20000000", "time": "2025-07-16T01:38:02.192717Z", "fetched_at": "2025-07-16T01:39:33.765372+00:00", "symbol": "BTC-USD"}, {"trade_id": 850044659, "side": "sell", "size": "0.00016824", "price": "117680.78000000", "time": "2025-07-16T01:38:00.648762Z", "fetched_at": "2025-07-16T01:39:33.765372+00:00", "symbol": "BTC-USD"}, {"trade_id": 850044658, "side": "sell", "size": "0.00999999", "price": "117680.78000000", "time": "2025-07-16T01:38:00.365601Z", "fetched_at": "2025-07-16T01:39:33.765372+00:00", "symbol": "BTC-USD"}, {"trade_id": 850044657, "side": "sell", "size": "0.00999999", "price": "117680.78000000", "time": "2025-07-16T01:38:00.355115Z", "fetched_at": "2025-07-16T01:39:33.765372+00:00", "symbol": "BTC-USD"}, {"trade_id": 850044656, "side": "sell", "size": "0.00999999", "price": "117680.78000000", "time": "2025-07-16T01:38:00.343982Z", "fetched_at": "2025-07-16T01:39:33.765372+00:00", "symbol": "BTC-USD"}, {"trade_id": 850044655, "side": "buy", "size": "0.00001070", "price": "117687.96000000", "time": "2025-07-16T01:38:00.332149Z", "fetched_at": "2025-07-16T01:39:33.765372+00:00", "symbol": "BTC-USD"}, {"trade_id": 850044654, "side": "buy", "size": "0.00000263", "price": "117687.96000000", "time": "2025-07-16T01:38:00.332149Z", "fetched_at": "2025-07-16T01:39:33.765372+00:00", "symbol": "BTC-USD"}, {"trade_id": 850044653, "side": "buy", "size": "0.00269985", "price": "117687.96000000", "time": "2025-07-16T01:38:00.332149Z", "fetched_at": "2025-07-16T01:39:33.765372+00:00", "symbol": "BTC-USD"}, {"trade_id": 850044652, "side": "buy", "size": "0.00849701", "price": "117688.40000000", "time": "2025-07-16T01:38:00.332149Z", "fetched_at": "2025-07-16T01:39:33.765372+00:00", "symbol": "BTC-USD"}, {"trade_id": 850044651, "side": "buy", "size": "0.00067746", "price": "117688.40000000", "time": "2025-07-16T01:38:00.332149Z", "fetched_at": "2025-07-16T01:39:33.765372+00:00", "symbol": "BTC-USD"}, {"trade_id": 850044650, "side": "buy", "size": "0.00075554", "price": "117690.00000000", "time": "2025-07-16T01:38:00.332149Z", "fetched_at": "2025-07-16T01:39:33.765372+00:00", "symbol": "BTC-USD"}, {"trade_id": 850044649, "side": "buy", "size": "0.00002733", "price": "117690.18000000", "time": "2025-07-16T01:38:00.332149Z", "fetched_at": "2025-07-16T01:39:33.765372+00:00", "symbol": "BTC-USD"}, {"trade_id": 850044648, "side": "buy", "size": "0.00847245", "price": "117690.18000000", "time": "2025-07-16T01:38:00.332149Z", "fetched_at": "2025-07-16T01:39:33.765372+00:00", "symbol": "BTC-USD"}, {"trade_id": 850044647, "side": "buy", "size": "0.00005557", "price": "117690.18000000", "time": "2025-07-16T01:37:59.919323Z", "fetched_at": "2025-07-16T01:39:33.765372+00:00", "symbol": "BTC-USD"}, {"trade_id": 850044646, "side": "sell", "size": "0.00210298", "price": "117690.19000000", "time": "2025-07-16T01:37:59.777399Z", "fetched_at": "2025-07-16T01:39:33.765372+00:00", "symbol": "BTC-USD"}, {"trade_id": 850044645, "side": "sell", "size": "0.00007748", "price": "117690.19000000", "time": "2025-07-16T01:37:59.229425Z", "fetched_at": "2025-07-16T01:39:33.765372+00:00", "symbol": "BTC-USD"}, {"trade_id": 850044644, "side": "sell", "size": "0.00000664", "price": "117690.19000000", "time": "2025-07-16T01:37:59.229425Z", "fetched_at": "2025-07-16T01:39:33.765372+00:00", "symbol": "BTC-USD"}, {"trade_id": 850044643, "side": "sell", "size": "0.00020642", "price": "117690.19000000", "time": "2025-07-16T01:37:57.303534Z", "fetched_at": "2025-07-16T01:39:33.765372+00:00", "symbol": "BTC-USD"}, {"trade_id": 850044642, "side": "sell", "size": "0.00123857", "price": "117690.19000000", "time": "2025-07-16T01:37:57.268127Z", "fetched_at": "2025-07-16T01:39:33.765372+00:00", "symbol": "BTC-USD"}, {"trade_id": 850044641, "side": "sell", "size": "0.00402964", "price": "117694.49000000", "time": "2025-07-16T01:37:56.861055Z", "fetched_at": "2025-07-16T01:39:33.765372+00:00", "symbol": "BTC-USD"}, {"trade_id": 850044640, "side": "sell", "size": "0.02836052", "price": "117694.49000000", "time": "2025-07-16T01:37:56.853435Z", "fetched_at": "2025-07-16T01:39:33.765372+00:00", "symbol": "BTC-USD"}, {"trade_id": 850044639, "side": "sell", "size": "0.02000000", "price": "117694.48000000", "time": "2025-07-16T01:37:56.853435Z", "fetched_at": "2025-07-16T01:39:33.765372+00:00", "symbol": "BTC-USD"}, {"trade_id": 850044638, "side": "sell", "size": "0.00849676", "price": "117691.96000000", "time": "2025-07-16T01:37:56.853435Z", "fetched_at": "2025-07-16T01:39:33.765372+00:00", "symbol": "BTC-USD"}, {"trade_id": 850044637, "side": "sell", "size": "0.00849680", "price": "117691.29000000", "time": "2025-07-16T01:37:56.853435Z", "fetched_at": "2025-07-16T01:39:33.765372+00:00", "symbol": "BTC-USD"}, {"trade_id": 850044636, "side": "sell", "size": "0.01274609", "price": "117691.28000000", "time": "2025-07-16T01:37:56.853435Z", "fetched_at": "2025-07-16T01:39:33.765372+00:00", "symbol": "BTC-USD"}, {"trade_id": 850044635, "side": "sell", "size": "0.00000212", "price": "117690.19000000", "time": "2025-07-16T01:37:56.853435Z", "fetched_at": "2025-07-16T01:39:33.765372+00:00", "symbol": "BTC-USD"}, {"trade_id": 850044634, "side": "sell", "size": "0.00424883", "price": "117690.19000000", "time": "2025-07-16T01:37:56.853435Z", "fetched_at": "2025-07-16T01:39:33.765372+00:00", "symbol": "BTC-USD"}, {"trade_id": 850044633, "side": "sell", "size": "0.00001033", "price": "117690.19000000", "time": "2025-07-16T01:37:56.853435Z", "fetched_at": "2025-07-16T01:39:33.765372+00:00", "symbol": "BTC-USD"}, {"trade_id": 850044632, "side": "sell", "size": "0.00020255", "price": "117690.19000000", "time": "2025-07-16T01:37:56.853435Z", "fetched_at": "2025-07-16T01:39:33.765372+00:00", "symbol": "BTC-USD"}, {"trade_id": 850044631, "side": "sell", "size": "0.00000664", "price": "117690.19000000", "time": "2025-07-16T01:37:56.853435Z", "fetched_at": "2025-07-16T01:39:33.765372+00:00", "symbol": "BTC-USD"}, {"trade_id": 850044630, "side": "sell", "size": "0.00082571", "price": "117690.19000000", "time": "2025-07-16T01:37:56.031040Z", "fetched_at": "2025-07-16T01:39:33.765372+00:00", "symbol": "BTC-USD"}, {"trade_id": 850044629, "side": "sell", "size": "0.00000199", "price": "117690.19000000", "time": "2025-07-16T01:37:55.904721Z", "fetched_at": "2025-07-16T01:39:33.765372+00:00", "symbol": "BTC-USD"}, {"trade_id": 850044628, "side": "sell", "size": "0.00029382", "price": "117690.19000000", "time": "2025-07-16T01:37:55.246980Z", "fetched_at": "2025-07-16T01:39:33.765372+00:00", "symbol": "BTC-USD"}, {"trade_id": 850044627, "side": "sell", "size": "0.00080595", "price": "117690.19000000", "time": "2025-07-16T01:37:54.942010Z", "fetched_at": "2025-07-16T01:39:33.765372+00:00", "symbol": "BTC-USD"}, {"trade_id": 850044626, "side": "buy", "size": "0.00108760", "price": "117690.18000000", "time": "2025-07-16T01:37:54.800747Z", "fetched_at": "2025-07-16T01:39:33.765372+00:00", "symbol": "BTC-USD"}, {"trade_id": 850044625, "side": "buy", "size": "0.00024211", "price": "117690.18000000", "time": "2025-07-16T01:37:54.621566Z", "fetched_at": "2025-07-16T01:39:33.765372+00:00", "symbol": "BTC-USD"}, {"trade_id": 850044624, "side": "sell", "size": "0.00016824", "price": "117690.19000000", "time": "2025-07-16T01:37:54.584771Z", "fetched_at": "2025-07-16T01:39:33.765372+00:00", "symbol": "BTC-USD"}, {"trade_id": 850044623, "side": "sell", "size": "0.00433500", "price": "117690.19000000", "time": "2025-07-16T01:37:54.465384Z", "fetched_at": "2025-07-16T01:39:33.765372+00:00", "symbol": "BTC-USD"}, {"trade_id": 850044622, "side": "buy", "size": "0.00014225", "price": "117690.18000000", "time": "2025-07-16T01:37:53.868681Z", "fetched_at": "2025-07-16T01:39:33.765372+00:00", "symbol": "BTC-USD"}, {"trade_id": 850044621, "side": "sell", "size": "0.02065025", "price": "117690.19000000", "time": "2025-07-16T01:37:53.490154Z", "fetched_at": "2025-07-16T01:39:33.765372+00:00", "symbol": "BTC-USD"}, {"trade_id": 850044620, "side": "sell", "size": "0.00057799", "price": "117690.19000000", "time": "2025-07-16T01:37:53.182482Z", "fetched_at": "2025-07-16T01:39:33.765372+00:00", "symbol": "BTC-USD"}, {"trade_id": 850044619, "side": "sell", "size": "0.00004361", "price": "117690.19000000", "time": "2025-07-16T01:37:53.037300Z", "fetched_at": "2025-07-16T01:39:33.765372+00:00", "symbol": "BTC-USD"}, {"trade_id": 850044618, "side": "sell", "size": "0.00000631", "price": "117690.19000000", "time": "2025-07-16T01:37:52.745874Z", "fetched_at": "2025-07-16T01:39:33.765372+00:00", "symbol": "BTC-USD"}, {"trade_id": 850044617, "side": "sell", "size": "0.00007990", "price": "117691.32000000", "time": "2025-07-16T01:37:52.398052Z", "fetched_at": "2025-07-16T01:39:33.765372+00:00", "symbol": "BTC-USD"}, {"trade_id": 850044616, "side": "sell", "size": "0.00000212", "price": "117690.19000000", "time": "2025-07-16T01:37:52.398052Z", "fetched_at": "2025-07-16T01:39:33.765372+00:00", "symbol": "BTC-USD"}, {"trade_id": 850044615, "side": "buy", "size": "0.00000918", "price": "117690.18000000", "time": "2025-07-16T01:37:52.037440Z", "fetched_at": "2025-07-16T01:39:33.765372+00:00", "symbol": "BTC-USD"}, {"trade_id": 850044614, "side": "sell", "size": "0.00165143", "price": "117690.19000000", "time": "2025-07-16T01:37:51.825005Z", "fetched_at": "2025-07-16T01:39:33.765372+00:00", "symbol": "BTC-USD"}, {"trade_id": 850044613, "side": "sell", "size": "0.00082575", "price": "117690.19000000", "time": "2025-07-16T01:37:51.651238Z", "fetched_at": "2025-07-16T01:39:33.765372+00:00", "symbol": "BTC-USD"}, {"trade_id": 850044612, "side": "sell", "size": "0.00042064", "price": "117690.19000000", "time": "2025-07-16T01:37:51.650558Z", "fetched_at": "2025-07-16T01:39:33.765372+00:00", "symbol": "BTC-USD"}, {"trade_id": 850044611, "side": "sell", "size": "0.00003996", "price": "117690.19000000", "time": "2025-07-16T01:37:50.967308Z", "fetched_at": "2025-07-16T01:39:33.765372+00:00", "symbol": "BTC-USD"}, {"trade_id": 850044610, "side": "sell", "size": "0.00185158", "price": "117691.35000000", "time": "2025-07-16T01:37:50.090150Z", "fetched_at": "2025-07-16T01:39:33.765372+00:00", "symbol": "BTC-USD"}, {"trade_id": 850044609, "side": "sell", "size": "0.00001034", "price": "117690.18000000", "time": "2025-07-16T01:37:50.090150Z", "fetched_at": "2025-07-16T01:39:33.765372+00:00", "symbol": "BTC-USD"}, {"trade_id": 850044608, "side": "sell", "size": "0.00020256", "price": "117690.18000000", "time": "2025-07-16T01:37:50.090150Z", "fetched_at": "2025-07-16T01:39:33.765372+00:00", "symbol": "BTC-USD"}, {"trade_id": 850044607, "side": "sell", "size": "0.00007234", "price": "117690.18000000", "time": "2025-07-16T01:37:49.506165Z", "fetched_at": "2025-07-16T01:39:33.765372+00:00", "symbol": "BTC-USD"}, {"trade_id": 850044606, "side": "sell", "size": "0.00003332", "price": "117690.18000000", "time": "2025-07-16T01:37:49.051447Z", "fetched_at": "2025-07-16T01:39:33.765372+00:00", "symbol": "BTC-USD"}