[{"trade_id": 850015545, "side": "sell", "size": "0.00004211", "price": "117567.57000000", "time": "2025-07-16T00:20:16.149498Z", "fetched_at": "2025-07-16T00:20:19.097868+00:00", "symbol": "BTC-USD"}, {"trade_id": 850015544, "side": "sell", "size": "0.00003369", "price": "117567.57000000", "time": "2025-07-16T00:20:15.675132Z", "fetched_at": "2025-07-16T00:20:19.097868+00:00", "symbol": "BTC-USD"}, {"trade_id": 850015543, "side": "sell", "size": "0.00020668", "price": "117567.57000000", "time": "2025-07-16T00:20:15.582506Z", "fetched_at": "2025-07-16T00:20:19.097868+00:00", "symbol": "BTC-USD"}, {"trade_id": 850015542, "side": "sell", "size": "0.00805563", "price": "117567.57000000", "time": "2025-07-16T00:20:15.075112Z", "fetched_at": "2025-07-16T00:20:19.097868+00:00", "symbol": "BTC-USD"}, {"trade_id": 850015541, "side": "sell", "size": "0.00036527", "price": "117567.57000000", "time": "2025-07-16T00:20:15.075112Z", "fetched_at": "2025-07-16T00:20:19.097868+00:00", "symbol": "BTC-USD"}, {"trade_id": 850015540, "side": "sell", "size": "0.00012594", "price": "117567.57000000", "time": "2025-07-16T00:20:14.875929Z", "fetched_at": "2025-07-16T00:20:19.097868+00:00", "symbol": "BTC-USD"}, {"trade_id": 850015539, "side": "sell", "size": "0.00020542", "price": "117567.57000000", "time": "2025-07-16T00:20:14.849703Z", "fetched_at": "2025-07-16T00:20:19.097868+00:00", "symbol": "BTC-USD"}, {"trade_id": 850015538, "side": "sell", "size": "0.00000126", "price": "117567.57000000", "time": "2025-07-16T00:20:14.849703Z", "fetched_at": "2025-07-16T00:20:19.097868+00:00", "symbol": "BTC-USD"}, {"trade_id": 850015537, "side": "sell", "size": "0.00003194", "price": "117567.57000000", "time": "2025-07-16T00:20:14.751518Z", "fetched_at": "2025-07-16T00:20:19.097868+00:00", "symbol": "BTC-USD"}, {"trade_id": 850015536, "side": "sell", "size": "0.00000884", "price": "117567.57000000", "time": "2025-07-16T00:20:14.751518Z", "fetched_at": "2025-07-16T00:20:19.097868+00:00", "symbol": "BTC-USD"}, {"trade_id": 850015535, "side": "sell", "size": "0.00004134", "price": "117567.57000000", "time": "2025-07-16T00:20:14.751518Z", "fetched_at": "2025-07-16T00:20:19.097868+00:00", "symbol": "BTC-USD"}, {"trade_id": 850015534, "side": "buy", "size": "0.00256648", "price": "117567.56000000", "time": "2025-07-16T00:20:14.698439Z", "fetched_at": "2025-07-16T00:20:19.097868+00:00", "symbol": "BTC-USD"}, {"trade_id": 850015533, "side": "buy", "size": "0.00009356", "price": "117567.56000000", "time": "2025-07-16T00:20:14.698439Z", "fetched_at": "2025-07-16T00:20:19.097868+00:00", "symbol": "BTC-USD"}, {"trade_id": 850015532, "side": "buy", "size": "0.00002201", "price": "117567.56000000", "time": "2025-07-16T00:20:14.698439Z", "fetched_at": "2025-07-16T00:20:19.097868+00:00", "symbol": "BTC-USD"}, {"trade_id": 850015531, "side": "buy", "size": "0.00015097", "price": "117567.56000000", "time": "2025-07-16T00:20:14.698439Z", "fetched_at": "2025-07-16T00:20:19.097868+00:00", "symbol": "BTC-USD"}, {"trade_id": 850015530, "side": "buy", "size": "0.00000900", "price": "117567.56000000", "time": "2025-07-16T00:20:14.698439Z", "fetched_at": "2025-07-16T00:20:19.097868+00:00", "symbol": "BTC-USD"}, {"trade_id": 850015529, "side": "buy", "size": "0.00259321", "price": "117567.56000000", "time": "2025-07-16T00:20:14.698439Z", "fetched_at": "2025-07-16T00:20:19.097868+00:00", "symbol": "BTC-USD"}, {"trade_id": 850015528, "side": "sell", "size": "0.00008211", "price": "117567.57000000", "time": "2025-07-16T00:20:14.419375Z", "fetched_at": "2025-07-16T00:20:19.097868+00:00", "symbol": "BTC-USD"}, {"trade_id": 850015527, "side": "sell", "size": "0.00057869", "price": "117567.57000000", "time": "2025-07-16T00:20:14.367924Z", "fetched_at": "2025-07-16T00:20:19.097868+00:00", "symbol": "BTC-USD"}, {"trade_id": 850015526, "side": "sell", "size": "0.00008422", "price": "117567.57000000", "time": "2025-07-16T00:20:14.187186Z", "fetched_at": "2025-07-16T00:20:19.097868+00:00", "symbol": "BTC-USD"}, {"trade_id": 850015525, "side": "buy", "size": "0.00260935", "price": "117567.56000000", "time": "2025-07-16T00:20:13.843116Z", "fetched_at": "2025-07-16T00:20:19.097868+00:00", "symbol": "BTC-USD"}, {"trade_id": 850015524, "side": "sell", "size": "0.00008212", "price": "117567.57000000", "time": "2025-07-16T00:20:13.459344Z", "fetched_at": "2025-07-16T00:20:19.097868+00:00", "symbol": "BTC-USD"}, {"trade_id": 850015523, "side": "sell", "size": "0.00012396", "price": "117567.57000000", "time": "2025-07-16T00:20:13.374849Z", "fetched_at": "2025-07-16T00:20:19.097868+00:00", "symbol": "BTC-USD"}, {"trade_id": 850015522, "side": "sell", "size": "0.00084712", "price": "117567.57000000", "time": "2025-07-16T00:20:13.134355Z", "fetched_at": "2025-07-16T00:20:19.097868+00:00", "symbol": "BTC-USD"}, {"trade_id": 850015521, "side": "sell", "size": "0.00040337", "price": "117567.57000000", "time": "2025-07-16T00:20:13.112066Z", "fetched_at": "2025-07-16T00:20:19.097868+00:00", "symbol": "BTC-USD"}, {"trade_id": 850015520, "side": "buy", "size": "0.00007485", "price": "117567.56000000", "time": "2025-07-16T00:20:12.950351Z", "fetched_at": "2025-07-16T00:20:19.097868+00:00", "symbol": "BTC-USD"}, {"trade_id": 850015519, "side": "sell", "size": "0.00063166", "price": "117567.57000000", "time": "2025-07-16T00:20:12.708310Z", "fetched_at": "2025-07-16T00:20:19.097868+00:00", "symbol": "BTC-USD"}, {"trade_id": 850015518, "side": "sell", "size": "0.00000890", "price": "117567.57000000", "time": "2025-07-16T00:20:12.647113Z", "fetched_at": "2025-07-16T00:20:19.097868+00:00", "symbol": "BTC-USD"}, {"trade_id": 850015517, "side": "sell", "size": "0.00020668", "price": "117567.57000000", "time": "2025-07-16T00:20:12.296093Z", "fetched_at": "2025-07-16T00:20:19.097868+00:00", "symbol": "BTC-USD"}, {"trade_id": 850015516, "side": "sell", "size": "0.00040342", "price": "117567.57000000", "time": "2025-07-16T00:20:12.061066Z", "fetched_at": "2025-07-16T00:20:19.097868+00:00", "symbol": "BTC-USD"}, {"trade_id": 850015515, "side": "sell", "size": "0.00012101", "price": "117567.57000000", "time": "2025-07-16T00:20:12.049911Z", "fetched_at": "2025-07-16T00:20:19.097868+00:00", "symbol": "BTC-USD"}, {"trade_id": 850015514, "side": "sell", "size": "0.00092779", "price": "117567.57000000", "time": "2025-07-16T00:20:11.491736Z", "fetched_at": "2025-07-16T00:20:19.097868+00:00", "symbol": "BTC-USD"}, {"trade_id": 850015513, "side": "sell", "size": "0.00099205", "price": "117567.57000000", "time": "2025-07-16T00:20:11.451102Z", "fetched_at": "2025-07-16T00:20:19.097868+00:00", "symbol": "BTC-USD"}, {"trade_id": 850015512, "side": "sell", "size": "0.00000031", "price": "117567.57000000", "time": "2025-07-16T00:20:11.212838Z", "fetched_at": "2025-07-16T00:20:19.097868+00:00", "symbol": "BTC-USD"}, {"trade_id": 850015511, "side": "buy", "size": "0.00001403", "price": "117567.56000000", "time": "2025-07-16T00:20:10.913714Z", "fetched_at": "2025-07-16T00:20:19.097868+00:00", "symbol": "BTC-USD"}, {"trade_id": 850015510, "side": "sell", "size": "0.00016844", "price": "117567.57000000", "time": "2025-07-16T00:20:10.903899Z", "fetched_at": "2025-07-16T00:20:19.097868+00:00", "symbol": "BTC-USD"}, {"trade_id": 850015509, "side": "sell", "size": "0.00082672", "price": "117567.57000000", "time": "2025-07-16T00:20:10.815924Z", "fetched_at": "2025-07-16T00:20:19.097868+00:00", "symbol": "BTC-USD"}, {"trade_id": 850015508, "side": "sell", "size": "0.00082672", "price": "117567.57000000", "time": "2025-07-16T00:20:10.674247Z", "fetched_at": "2025-07-16T00:20:19.097868+00:00", "symbol": "BTC-USD"}, {"trade_id": 850015507, "side": "sell", "size": "0.00080693", "price": "117567.57000000", "time": "2025-07-16T00:20:10.534772Z", "fetched_at": "2025-07-16T00:20:19.097868+00:00", "symbol": "BTC-USD"}, {"trade_id": 850015506, "side": "sell", "size": "0.00041336", "price": "117567.57000000", "time": "2025-07-16T00:20:10.502892Z", "fetched_at": "2025-07-16T00:20:19.097868+00:00", "symbol": "BTC-USD"}, {"trade_id": 850015505, "side": "sell", "size": "0.00082672", "price": "117567.57000000", "time": "2025-07-16T00:20:10.473472Z", "fetched_at": "2025-07-16T00:20:19.097868+00:00", "symbol": "BTC-USD"}, {"trade_id": 850015504, "side": "sell", "size": "0.00148811", "price": "117567.57000000", "time": "2025-07-16T00:20:10.282443Z", "fetched_at": "2025-07-16T00:20:19.097868+00:00", "symbol": "BTC-USD"}, {"trade_id": 850015503, "side": "sell", "size": "0.00016137", "price": "117567.57000000", "time": "2025-07-16T00:20:09.839798Z", "fetched_at": "2025-07-16T00:20:19.097868+00:00", "symbol": "BTC-USD"}, {"trade_id": 850015502, "side": "sell", "size": "0.00004001", "price": "117567.57000000", "time": "2025-07-16T00:20:09.575808Z", "fetched_at": "2025-07-16T00:20:19.097868+00:00", "symbol": "BTC-USD"}, {"trade_id": 850015501, "side": "sell", "size": "0.00082672", "price": "117567.57000000", "time": "2025-07-16T00:20:09.227820Z", "fetched_at": "2025-07-16T00:20:19.097868+00:00", "symbol": "BTC-USD"}, {"trade_id": 850015500, "side": "sell", "size": "0.00012103", "price": "117567.57000000", "time": "2025-07-16T00:20:09.218807Z", "fetched_at": "2025-07-16T00:20:19.097868+00:00", "symbol": "BTC-USD"}, {"trade_id": 850015499, "side": "buy", "size": "0.00034947", "price": "117567.56000000", "time": "2025-07-16T00:20:09.050089Z", "fetched_at": "2025-07-16T00:20:19.097868+00:00", "symbol": "BTC-USD"}, {"trade_id": 850015498, "side": "sell", "size": "0.00001684", "price": "117567.57000000", "time": "2025-07-16T00:20:08.955127Z", "fetched_at": "2025-07-16T00:20:19.097868+00:00", "symbol": "BTC-USD"}, {"trade_id": 850015497, "side": "sell", "size": "0.00005531", "price": "117567.57000000", "time": "2025-07-16T00:20:08.548254Z", "fetched_at": "2025-07-16T00:20:19.097868+00:00", "symbol": "BTC-USD"}, {"trade_id": 850015496, "side": "sell", "size": "0.00084222", "price": "117567.57000000", "time": "2025-07-16T00:20:08.102376Z", "fetched_at": "2025-07-16T00:20:19.097868+00:00", "symbol": "BTC-USD"}, {"trade_id": 850015495, "side": "sell", "size": "0.00042111", "price": "117567.57000000", "time": "2025-07-16T00:20:07.921166Z", "fetched_at": "2025-07-16T00:20:19.097868+00:00", "symbol": "BTC-USD"}, {"trade_id": 850015494, "side": "sell", "size": "0.00021784", "price": "117567.57000000", "time": "2025-07-16T00:20:07.072091Z", "fetched_at": "2025-07-16T00:20:19.097868+00:00", "symbol": "BTC-USD"}, {"trade_id": 850015493, "side": "buy", "size": "0.00246772", "price": "117567.56000000", "time": "2025-07-16T00:20:06.894245Z", "fetched_at": "2025-07-16T00:20:19.097868+00:00", "symbol": "BTC-USD"}, {"trade_id": 850015492, "side": "sell", "size": "0.00080679", "price": "117567.57000000", "time": "2025-07-16T00:20:06.637954Z", "fetched_at": "2025-07-16T00:20:19.097868+00:00", "symbol": "BTC-USD"}, {"trade_id": 850015491, "side": "buy", "size": "0.00038278", "price": "117567.56000000", "time": "2025-07-16T00:20:06.096131Z", "fetched_at": "2025-07-16T00:20:19.097868+00:00", "symbol": "BTC-USD"}, {"trade_id": 850015490, "side": "sell", "size": "0.00032766", "price": "117567.57000000", "time": "2025-07-16T00:20:05.515327Z", "fetched_at": "2025-07-16T00:20:19.097868+00:00", "symbol": "BTC-USD"}, {"trade_id": 850015489, "side": "sell", "size": "0.00105277", "price": "117567.57000000", "time": "2025-07-16T00:20:04.833034Z", "fetched_at": "2025-07-16T00:20:19.097868+00:00", "symbol": "BTC-USD"}, {"trade_id": 850015488, "side": "buy", "size": "0.00000859", "price": "117567.56000000", "time": "2025-07-16T00:20:04.828014Z", "fetched_at": "2025-07-16T00:20:19.097868+00:00", "symbol": "BTC-USD"}, {"trade_id": 850015487, "side": "sell", "size": "0.00177407", "price": "117567.57000000", "time": "2025-07-16T00:20:04.568126Z", "fetched_at": "2025-07-16T00:20:19.097868+00:00", "symbol": "BTC-USD"}, {"trade_id": 850015486, "side": "sell", "size": "0.00001033", "price": "117567.57000000", "time": "2025-07-16T00:20:04.568126Z", "fetched_at": "2025-07-16T00:20:19.097868+00:00", "symbol": "BTC-USD"}, {"trade_id": 850015485, "side": "sell", "size": "0.00000664", "price": "117567.57000000", "time": "2025-07-16T00:20:04.568126Z", "fetched_at": "2025-07-16T00:20:19.097868+00:00", "symbol": "BTC-USD"}, {"trade_id": 850015484, "side": "sell", "size": "0.00068430", "price": "117567.57000000", "time": "2025-07-16T00:20:04.568126Z", "fetched_at": "2025-07-16T00:20:19.097868+00:00", "symbol": "BTC-USD"}, {"trade_id": 850015483, "side": "sell", "size": "0.00000348", "price": "117567.57000000", "time": "2025-07-16T00:20:04.568126Z", "fetched_at": "2025-07-16T00:20:19.097868+00:00", "symbol": "BTC-USD"}, {"trade_id": 850015482, "side": "buy", "size": "0.00200245", "price": "117556.73000000", "time": "2025-07-16T00:20:02.995615Z", "fetched_at": "2025-07-16T00:20:19.097868+00:00", "symbol": "BTC-USD"}, {"trade_id": 850015481, "side": "sell", "size": "0.00004000", "price": "117565.42000000", "time": "2025-07-16T00:20:01.996832Z", "fetched_at": "2025-07-16T00:20:19.097868+00:00", "symbol": "BTC-USD"}, {"trade_id": 850015480, "side": "sell", "size": "0.06650661", "price": "117553.94000000", "time": "2025-07-16T00:20:01.902949Z", "fetched_at": "2025-07-16T00:20:19.097868+00:00", "symbol": "BTC-USD"}, {"trade_id": 850015479, "side": "sell", "size": "0.37864046", "price": "117553.83000000", "time": "2025-07-16T00:20:01.902949Z", "fetched_at": "2025-07-16T00:20:19.097868+00:00", "symbol": "BTC-USD"}, {"trade_id": 850015478, "side": "sell", "size": "0.02135954", "price": "117553.83000000", "time": "2025-07-16T00:20:01.870503Z", "fetched_at": "2025-07-16T00:20:19.097868+00:00", "symbol": "BTC-USD"}, {"trade_id": 850015477, "side": "sell", "size": "0.02742503", "price": "117547.04000000", "time": "2025-07-16T00:20:01.868963Z", "fetched_at": "2025-07-16T00:20:19.097868+00:00", "symbol": "BTC-USD"}, {"trade_id": 850015476, "side": "sell", "size": "0.01436636", "price": "117547.04000000", "time": "2025-07-16T00:20:01.868778Z", "fetched_at": "2025-07-16T00:20:19.097868+00:00", "symbol": "BTC-USD"}, {"trade_id": 850015475, "side": "sell", "size": "0.02471522", "price": "117547.04000000", "time": "2025-07-16T00:20:01.868771Z", "fetched_at": "2025-07-16T00:20:19.097868+00:00", "symbol": "BTC-USD"}, {"trade_id": 850015474, "side": "sell", "size": "0.01996739", "price": "117552.33000000", "time": "2025-07-16T00:20:01.862743Z", "fetched_at": "2025-07-16T00:20:19.097868+00:00", "symbol": "BTC-USD"}, {"trade_id": 850015473, "side": "sell", "size": "0.01665936", "price": "117552.33000000", "time": "2025-07-16T00:20:01.862166Z", "fetched_at": "2025-07-16T00:20:19.097868+00:00", "symbol": "BTC-USD"}, {"trade_id": 850015472, "side": "sell", "size": "0.00850711", "price": "117548.67000000", "time": "2025-07-16T00:20:01.861902Z", "fetched_at": "2025-07-16T00:20:19.097868+00:00", "symbol": "BTC-USD"}, {"trade_id": 850015471, "side": "sell", "size": "0.00172536", "price": "117547.02000000", "time": "2025-07-16T00:20:01.859928Z", "fetched_at": "2025-07-16T00:20:19.097868+00:00", "symbol": "BTC-USD"}, {"trade_id": 850015470, "side": "sell", "size": "0.06650661", "price": "117547.02000000", "time": "2025-07-16T00:20:01.859928Z", "fetched_at": "2025-07-16T00:20:19.097868+00:00", "symbol": "BTC-USD"}, {"trade_id": 850015469, "side": "sell", "size": "0.00004711", "price": "117546.93000000", "time": "2025-07-16T00:20:01.859928Z", "fetched_at": "2025-07-16T00:20:19.097868+00:00", "symbol": "BTC-USD"}, {"trade_id": 850015468, "side": "sell", "size": "0.00443728", "price": "117546.93000000", "time": "2025-07-16T00:20:01.163950Z", "fetched_at": "2025-07-16T00:20:19.097868+00:00", "symbol": "BTC-USD"}, {"trade_id": 850015467, "side": "buy", "size": "0.00096502", "price": "117546.92000000", "time": "2025-07-16T00:20:00.830059Z", "fetched_at": "2025-07-16T00:20:19.097868+00:00", "symbol": "BTC-USD"}, {"trade_id": 850015466, "side": "buy", "size": "0.01691791", "price": "117546.92000000", "time": "2025-07-16T00:20:00.206875Z", "fetched_at": "2025-07-16T00:20:19.097868+00:00", "symbol": "BTC-USD"}, {"trade_id": 850015465, "side": "buy", "size": "0.00009358", "price": "117546.93000000", "time": "2025-07-16T00:20:00.206875Z", "fetched_at": "2025-07-16T00:20:19.097868+00:00", "symbol": "BTC-USD"}, {"trade_id": 850015464, "side": "sell", "size": "0.00168414", "price": "117546.93000000", "time": "2025-07-16T00:19:59.586440Z", "fetched_at": "2025-07-16T00:20:19.097868+00:00", "symbol": "BTC-USD"}, {"trade_id": 850015463, "side": "buy", "size": "0.00167508", "price": "117546.92000000", "time": "2025-07-16T00:19:59.185024Z", "fetched_at": "2025-07-16T00:20:19.097868+00:00", "symbol": "BTC-USD"}, {"trade_id": 850015462, "side": "buy", "size": "0.00001345", "price": "117546.92000000", "time": "2025-07-16T00:19:59.106697Z", "fetched_at": "2025-07-16T00:20:19.097868+00:00", "symbol": "BTC-USD"}, {"trade_id": 850015461, "side": "sell", "size": "0.00127935", "price": "117547.01000000", "time": "2025-07-16T00:19:58.855026Z", "fetched_at": "2025-07-16T00:20:19.097868+00:00", "symbol": "BTC-USD"}, {"trade_id": 850015460, "side": "sell", "size": "0.00030383", "price": "117546.91000000", "time": "2025-07-16T00:19:58.855026Z", "fetched_at": "2025-07-16T00:20:19.097868+00:00", "symbol": "BTC-USD"}, {"trade_id": 850015459, "side": "sell", "size": "0.00003039", "price": "117546.91000000", "time": "2025-07-16T00:19:58.855026Z", "fetched_at": "2025-07-16T00:20:19.097868+00:00", "symbol": "BTC-USD"}, {"trade_id": 850015458, "side": "sell", "size": "0.00000008", "price": "117546.91000000", "time": "2025-07-16T00:19:58.082595Z", "fetched_at": "2025-07-16T00:20:19.097868+00:00", "symbol": "BTC-USD"}, {"trade_id": 850015457, "side": "sell", "size": "0.00000068", "price": "117546.91000000", "time": "2025-07-16T00:19:58.064997Z", "fetched_at": "2025-07-16T00:20:19.097868+00:00", "symbol": "BTC-USD"}, {"trade_id": 850015456, "side": "sell", "size": "0.00167576", "price": "117546.91000000", "time": "2025-07-16T00:19:58.046632Z", "fetched_at": "2025-07-16T00:20:19.097868+00:00", "symbol": "BTC-USD"}, {"trade_id": 850015455, "side": "sell", "size": "0.00080681", "price": "117546.91000000", "time": "2025-07-16T00:19:57.855702Z", "fetched_at": "2025-07-16T00:20:19.097868+00:00", "symbol": "BTC-USD"}, {"trade_id": 850015454, "side": "sell", "size": "0.00037910", "price": "117546.91000000", "time": "2025-07-16T00:19:57.817567Z", "fetched_at": "2025-07-16T00:20:19.097868+00:00", "symbol": "BTC-USD"}, {"trade_id": 850015453, "side": "sell", "size": "0.01754000", "price": "117546.91000000", "time": "2025-07-16T00:19:56.387127Z", "fetched_at": "2025-07-16T00:20:19.097868+00:00", "symbol": "BTC-USD"}, {"trade_id": 850015452, "side": "buy", "size": "0.08506871", "price": "117552.85000000", "time": "2025-07-16T00:19:56.276960Z", "fetched_at": "2025-07-16T00:20:19.097868+00:00", "symbol": "BTC-USD"}, {"trade_id": 850015451, "side": "buy", "size": "0.00009358", "price": "117552.96000000", "time": "2025-07-16T00:19:56.276960Z", "fetched_at": "2025-07-16T00:20:19.097868+00:00", "symbol": "BTC-USD"}, {"trade_id": 850015450, "side": "buy", "size": "0.00001000", "price": "117552.96000000", "time": "2025-07-16T00:19:56.276960Z", "fetched_at": "2025-07-16T00:20:19.097868+00:00", "symbol": "BTC-USD"}, {"trade_id": 850015449, "side": "buy", "size": "0.04700000", "price": "117555.60000000", "time": "2025-07-16T00:19:56.248068Z", "fetched_at": "2025-07-16T00:20:19.097868+00:00", "symbol": "BTC-USD"}, {"trade_id": 850015448, "side": "buy", "size": "0.02552105", "price": "117556.75000000", "time": "2025-07-16T00:19:56.247673Z", "fetched_at": "2025-07-16T00:20:19.097868+00:00", "symbol": "BTC-USD"}, {"trade_id": 850015447, "side": "buy", "size": "0.00009357", "price": "117559.26000000", "time": "2025-07-16T00:19:56.247673Z", "fetched_at": "2025-07-16T00:20:19.097868+00:00", "symbol": "BTC-USD"}, {"trade_id": 850015446, "side": "buy", "size": "0.00425305", "price": "117559.25000000", "time": "2025-07-16T00:19:56.186003Z", "fetched_at": "2025-07-16T00:20:19.097868+00:00", "symbol": "BTC-USD"}, {"trade_id": 850015445, "side": "buy", "size": "0.00001000", "price": "117561.78000000", "time": "2025-07-16T00:19:56.186003Z", "fetched_at": "2025-07-16T00:20:19.097868+00:00", "symbol": "BTC-USD"}, {"trade_id": 850015444, "side": "buy", "size": "0.00850610", "price": "117562.63000000", "time": "2025-07-16T00:19:56.186003Z", "fetched_at": "2025-07-16T00:20:19.097868+00:00", "symbol": "BTC-USD"}, {"trade_id": 850015443, "side": "buy", "size": "0.00774175", "price": "117564.30000000", "time": "2025-07-16T00:19:56.185205Z", "fetched_at": "2025-07-16T00:20:19.097868+00:00", "symbol": "BTC-USD"}, {"trade_id": 850015442, "side": "buy", "size": "0.00090665", "price": "117564.30000000", "time": "2025-07-16T00:19:56.185205Z", "fetched_at": "2025-07-16T00:20:19.097868+00:00", "symbol": "BTC-USD"}, {"trade_id": 850015441, "side": "buy", "size": "0.04598268", "price": "117564.30000000", "time": "2025-07-16T00:19:56.185205Z", "fetched_at": "2025-07-16T00:20:19.097868+00:00", "symbol": "BTC-USD"}, {"trade_id": 850015440, "side": "sell", "size": "0.00600100", "price": "117564.31000000", "time": "2025-07-16T00:19:55.917752Z", "fetched_at": "2025-07-16T00:20:19.097868+00:00", "symbol": "BTC-USD"}, {"trade_id": 850015439, "side": "sell", "size": "0.00040321", "price": "117564.31000000", "time": "2025-07-16T00:19:55.852264Z", "fetched_at": "2025-07-16T00:20:19.097868+00:00", "symbol": "BTC-USD"}, {"trade_id": 850015438, "side": "buy", "size": "0.00001732", "price": "117564.30000000", "time": "2025-07-16T00:19:55.802356Z", "fetched_at": "2025-07-16T00:20:19.097868+00:00", "symbol": "BTC-USD"}, {"trade_id": 850015437, "side": "buy", "size": "0.00003861", "price": "117564.30000000", "time": "2025-07-16T00:19:55.802356Z", "fetched_at": "2025-07-16T00:20:19.097868+00:00", "symbol": "BTC-USD"}, {"trade_id": 850015436, "side": "buy", "size": "0.00000238", "price": "117564.30000000", "time": "2025-07-16T00:19:55.802356Z", "fetched_at": "2025-07-16T00:20:19.097868+00:00", "symbol": "BTC-USD"}, {"trade_id": 850015435, "side": "buy", "size": "0.00015140", "price": "117564.41000000", "time": "2025-07-16T00:19:55.802356Z", "fetched_at": "2025-07-16T00:20:19.097868+00:00", "symbol": "BTC-USD"}, {"trade_id": 850015434, "side": "buy", "size": "0.03870877", "price": "117567.45000000", "time": "2025-07-16T00:19:55.631886Z", "fetched_at": "2025-07-16T00:20:19.097868+00:00", "symbol": "BTC-USD"}, {"trade_id": 850015433, "side": "buy", "size": "0.00340200", "price": "117567.56000000", "time": "2025-07-16T00:19:55.631886Z", "fetched_at": "2025-07-16T00:20:19.097868+00:00", "symbol": "BTC-USD"}, {"trade_id": 850015432, "side": "buy", "size": "0.00000900", "price": "117567.56000000", "time": "2025-07-16T00:19:55.631886Z", "fetched_at": "2025-07-16T00:20:19.097868+00:00", "symbol": "BTC-USD"}, {"trade_id": 850015431, "side": "buy", "size": "0.02809800", "price": "117567.56000000", "time": "2025-07-16T00:19:55.631886Z", "fetched_at": "2025-07-16T00:20:19.097868+00:00", "symbol": "BTC-USD"}, {"trade_id": 850015430, "side": "buy", "size": "0.00002201", "price": "117567.56000000", "time": "2025-07-16T00:19:55.631886Z", "fetched_at": "2025-07-16T00:20:19.097868+00:00", "symbol": "BTC-USD"}, {"trade_id": 850015429, "side": "buy", "size": "0.01565858", "price": "117567.56000000", "time": "2025-07-16T00:19:55.631886Z", "fetched_at": "2025-07-16T00:20:19.097868+00:00", "symbol": "BTC-USD"}, {"trade_id": 850015428, "side": "buy", "size": "0.15593912", "price": "117567.56000000", "time": "2025-07-16T00:19:55.628173Z", "fetched_at": "2025-07-16T00:20:19.097868+00:00", "symbol": "BTC-USD"}, {"trade_id": 850015427, "side": "sell", "size": "0.00016942", "price": "117567.57000000", "time": "2025-07-16T00:19:55.620710Z", "fetched_at": "2025-07-16T00:20:19.097868+00:00", "symbol": "BTC-USD"}, {"trade_id": 850015426, "side": "buy", "size": "0.00340230", "price": "117567.56000000", "time": "2025-07-16T00:19:54.899792Z", "fetched_at": "2025-07-16T00:20:19.097868+00:00", "symbol": "BTC-USD"}, {"trade_id": 850015425, "side": "sell", "size": "0.00247814", "price": "117567.57000000", "time": "2025-07-16T00:19:54.656827Z", "fetched_at": "2025-07-16T00:20:19.097868+00:00", "symbol": "BTC-USD"}, {"trade_id": 850015424, "side": "sell", "size": "0.00000410", "price": "117567.57000000", "time": "2025-07-16T00:19:54.164128Z", "fetched_at": "2025-07-16T00:20:19.097868+00:00", "symbol": "BTC-USD"}, {"trade_id": 850015423, "side": "sell", "size": "0.00082657", "price": "117567.57000000", "time": "2025-07-16T00:19:54.011962Z", "fetched_at": "2025-07-16T00:20:19.097868+00:00", "symbol": "BTC-USD"}, {"trade_id": 850015422, "side": "sell", "size": "0.00166149", "price": "117567.57000000", "time": "2025-07-16T00:19:53.140397Z", "fetched_at": "2025-07-16T00:20:19.097868+00:00", "symbol": "BTC-USD"}, {"trade_id": 850015421, "side": "sell", "size": "0.00096815", "price": "117567.57000000", "time": "2025-07-16T00:19:52.606311Z", "fetched_at": "2025-07-16T00:20:19.097868+00:00", "symbol": "BTC-USD"}, {"trade_id": 850015420, "side": "sell", "size": "0.00024799", "price": "117567.57000000", "time": "2025-07-16T00:19:52.219803Z", "fetched_at": "2025-07-16T00:20:19.097868+00:00", "symbol": "BTC-USD"}, {"trade_id": 850015419, "side": "sell", "size": "0.00041330", "price": "117567.57000000", "time": "2025-07-16T00:19:51.215273Z", "fetched_at": "2025-07-16T00:20:19.097868+00:00", "symbol": "BTC-USD"}, {"trade_id": 850015418, "side": "sell", "size": "0.00081000", "price": "117567.57000000", "time": "2025-07-16T00:19:49.888390Z", "fetched_at": "2025-07-16T00:20:19.097868+00:00", "symbol": "BTC-USD"}, {"trade_id": 850015417, "side": "sell", "size": "0.00132786", "price": "117567.57000000", "time": "2025-07-16T00:19:48.350199Z", "fetched_at": "2025-07-16T00:20:19.097868+00:00", "symbol": "BTC-USD"}, {"trade_id": 850015416, "side": "buy", "size": "0.00086819", "price": "117567.56000000", "time": "2025-07-16T00:19:48.122951Z", "fetched_at": "2025-07-16T00:20:19.097868+00:00", "symbol": "BTC-USD"}, {"trade_id": 850015415, "side": "sell", "size": "0.00024196", "price": "117567.57000000", "time": "2025-07-16T00:19:47.925708Z", "fetched_at": "2025-07-16T00:20:19.097868+00:00", "symbol": "BTC-USD"}, {"trade_id": 850015414, "side": "sell", "size": "0.00087000", "price": "117567.57000000", "time": "2025-07-16T00:19:46.518987Z", "fetched_at": "2025-07-16T00:20:19.097868+00:00", "symbol": "BTC-USD"}, {"trade_id": 850015413, "side": "sell", "size": "0.00034947", "price": "117567.57000000", "time": "2025-07-16T00:19:46.224485Z", "fetched_at": "2025-07-16T00:20:19.097868+00:00", "symbol": "BTC-USD"}, {"trade_id": 850015412, "side": "sell", "size": "0.00001180", "price": "117567.57000000", "time": "2025-07-16T00:19:45.547713Z", "fetched_at": "2025-07-16T00:20:19.097868+00:00", "symbol": "BTC-USD"}, {"trade_id": 850015411, "side": "sell", "size": "0.00165319", "price": "117567.57000000", "time": "2025-07-16T00:19:44.366316Z", "fetched_at": "2025-07-16T00:20:19.097868+00:00", "symbol": "BTC-USD"}, {"trade_id": 850015410, "side": "sell", "size": "0.00068562", "price": "117567.57000000", "time": "2025-07-16T00:19:43.532708Z", "fetched_at": "2025-07-16T00:20:19.097868+00:00", "symbol": "BTC-USD"}, {"trade_id": 850015409, "side": "sell", "size": "0.00082639", "price": "117567.57000000", "time": "2025-07-16T00:19:42.875043Z", "fetched_at": "2025-07-16T00:20:19.097868+00:00", "symbol": "BTC-USD"}, {"trade_id": 850015408, "side": "buy", "size": "0.00001042", "price": "117567.56000000", "time": "2025-07-16T00:19:41.297499Z", "fetched_at": "2025-07-16T00:20:19.097868+00:00", "symbol": "BTC-USD"}, {"trade_id": 850015407, "side": "sell", "size": "0.04567824", "price": "117567.57000000", "time": "2025-07-16T00:19:40.771846Z", "fetched_at": "2025-07-16T00:20:19.097868+00:00", "symbol": "BTC-USD"}, {"trade_id": 850015406, "side": "sell", "size": "0.00023000", "price": "117567.57000000", "time": "2025-07-16T00:19:40.538570Z", "fetched_at": "2025-07-16T00:20:19.097868+00:00", "symbol": "BTC-USD"}, {"trade_id": 850015405, "side": "sell", "size": "0.00021045", "price": "117567.57000000", "time": "2025-07-16T00:19:40.390177Z", "fetched_at": "2025-07-16T00:20:19.097868+00:00", "symbol": "BTC-USD"}, {"trade_id": 850015404, "side": "sell", "size": "0.06539826", "price": "117566.18000000", "time": "2025-07-16T00:19:40.097483Z", "fetched_at": "2025-07-16T00:20:19.097868+00:00", "symbol": "BTC-USD"}, {"trade_id": 850015403, "side": "sell", "size": "0.00001476", "price": "117564.42000000", "time": "2025-07-16T00:19:40.059579Z", "fetched_at": "2025-07-16T00:20:19.097868+00:00", "symbol": "BTC-USD"}, {"trade_id": 850015402, "side": "sell", "size": "0.00008632", "price": "117564.42000000", "time": "2025-07-16T00:19:40.059579Z", "fetched_at": "2025-07-16T00:20:19.097868+00:00", "symbol": "BTC-USD"}, {"trade_id": 850015401, "side": "sell", "size": "0.00116604", "price": "117564.42000000", "time": "2025-07-16T00:19:40.059579Z", "fetched_at": "2025-07-16T00:20:19.097868+00:00", "symbol": "BTC-USD"}, {"trade_id": 850015400, "side": "sell", "size": "0.06347553", "price": "117564.42000000", "time": "2025-07-16T00:19:40.059579Z", "fetched_at": "2025-07-16T00:20:19.097868+00:00", "symbol": "BTC-USD"}, {"trade_id": 850015399, "side": "sell", "size": "0.00126000", "price": "117564.42000000", "time": "2025-07-16T00:19:40.036641Z", "fetched_at": "2025-07-16T00:20:19.097868+00:00", "symbol": "BTC-USD"}, {"trade_id": 850015398, "side": "sell", "size": "0.00070000", "price": "117564.42000000", "time": "2025-07-16T00:19:38.708325Z", "fetched_at": "2025-07-16T00:20:19.097868+00:00", "symbol": "BTC-USD"}, {"trade_id": 850015397, "side": "buy", "size": "0.00014143", "price": "117564.41000000", "time": "2025-07-16T00:19:38.326090Z", "fetched_at": "2025-07-16T00:20:19.097868+00:00", "symbol": "BTC-USD"}, {"trade_id": 850015396, "side": "buy", "size": "0.00009357", "price": "117564.41000000", "time": "2025-07-16T00:19:38.326090Z", "fetched_at": "2025-07-16T00:20:19.097868+00:00", "symbol": "BTC-USD"}, {"trade_id": 850015395, "side": "sell", "size": "0.00165277", "price": "117564.42000000", "time": "2025-07-16T00:19:38.219307Z", "fetched_at": "2025-07-16T00:20:19.097868+00:00", "symbol": "BTC-USD"}, {"trade_id": 850015394, "side": "sell", "size": "0.00034365", "price": "117564.42000000", "time": "2025-07-16T00:19:37.232968Z", "fetched_at": "2025-07-16T00:20:19.097868+00:00", "symbol": "BTC-USD"}, {"trade_id": 850015393, "side": "buy", "size": "0.00835203", "price": "117564.32000000", "time": "2025-07-16T00:19:36.902161Z", "fetched_at": "2025-07-16T00:20:19.097868+00:00", "symbol": "BTC-USD"}, {"trade_id": 850015392, "side": "buy", "size": "0.00009357", "price": "117564.41000000", "time": "2025-07-16T00:19:36.902161Z", "fetched_at": "2025-07-16T00:20:19.097868+00:00", "symbol": "BTC-USD"}, {"trade_id": 850015391, "side": "buy", "size": "0.00169201", "price": "117564.32000000", "time": "2025-07-16T00:19:36.878057Z", "fetched_at": "2025-07-16T00:20:19.097868+00:00", "symbol": "BTC-USD"}, {"trade_id": 850015390, "side": "buy", "size": "0.00009357", "price": "117564.41000000", "time": "2025-07-16T00:19:36.878057Z", "fetched_at": "2025-07-16T00:20:19.097868+00:00", "symbol": "BTC-USD"}, {"trade_id": 850015389, "side": "sell", "size": "0.00061719", "price": "117564.42000000", "time": "2025-07-16T00:19:36.492295Z", "fetched_at": "2025-07-16T00:20:19.097868+00:00", "symbol": "BTC-USD"}, {"trade_id": 850015388, "side": "sell", "size": "0.00020256", "price": "117564.31000000", "time": "2025-07-16T00:19:36.492295Z", "fetched_at": "2025-07-16T00:20:19.097868+00:00", "symbol": "BTC-USD"}, {"trade_id": 850015387, "side": "sell", "size": "0.00000664", "price": "117564.31000000", "time": "2025-07-16T00:19:36.492295Z", "fetched_at": "2025-07-16T00:20:19.097868+00:00", "symbol": "BTC-USD"}, {"trade_id": 850015386, "side": "buy", "size": "0.00008231", "price": "117564.30000000", "time": "2025-07-16T00:19:36.415451Z", "fetched_at": "2025-07-16T00:20:19.097868+00:00", "symbol": "BTC-USD"}, {"trade_id": 850015385, "side": "buy", "size": "0.00750661", "price": "117564.30000000", "time": "2025-07-16T00:19:35.851757Z", "fetched_at": "2025-07-16T00:20:19.097868+00:00", "symbol": "BTC-USD"}, {"trade_id": 850015384, "side": "sell", "size": "0.03504400", "price": "117564.31000000", "time": "2025-07-16T00:19:34.343899Z", "fetched_at": "2025-07-16T00:20:19.097868+00:00", "symbol": "BTC-USD"}, {"trade_id": 850015383, "side": "buy", "size": "0.00001000", "price": "117570.60000000", "time": "2025-07-16T00:19:34.253004Z", "fetched_at": "2025-07-16T00:20:19.097868+00:00", "symbol": "BTC-USD"}, {"trade_id": 850015382, "side": "buy", "size": "0.02668823", "price": "117576.94000000", "time": "2025-07-16T00:19:34.123755Z", "fetched_at": "2025-07-16T00:20:19.097868+00:00", "symbol": "BTC-USD"}, {"trade_id": 850015381, "side": "buy", "size": "0.02031177", "price": "117576.94000000", "time": "2025-07-16T00:19:34.120759Z", "fetched_at": "2025-07-16T00:20:19.097868+00:00", "symbol": "BTC-USD"}, {"trade_id": 850015380, "side": "buy", "size": "0.04251559", "price": "117577.44000000", "time": "2025-07-16T00:19:34.120759Z", "fetched_at": "2025-07-16T00:20:19.097868+00:00", "symbol": "BTC-USD"}, {"trade_id": 850015379, "side": "buy", "size": "0.00001000", "price": "117579.42000000", "time": "2025-07-16T00:19:34.120759Z", "fetched_at": "2025-07-16T00:20:19.097868+00:00", "symbol": "BTC-USD"}, {"trade_id": 850015378, "side": "buy", "size": "0.00004337", "price": "117582.27000000", "time": "2025-07-16T00:19:34.110895Z", "fetched_at": "2025-07-16T00:20:19.097868+00:00", "symbol": "BTC-USD"}, {"trade_id": 850015377, "side": "buy", "size": "0.08504875", "price": "117582.28000000", "time": "2025-07-16T00:19:34.110895Z", "fetched_at": "2025-07-16T00:20:19.097868+00:00", "symbol": "BTC-USD"}, {"trade_id": 850015376, "side": "buy", "size": "0.00009355", "price": "117585.64000000", "time": "2025-07-16T00:19:34.110895Z", "fetched_at": "2025-07-16T00:20:19.097868+00:00", "symbol": "BTC-USD"}, {"trade_id": 850015375, "side": "buy", "size": "0.00026449", "price": "117585.64000000", "time": "2025-07-16T00:19:34.110005Z", "fetched_at": "2025-07-16T00:20:19.097868+00:00", "symbol": "BTC-USD"}, {"trade_id": 850015374, "side": "buy", "size": "0.00135024", "price": "117585.64000000", "time": "2025-07-16T00:19:34.110005Z", "fetched_at": "2025-07-16T00:20:19.097868+00:00", "symbol": "BTC-USD"}, {"trade_id": 850015373, "side": "buy", "size": "0.01653240", "price": "117585.64000000", "time": "2025-07-16T00:19:34.110005Z", "fetched_at": "2025-07-16T00:20:19.097868+00:00", "symbol": "BTC-USD"}, {"trade_id": 850015372, "side": "buy", "size": "0.00009355", "price": "117586.21000000", "time": "2025-07-16T00:19:34.110005Z", "fetched_at": "2025-07-16T00:20:19.097868+00:00", "symbol": "BTC-USD"}, {"trade_id": 850015371, "side": "buy", "size": "0.00850440", "price": "117586.20000000", "time": "2025-07-16T00:19:34.108742Z", "fetched_at": "2025-07-16T00:20:19.097868+00:00", "symbol": "BTC-USD"}, {"trade_id": 850015370, "side": "buy", "size": "0.00000476", "price": "117587.94000000", "time": "2025-07-16T00:19:34.108742Z", "fetched_at": "2025-07-16T00:20:19.097868+00:00", "symbol": "BTC-USD"}, {"trade_id": 850015369, "side": "buy", "size": "0.00847025", "price": "117587.95000000", "time": "2025-07-16T00:19:34.108742Z", "fetched_at": "2025-07-16T00:20:19.097868+00:00", "symbol": "BTC-USD"}, {"trade_id": 850015368, "side": "buy", "size": "0.00001000", "price": "117588.24000000", "time": "2025-07-16T00:19:34.108742Z", "fetched_at": "2025-07-16T00:20:19.097868+00:00", "symbol": "BTC-USD"}, {"trade_id": 850015367, "side": "buy", "size": "0.00850394", "price": "117592.59000000", "time": "2025-07-16T00:19:33.930799Z", "fetched_at": "2025-07-16T00:20:19.097868+00:00", "symbol": "BTC-USD"}, {"trade_id": 850015366, "side": "buy", "size": "0.00005331", "price": "117594.34000000", "time": "2025-07-16T00:19:33.926842Z", "fetched_at": "2025-07-16T00:20:19.097868+00:00", "symbol": "BTC-USD"}, {"trade_id": 850015365, "side": "buy", "size": "0.00000943", "price": "117594.34000000", "time": "2025-07-16T00:19:33.926842Z", "fetched_at": "2025-07-16T00:20:19.097868+00:00", "symbol": "BTC-USD"}, {"trade_id": 850015364, "side": "buy", "size": "0.04800000", "price": "117594.34000000", "time": "2025-07-16T00:19:33.926842Z", "fetched_at": "2025-07-16T00:20:19.097868+00:00", "symbol": "BTC-USD"}, {"trade_id": 850015363, "side": "buy", "size": "0.00091739", "price": "117594.35000000", "time": "2025-07-16T00:19:33.926842Z", "fetched_at": "2025-07-16T00:20:19.097868+00:00", "symbol": "BTC-USD"}, {"trade_id": 850015362, "side": "buy", "size": "0.00850331", "price": "117601.28000000", "time": "2025-07-16T00:19:32.553848Z", "fetched_at": "2025-07-16T00:20:19.097868+00:00", "symbol": "BTC-USD"}, {"trade_id": 850015361, "side": "buy", "size": "0.00000900", "price": "117603.02000000", "time": "2025-07-16T00:19:32.534742Z", "fetched_at": "2025-07-16T00:20:19.097868+00:00", "symbol": "BTC-USD"}, {"trade_id": 850015360, "side": "buy", "size": "0.02303317", "price": "117603.04000000", "time": "2025-07-16T00:19:32.534742Z", "fetched_at": "2025-07-16T00:20:19.097868+00:00", "symbol": "BTC-USD"}, {"trade_id": 850015359, "side": "buy", "size": "0.00002736", "price": "117603.06000000", "time": "2025-07-16T00:19:32.534742Z", "fetched_at": "2025-07-16T00:20:19.097868+00:00", "symbol": "BTC-USD"}, {"trade_id": 850015358, "side": "buy", "size": "0.02900000", "price": "117603.06000000", "time": "2025-07-16T00:19:32.534742Z", "fetched_at": "2025-07-16T00:20:19.097868+00:00", "symbol": "BTC-USD"}, {"trade_id": 850015357, "side": "sell", "size": "0.00000008", "price": "117603.07000000", "time": "2025-07-16T00:19:32.337918Z", "fetched_at": "2025-07-16T00:20:19.097868+00:00", "symbol": "BTC-USD"}, {"trade_id": 850015356, "side": "sell", "size": "0.00015206", "price": "117603.07000000", "time": "2025-07-16T00:19:32.319429Z", "fetched_at": "2025-07-16T00:20:19.097868+00:00", "symbol": "BTC-USD"}, {"trade_id": 850015355, "side": "sell", "size": "0.00008146", "price": "117603.07000000", "time": "2025-07-16T00:19:32.318720Z", "fetched_at": "2025-07-16T00:20:19.097868+00:00", "symbol": "BTC-USD"}, {"trade_id": 850015354, "side": "sell", "size": "0.00001502", "price": "117603.07000000", "time": "2025-07-16T00:19:32.318720Z", "fetched_at": "2025-07-16T00:20:19.097868+00:00", "symbol": "BTC-USD"}, {"trade_id": 850015353, "side": "sell", "size": "0.00006664", "price": "117608.24000000", "time": "2025-07-16T00:19:32.217208Z", "fetched_at": "2025-07-16T00:20:19.097868+00:00", "symbol": "BTC-USD"}, {"trade_id": 850015352, "side": "sell", "size": "0.00000042", "price": "117603.07000000", "time": "2025-07-16T00:19:32.217208Z", "fetched_at": "2025-07-16T00:20:19.097868+00:00", "symbol": "BTC-USD"}, {"trade_id": 850015351, "side": "sell", "size": "0.00001502", "price": "117603.07000000", "time": "2025-07-16T00:19:32.217208Z", "fetched_at": "2025-07-16T00:20:19.097868+00:00", "symbol": "BTC-USD"}, {"trade_id": 850015350, "side": "sell", "size": "0.00001502", "price": "117603.05000000", "time": "2025-07-16T00:19:32.163938Z", "fetched_at": "2025-07-16T00:20:19.097868+00:00", "symbol": "BTC-USD"}, {"trade_id": 850015349, "side": "sell", "size": "0.00000850", "price": "117603.05000000", "time": "2025-07-16T00:19:32.163938Z", "fetched_at": "2025-07-16T00:20:19.097868+00:00", "symbol": "BTC-USD"}, {"trade_id": 850015348, "side": "sell", "size": "0.00001124", "price": "117603.05000000", "time": "2025-07-16T00:19:31.832229Z", "fetched_at": "2025-07-16T00:20:19.097868+00:00", "symbol": "BTC-USD"}, {"trade_id": 850015347, "side": "sell", "size": "0.00018878", "price": "117608.26000000", "time": "2025-07-16T00:19:31.313574Z", "fetched_at": "2025-07-16T00:20:19.097868+00:00", "symbol": "BTC-USD"}, {"trade_id": 850015346, "side": "sell", "size": "0.00000591", "price": "117603.05000000", "time": "2025-07-16T00:19:31.313574Z", "fetched_at": "2025-07-16T00:20:19.097868+00:00", "symbol": "BTC-USD"}, {"trade_id": 850015345, "side": "sell", "size": "0.00001502", "price": "117603.05000000", "time": "2025-07-16T00:19:31.313574Z", "fetched_at": "2025-07-16T00:20:19.097868+00:00", "symbol": "BTC-USD"}, {"trade_id": 850015344, "side": "sell", "size": "0.00032043", "price": "117608.26000000", "time": "2025-07-16T00:19:31.269462Z", "fetched_at": "2025-07-16T00:20:19.097868+00:00", "symbol": "BTC-USD"}, {"trade_id": 850015343, "side": "sell", "size": "0.00007774", "price": "117608.26000000", "time": "2025-07-16T00:19:31.269462Z", "fetched_at": "2025-07-16T00:20:19.097868+00:00", "symbol": "BTC-USD"}, {"trade_id": 850015342, "side": "sell", "size": "0.00001502", "price": "117603.05000000", "time": "2025-07-16T00:19:31.269462Z", "fetched_at": "2025-07-16T00:20:19.097868+00:00", "symbol": "BTC-USD"}, {"trade_id": 850015341, "side": "sell", "size": "0.00004049", "price": "117609.38000000", "time": "2025-07-16T00:19:30.977245Z", "fetched_at": "2025-07-16T00:20:19.097868+00:00", "symbol": "BTC-USD"}, {"trade_id": 850015340, "side": "sell", "size": "0.00001328", "price": "117608.28000000", "time": "2025-07-16T00:19:30.977245Z", "fetched_at": "2025-07-16T00:20:19.097868+00:00", "symbol": "BTC-USD"}, {"trade_id": 850015339, "side": "sell", "size": "0.00013401", "price": "117608.28000000", "time": "2025-07-16T00:19:30.977245Z", "fetched_at": "2025-07-16T00:20:19.097868+00:00", "symbol": "BTC-USD"}, {"trade_id": 850015338, "side": "sell", "size": "0.00000380", "price": "117608.26000000", "time": "2025-07-16T00:19:30.977245Z", "fetched_at": "2025-07-16T00:20:19.097868+00:00", "symbol": "BTC-USD"}, {"trade_id": 850015337, "side": "sell", "size": "0.00001502", "price": "117603.05000000", "time": "2025-07-16T00:19:30.977245Z", "fetched_at": "2025-07-16T00:20:19.097868+00:00", "symbol": "BTC-USD"}, {"trade_id": 850015336, "side": "buy", "size": "0.00343554", "price": "117603.04000000", "time": "2025-07-16T00:19:30.915790Z", "fetched_at": "2025-07-16T00:20:19.097868+00:00", "symbol": "BTC-USD"}, {"trade_id": 850015335, "side": "buy", "size": "0.02253129", "price": "117603.04000000", "time": "2025-07-16T00:19:30.847050Z", "fetched_at": "2025-07-16T00:20:19.097868+00:00", "symbol": "BTC-USD"}, {"trade_id": 850015334, "side": "sell", "size": "0.00000115", "price": "117608.26000000", "time": "2025-07-16T00:19:30.626079Z", "fetched_at": "2025-07-16T00:20:19.097868+00:00", "symbol": "BTC-USD"}, {"trade_id": 850015333, "side": "sell", "size": "0.00019762", "price": "117606.36000000", "time": "2025-07-16T00:19:30.613185Z", "fetched_at": "2025-07-16T00:20:19.097868+00:00", "symbol": "BTC-USD"}, {"trade_id": 850015332, "side": "sell", "size": "0.00000212", "price": "117602.23000000", "time": "2025-07-16T00:19:30.613185Z", "fetched_at": "2025-07-16T00:20:19.097868+00:00", "symbol": "BTC-USD"}, {"trade_id": 850015331, "side": "sell", "size": "0.00001502", "price": "117597.88000000", "time": "2025-07-16T00:19:30.613185Z", "fetched_at": "2025-07-16T00:20:19.097868+00:00", "symbol": "BTC-USD"}, {"trade_id": 850015330, "side": "buy", "size": "0.00004252", "price": "117596.12000000", "time": "2025-07-16T00:19:30.546923Z", "fetched_at": "2025-07-16T00:20:19.097868+00:00", "symbol": "BTC-USD"}, {"trade_id": 850015329, "side": "sell", "size": "0.00084179", "price": "117594.36000000", "time": "2025-07-16T00:19:30.347647Z", "fetched_at": "2025-07-16T00:20:19.097868+00:00", "symbol": "BTC-USD"}, {"trade_id": 850015328, "side": "buy", "size": "0.00012558", "price": "117594.35000000", "time": "2025-07-16T00:19:30.050753Z", "fetched_at": "2025-07-16T00:20:19.097868+00:00", "symbol": "BTC-USD"}, {"trade_id": 850015327, "side": "buy", "size": "0.00171777", "price": "117594.35000000", "time": "2025-07-16T00:19:29.913563Z", "fetched_at": "2025-07-16T00:20:19.097868+00:00", "symbol": "BTC-USD"}, {"trade_id": 850015326, "side": "sell", "size": "0.00080660", "price": "117594.36000000", "time": "2025-07-16T00:19:29.087474Z", "fetched_at": "2025-07-16T00:20:19.097868+00:00", "symbol": "BTC-USD"}, {"trade_id": 850015325, "side": "buy", "size": "0.00088371", "price": "117594.35000000", "time": "2025-07-16T00:19:28.925374Z", "fetched_at": "2025-07-16T00:20:19.097868+00:00", "symbol": "BTC-USD"}, {"trade_id": 850015324, "side": "sell", "size": "0.00029036", "price": "117594.36000000", "time": "2025-07-16T00:19:28.018285Z", "fetched_at": "2025-07-16T00:20:19.097868+00:00", "symbol": "BTC-USD"}, {"trade_id": 850015323, "side": "buy", "size": "0.00008504", "price": "117594.35000000", "time": "2025-07-16T00:19:27.874526Z", "fetched_at": "2025-07-16T00:20:19.097868+00:00", "symbol": "BTC-USD"}, {"trade_id": 850015322, "side": "sell", "size": "0.00016140", "price": "117594.36000000", "time": "2025-07-16T00:19:26.376855Z", "fetched_at": "2025-07-16T00:20:19.097868+00:00", "symbol": "BTC-USD"}, {"trade_id": 850015321, "side": "sell", "size": "0.00001502", "price": "117594.35000000", "time": "2025-07-16T00:19:26.376855Z", "fetched_at": "2025-07-16T00:20:19.097868+00:00", "symbol": "BTC-USD"}, {"trade_id": 850015320, "side": "buy", "size": "0.01665591", "price": "117594.34000000", "time": "2025-07-16T00:19:25.844326Z", "fetched_at": "2025-07-16T00:20:19.097868+00:00", "symbol": "BTC-USD"}, {"trade_id": 850015319, "side": "buy", "size": "0.00002661", "price": "117594.34000000", "time": "2025-07-16T00:19:25.844326Z", "fetched_at": "2025-07-16T00:20:19.097868+00:00", "symbol": "BTC-USD"}, {"trade_id": 850015318, "side": "buy", "size": "0.00005323", "price": "117594.34000000", "time": "2025-07-16T00:19:25.844326Z", "fetched_at": "2025-07-16T00:20:19.097868+00:00", "symbol": "BTC-USD"}, {"trade_id": 850015317, "side": "buy", "size": "0.00010417", "price": "117594.34000000", "time": "2025-07-16T00:19:25.844326Z", "fetched_at": "2025-07-16T00:20:19.097868+00:00", "symbol": "BTC-USD"}, {"trade_id": 850015316, "side": "buy", "size": "0.00030511", "price": "117594.34000000", "time": "2025-07-16T00:19:25.844326Z", "fetched_at": "2025-07-16T00:20:19.097868+00:00", "symbol": "BTC-USD"}, {"trade_id": 850015315, "side": "buy", "size": "0.00010570", "price": "117594.34000000", "time": "2025-07-16T00:19:25.844326Z", "fetched_at": "2025-07-16T00:20:19.097868+00:00", "symbol": "BTC-USD"}, {"trade_id": 850015314, "side": "buy", "size": "0.00020341", "price": "117594.34000000", "time": "2025-07-16T00:19:25.844326Z", "fetched_at": "2025-07-16T00:20:19.097868+00:00", "symbol": "BTC-USD"}, {"trade_id": 850015313, "side": "buy", "size": "0.00060275", "price": "117594.34000000", "time": "2025-07-16T00:19:25.844326Z", "fetched_at": "2025-07-16T00:20:19.097868+00:00", "symbol": "BTC-USD"}, {"trade_id": 850015312, "side": "buy", "size": "0.00000119", "price": "117594.34000000", "time": "2025-07-16T00:19:25.844326Z", "fetched_at": "2025-07-16T00:20:19.097868+00:00", "symbol": "BTC-USD"}, {"trade_id": 850015311, "side": "buy", "size": "0.00180136", "price": "117594.34000000", "time": "2025-07-16T00:19:25.844326Z", "fetched_at": "2025-07-16T00:20:19.097868+00:00", "symbol": "BTC-USD"}, {"trade_id": 850015310, "side": "buy", "size": "0.04136118", "price": "117594.34000000", "time": "2025-07-16T00:19:25.844326Z", "fetched_at": "2025-07-16T00:20:19.097868+00:00", "symbol": "BTC-USD"}, {"trade_id": 850015309, "side": "buy", "size": "0.00010425", "price": "117594.36000000", "time": "2025-07-16T00:19:25.844326Z", "fetched_at": "2025-07-16T00:20:19.097868+00:00", "symbol": "BTC-USD"}, {"trade_id": 850015308, "side": "buy", "size": "0.00030520", "price": "117594.36000000", "time": "2025-07-16T00:19:25.844326Z", "fetched_at": "2025-07-16T00:20:19.097868+00:00", "symbol": "BTC-USD"}, {"trade_id": 850015307, "side": "buy", "size": "0.00090846", "price": "117594.36000000", "time": "2025-07-16T00:19:25.844326Z", "fetched_at": "2025-07-16T00:20:19.097868+00:00", "symbol": "BTC-USD"}, {"trade_id": 850015306, "side": "buy", "size": "0.00002661", "price": "117594.36000000", "time": "2025-07-16T00:19:25.844326Z", "fetched_at": "2025-07-16T00:20:19.097868+00:00", "symbol": "BTC-USD"}, {"trade_id": 850015305, "side": "buy", "size": "0.00005323", "price": "117594.36000000", "time": "2025-07-16T00:19:25.844326Z", "fetched_at": "2025-07-16T00:20:19.097868+00:00", "symbol": "BTC-USD"}, {"trade_id": 850015304, "side": "buy", "size": "0.00010425", "price": "117594.36000000", "time": "2025-07-16T00:19:25.844326Z", "fetched_at": "2025-07-16T00:20:19.097868+00:00", "symbol": "BTC-USD"}, {"trade_id": 850015303, "side": "buy", "size": "0.00030511", "price": "117594.36000000", "time": "2025-07-16T00:19:25.844326Z", "fetched_at": "2025-07-16T00:20:19.097868+00:00", "symbol": "BTC-USD"}, {"trade_id": 850015302, "side": "buy", "size": "0.00090846", "price": "117594.36000000", "time": "2025-07-16T00:19:25.844326Z", "fetched_at": "2025-07-16T00:20:19.097868+00:00", "symbol": "BTC-USD"}, {"trade_id": 850015301, "side": "buy", "size": "0.02619592", "price": "117594.36000000", "time": "2025-07-16T00:19:25.844326Z", "fetched_at": "2025-07-16T00:20:19.097868+00:00", "symbol": "BTC-USD"}, {"trade_id": 850015300, "side": "sell", "size": "0.02479124", "price": "117594.86000000", "time": "2025-07-16T00:19:25.002723Z", "fetched_at": "2025-07-16T00:20:19.097868+00:00", "symbol": "BTC-USD"}, {"trade_id": 850015299, "side": "sell", "size": "0.00001503", "price": "117594.37000000", "time": "2025-07-16T00:19:25.002723Z", "fetched_at": "2025-07-16T00:20:19.097868+00:00", "symbol": "BTC-USD"}, {"trade_id": 850015298, "side": "sell", "size": "0.02514728", "price": "117594.37000000", "time": "2025-07-16T00:19:25.002723Z", "fetched_at": "2025-07-16T00:20:19.097868+00:00", "symbol": "BTC-USD"}, {"trade_id": 850015297, "side": "sell", "size": "0.00714000", "price": "117594.37000000", "time": "2025-07-16T00:19:23.847022Z", "fetched_at": "2025-07-16T00:20:19.097868+00:00", "symbol": "BTC-USD"}, {"trade_id": 850015296, "side": "sell", "size": "0.00082000", "price": "117594.37000000", "time": "2025-07-16T00:19:23.073840Z", "fetched_at": "2025-07-16T00:20:19.097868+00:00", "symbol": "BTC-USD"}, {"trade_id": 850015295, "side": "sell", "size": "0.00413193", "price": "117594.37000000", "time": "2025-07-16T00:19:22.945727Z", "fetched_at": "2025-07-16T00:20:19.097868+00:00", "symbol": "BTC-USD"}, {"trade_id": 850015294, "side": "sell", "size": "0.00082633", "price": "117594.37000000", "time": "2025-07-16T00:19:22.590142Z", "fetched_at": "2025-07-16T00:20:19.097868+00:00", "symbol": "BTC-USD"}, {"trade_id": 850015293, "side": "sell", "size": "0.00162000", "price": "117594.37000000", "time": "2025-07-16T00:19:22.563341Z", "fetched_at": "2025-07-16T00:20:19.097868+00:00", "symbol": "BTC-USD"}, {"trade_id": 850015292, "side": "sell", "size": "0.00041316", "price": "117594.37000000", "time": "2025-07-16T00:19:22.299892Z", "fetched_at": "2025-07-16T00:20:19.097868+00:00", "symbol": "BTC-USD"}, {"trade_id": 850015291, "side": "sell", "size": "0.00120497", "price": "117594.37000000", "time": "2025-07-16T00:19:21.672986Z", "fetched_at": "2025-07-16T00:20:19.097868+00:00", "symbol": "BTC-USD"}, {"trade_id": 850015290, "side": "sell", "size": "0.00162954", "price": "117594.37000000", "time": "2025-07-16T00:19:20.779293Z", "fetched_at": "2025-07-16T00:20:19.097868+00:00", "symbol": "BTC-USD"}, {"trade_id": 850015289, "side": "sell", "size": "0.00002307", "price": "117594.37000000", "time": "2025-07-16T00:19:20.779293Z", "fetched_at": "2025-07-16T00:20:19.097868+00:00", "symbol": "BTC-USD"}, {"trade_id": 850015288, "side": "sell", "size": "0.00038603", "price": "117595.28000000", "time": "2025-07-16T00:19:20.034850Z", "fetched_at": "2025-07-16T00:20:19.097868+00:00", "symbol": "BTC-USD"}, {"trade_id": 850015287, "side": "sell", "size": "0.00002712", "price": "117594.37000000", "time": "2025-07-16T00:19:20.034850Z", "fetched_at": "2025-07-16T00:20:19.097868+00:00", "symbol": "BTC-USD"}, {"trade_id": 850015286, "side": "sell", "size": "0.02905866", "price": "117594.37000000", "time": "2025-07-16T00:19:19.571863Z", "fetched_at": "2025-07-16T00:20:19.097868+00:00", "symbol": "BTC-USD"}, {"trade_id": 850015285, "side": "sell", "size": "0.00413152", "price": "117594.37000000", "time": "2025-07-16T00:19:18.837236Z", "fetched_at": "2025-07-16T00:20:19.097868+00:00", "symbol": "BTC-USD"}, {"trade_id": 850015284, "side": "sell", "size": "0.00021045", "price": "117594.37000000", "time": "2025-07-16T00:19:18.613441Z", "fetched_at": "2025-07-16T00:20:19.097868+00:00", "symbol": "BTC-USD"}, {"trade_id": 850015283, "side": "sell", "size": "0.00169395", "price": "117594.37000000", "time": "2025-07-16T00:19:18.548307Z", "fetched_at": "2025-07-16T00:20:19.097868+00:00", "symbol": "BTC-USD"}, {"trade_id": 850015282, "side": "buy", "size": "0.00475705", "price": "117594.36000000", "time": "2025-07-16T00:19:18.309041Z", "fetched_at": "2025-07-16T00:20:19.097868+00:00", "symbol": "BTC-USD"}, {"trade_id": 850015281, "side": "buy", "size": "0.00004703", "price": "117594.36000000", "time": "2025-07-16T00:19:18.202316Z", "fetched_at": "2025-07-16T00:20:19.097868+00:00", "symbol": "BTC-USD"}, {"trade_id": 850015280, "side": "sell", "size": "0.00038693", "price": "117595.30000000", "time": "2025-07-16T00:19:17.834372Z", "fetched_at": "2025-07-16T00:20:19.097868+00:00", "symbol": "BTC-USD"}, {"trade_id": 850015279, "side": "sell", "size": "0.00002624", "price": "117594.35000000", "time": "2025-07-16T00:19:17.834372Z", "fetched_at": "2025-07-16T00:20:19.097868+00:00", "symbol": "BTC-USD"}, {"trade_id": 850015278, "side": "buy", "size": "0.00020971", "price": "117594.34000000", "time": "2025-07-16T00:19:16.921702Z", "fetched_at": "2025-07-16T00:20:19.097868+00:00", "symbol": "BTC-USD"}, {"trade_id": 850015277, "side": "sell", "size": "0.00041315", "price": "117594.35000000", "time": "2025-07-16T00:19:14.205357Z", "fetched_at": "2025-07-16T00:20:19.097868+00:00", "symbol": "BTC-USD"}, {"trade_id": 850015276, "side": "sell", "size": "0.00165266", "price": "117594.35000000", "time": "2025-07-16T00:19:13.917061Z", "fetched_at": "2025-07-16T00:20:19.097868+00:00", "symbol": "BTC-USD"}, {"trade_id": 850015275, "side": "sell", "size": "0.00011670", "price": "117594.35000000", "time": "2025-07-16T00:19:13.846975Z", "fetched_at": "2025-07-16T00:20:19.097868+00:00", "symbol": "BTC-USD"}, {"trade_id": 850015274, "side": "sell", "size": "0.00082633", "price": "117594.35000000", "time": "2025-07-16T00:19:13.631305Z", "fetched_at": "2025-07-16T00:20:19.097868+00:00", "symbol": "BTC-USD"}, {"trade_id": 850015273, "side": "sell", "size": "0.00041315", "price": "117594.35000000", "time": "2025-07-16T00:19:13.417313Z", "fetched_at": "2025-07-16T00:20:19.097868+00:00", "symbol": "BTC-USD"}, {"trade_id": 850015272, "side": "sell", "size": "0.00161321", "price": "117594.35000000", "time": "2025-07-16T00:19:13.386988Z", "fetched_at": "2025-07-16T00:20:19.097868+00:00", "symbol": "BTC-USD"}, {"trade_id": 850015271, "side": "buy", "size": "0.00500000", "price": "117594.34000000", "time": "2025-07-16T00:19:13.261537Z", "fetched_at": "2025-07-16T00:20:19.097868+00:00", "symbol": "BTC-USD"}, {"trade_id": 850015270, "side": "buy", "size": "0.00200000", "price": "117594.34000000", "time": "2025-07-16T00:19:13.233427Z", "fetched_at": "2025-07-16T00:20:19.097868+00:00", "symbol": "BTC-USD"}, {"trade_id": 850015269, "side": "buy", "size": "0.00017441", "price": "117594.34000000", "time": "2025-07-16T00:19:13.205865Z", "fetched_at": "2025-07-16T00:20:19.097868+00:00", "symbol": "BTC-USD"}, {"trade_id": 850015268, "side": "buy", "size": "0.00090837", "price": "117594.45000000", "time": "2025-07-16T00:19:13.205865Z", "fetched_at": "2025-07-16T00:20:19.097868+00:00", "symbol": "BTC-USD"}, {"trade_id": 850015267, "side": "buy", "size": "0.00091722", "price": "117594.45000000", "time": "2025-07-16T00:19:13.205865Z", "fetched_at": "2025-07-16T00:20:19.097868+00:00", "symbol": "BTC-USD"}, {"trade_id": 850015266, "side": "sell", "size": "0.00017678", "price": "117594.46000000", "time": "2025-07-16T00:19:12.984627Z", "fetched_at": "2025-07-16T00:20:19.097868+00:00", "symbol": "BTC-USD"}, {"trade_id": 850015265, "side": "sell", "size": "0.00029464", "price": "117594.46000000", "time": "2025-07-16T00:19:12.934809Z", "fetched_at": "2025-07-16T00:20:19.097868+00:00", "symbol": "BTC-USD"}, {"trade_id": 850015264, "side": "sell", "size": "0.00016525", "price": "117594.46000000", "time": "2025-07-16T00:19:12.898428Z", "fetched_at": "2025-07-16T00:20:19.097868+00:00", "symbol": "BTC-USD"}, {"trade_id": 850015263, "side": "sell", "size": "0.00004209", "price": "117594.46000000", "time": "2025-07-16T00:19:12.818187Z", "fetched_at": "2025-07-16T00:20:19.097868+00:00", "symbol": "BTC-USD"}, {"trade_id": 850015262, "side": "sell", "size": "0.00042090", "price": "117594.47000000", "time": "2025-07-16T00:19:11.983778Z", "fetched_at": "2025-07-16T00:20:19.097868+00:00", "symbol": "BTC-USD"}, {"trade_id": 850015261, "side": "buy", "size": "0.00010408", "price": "117598.47000000", "time": "2025-07-16T00:19:11.980158Z", "fetched_at": "2025-07-16T00:20:19.097868+00:00", "symbol": "BTC-USD"}, {"trade_id": 850015260, "side": "buy", "size": "0.00850337", "price": "117600.39000000", "time": "2025-07-16T00:19:11.980158Z", "fetched_at": "2025-07-16T00:20:19.097868+00:00", "symbol": "BTC-USD"}, {"trade_id": 850015259, "side": "buy", "size": "0.00002618", "price": "117602.22000000", "time": "2025-07-16T00:19:11.978537Z", "fetched_at": "2025-07-16T00:20:19.097868+00:00", "symbol": "BTC-USD"}, {"trade_id": 850015258, "side": "buy", "size": "0.00005237", "price": "117602.22000000", "time": "2025-07-16T00:19:11.978537Z", "fetched_at": "2025-07-16T00:20:19.097868+00:00", "symbol": "BTC-USD"}, {"trade_id": 850015257, "side": "buy", "size": "0.00010339", "price": "117602.22000000", "time": "2025-07-16T00:19:11.978537Z", "fetched_at": "2025-07-16T00:20:19.097868+00:00", "symbol": "BTC-USD"}, {"trade_id": 850015256, "side": "buy", "size": "0.00002200", "price": "117602.22000000", "time": "2025-07-16T00:19:11.978537Z", "fetched_at": "2025-07-16T00:20:19.097868+00:00", "symbol": "BTC-USD"}, {"trade_id": 850015255, "side": "buy", "size": "0.00030815", "price": "117602.22000000", "time": "2025-07-16T00:19:11.978537Z", "fetched_at": "2025-07-16T00:20:19.097868+00:00", "symbol": "BTC-USD"}, {"trade_id": 850015254, "side": "buy", "size": "0.00091707", "price": "117602.22000000", "time": "2025-07-16T00:19:11.978537Z", "fetched_at": "2025-07-16T00:20:19.097868+00:00", "symbol": "BTC-USD"}, {"trade_id": 850015253, "side": "buy", "size": "0.00005280", "price": "117602.22000000", "time": "2025-07-16T00:19:11.978537Z", "fetched_at": "2025-07-16T00:20:19.097868+00:00", "symbol": "BTC-USD"}, {"trade_id": 850015252, "side": "buy", "size": "0.00010561", "price": "117602.22000000", "time": "2025-07-16T00:19:11.978537Z", "fetched_at": "2025-07-16T00:20:19.097868+00:00", "symbol": "BTC-USD"}, {"trade_id": 850015251, "side": "buy", "size": "0.00020756", "price": "117602.22000000", "time": "2025-07-16T00:19:11.978537Z", "fetched_at": "2025-07-16T00:20:19.097868+00:00", "symbol": "BTC-USD"}, {"trade_id": 850015250, "side": "buy", "size": "0.00062175", "price": "117602.22000000", "time": "2025-07-16T00:19:11.978537Z", "fetched_at": "2025-07-16T00:20:19.097868+00:00", "symbol": "BTC-USD"}, {"trade_id": 850015249, "side": "buy", "size": "0.00185948", "price": "117602.22000000", "time": "2025-07-16T00:19:11.978537Z", "fetched_at": "2025-07-16T00:20:19.097868+00:00", "symbol": "BTC-USD"}, {"trade_id": 850015248, "side": "buy", "size": "0.00694980", "price": "117602.22000000", "time": "2025-07-16T00:19:11.978537Z", "fetched_at": "2025-07-16T00:20:19.097868+00:00", "symbol": "BTC-USD"}, {"trade_id": 850015247, "side": "buy", "size": "0.00031473", "price": "117602.22000000", "time": "2025-07-16T00:19:11.949644Z", "fetched_at": "2025-07-16T00:20:19.097868+00:00", "symbol": "BTC-USD"}, {"trade_id": 850015246, "side": "sell", "size": "0.00053055", "price": "117602.23000000", "time": "2025-07-16T00:19:11.155976Z", "fetched_at": "2025-07-16T00:20:19.097868+00:00", "symbol": "BTC-USD"}, {"trade_id": 850015245, "side": "sell", "size": "0.00020658", "price": "117602.23000000", "time": "2025-07-16T00:19:11.038964Z", "fetched_at": "2025-07-16T00:20:19.097868+00:00", "symbol": "BTC-USD"}, {"trade_id": 850015244, "side": "buy", "size": "0.00000850", "price": "117602.22000000", "time": "2025-07-16T00:19:10.957476Z", "fetched_at": "2025-07-16T00:20:19.097868+00:00", "symbol": "BTC-USD"}, {"trade_id": 850015243, "side": "sell", "size": "0.00001630", "price": "117602.23000000", "time": "2025-07-16T00:19:10.936020Z", "fetched_at": "2025-07-16T00:20:19.097868+00:00", "symbol": "BTC-USD"}, {"trade_id": 850015242, "side": "sell", "size": "0.00041315", "price": "117602.23000000", "time": "2025-07-16T00:19:10.930615Z", "fetched_at": "2025-07-16T00:20:19.097868+00:00", "symbol": "BTC-USD"}, {"trade_id": 850015241, "side": "sell", "size": "0.00031327", "price": "117602.23000000", "time": "2025-07-16T00:19:10.866190Z", "fetched_at": "2025-07-16T00:20:19.097868+00:00", "symbol": "BTC-USD"}, {"trade_id": 850015240, "side": "sell", "size": "0.00008418", "price": "117602.23000000", "time": "2025-07-16T00:19:10.356587Z", "fetched_at": "2025-07-16T00:20:19.097868+00:00", "symbol": "BTC-USD"}, {"trade_id": 850015239, "side": "sell", "size": "0.00082631", "price": "117602.23000000", "time": "2025-07-16T00:19:10.225521Z", "fetched_at": "2025-07-16T00:20:19.097868+00:00", "symbol": "BTC-USD"}, {"trade_id": 850015238, "side": "sell", "size": "0.00020658", "price": "117602.23000000", "time": "2025-07-16T00:19:10.186569Z", "fetched_at": "2025-07-16T00:20:19.097868+00:00", "symbol": "BTC-USD"}, {"trade_id": 850015237, "side": "sell", "size": "0.00003999", "price": "117602.23000000", "time": "2025-07-16T00:19:10.179746Z", "fetched_at": "2025-07-16T00:20:19.097868+00:00", "symbol": "BTC-USD"}, {"trade_id": 850015236, "side": "sell", "size": "0.00084179", "price": "117602.23000000", "time": "2025-07-16T00:19:09.994676Z", "fetched_at": "2025-07-16T00:20:19.097868+00:00", "symbol": "BTC-USD"}, {"trade_id": 850015235, "side": "sell", "size": "0.00016129", "price": "117602.23000000", "time": "2025-07-16T00:19:09.965598Z", "fetched_at": "2025-07-16T00:20:19.097868+00:00", "symbol": "BTC-USD"}, {"trade_id": 850015234, "side": "sell", "size": "0.00017753", "price": "117602.23000000", "time": "2025-07-16T00:19:09.874179Z", "fetched_at": "2025-07-16T00:20:19.097868+00:00", "symbol": "BTC-USD"}, {"trade_id": 850015233, "side": "sell", "size": "0.00041315", "price": "117602.23000000", "time": "2025-07-16T00:19:09.798232Z", "fetched_at": "2025-07-16T00:20:19.097868+00:00", "symbol": "BTC-USD"}, {"trade_id": 850015232, "side": "sell", "size": "0.00082633", "price": "117602.23000000", "time": "2025-07-16T00:19:09.541208Z", "fetched_at": "2025-07-16T00:20:19.097868+00:00", "symbol": "BTC-USD"}, {"trade_id": 850015231, "side": "sell", "size": "0.03049182", "price": "117602.23000000", "time": "2025-07-16T00:19:09.479392Z", "fetched_at": "2025-07-16T00:20:19.097868+00:00", "symbol": "BTC-USD"}, {"trade_id": 850015230, "side": "sell", "size": "0.00000221", "price": "117602.23000000", "time": "2025-07-16T00:19:09.479392Z", "fetched_at": "2025-07-16T00:20:19.097868+00:00", "symbol": "BTC-USD"}, {"trade_id": 850015229, "side": "sell", "size": "0.01185270", "price": "117602.23000000", "time": "2025-07-16T00:19:09.479392Z", "fetched_at": "2025-07-16T00:20:19.097868+00:00", "symbol": "BTC-USD"}, {"trade_id": 850015228, "side": "sell", "size": "0.00041315", "price": "117602.23000000", "time": "2025-07-16T00:19:09.270046Z", "fetched_at": "2025-07-16T00:20:19.097868+00:00", "symbol": "BTC-USD"}, {"trade_id": 850015227, "side": "sell", "size": "0.00082633", "price": "117602.23000000", "time": "2025-07-16T00:19:09.016578Z", "fetched_at": "2025-07-16T00:20:19.097868+00:00", "symbol": "BTC-USD"}, {"trade_id": 850015226, "side": "sell", "size": "0.00004085", "price": "117602.23000000", "time": "2025-07-16T00:19:08.956647Z", "fetched_at": "2025-07-16T00:20:19.097868+00:00", "symbol": "BTC-USD"}, {"trade_id": 850015225, "side": "sell", "size": "0.00082630", "price": "117602.23000000", "time": "2025-07-16T00:19:08.713412Z", "fetched_at": "2025-07-16T00:20:19.097868+00:00", "symbol": "BTC-USD"}, {"trade_id": 850015224, "side": "sell", "size": "0.00041315", "price": "117602.23000000", "time": "2025-07-16T00:19:08.620961Z", "fetched_at": "2025-07-16T00:20:19.097868+00:00", "symbol": "BTC-USD"}, {"trade_id": 850015223, "side": "sell", "size": "0.00042090", "price": "117602.23000000", "time": "2025-07-16T00:19:08.524936Z", "fetched_at": "2025-07-16T00:20:19.097868+00:00", "symbol": "BTC-USD"}, {"trade_id": 850015222, "side": "sell", "size": "0.00123946", "price": "117602.23000000", "time": "2025-07-16T00:19:08.381684Z", "fetched_at": "2025-07-16T00:20:19.097868+00:00", "symbol": "BTC-USD"}, {"trade_id": 850015221, "side": "sell", "size": "0.00020658", "price": "117602.23000000", "time": "2025-07-16T00:19:08.357630Z", "fetched_at": "2025-07-16T00:20:19.097868+00:00", "symbol": "BTC-USD"}, {"trade_id": 850015220, "side": "buy", "size": "0.00279137", "price": "117602.22000000", "time": "2025-07-16T00:19:08.056989Z", "fetched_at": "2025-07-16T00:20:19.097868+00:00", "symbol": "BTC-USD"}, {"trade_id": 850015219, "side": "sell", "size": "0.00165261", "price": "117602.23000000", "time": "2025-07-16T00:19:07.619345Z", "fetched_at": "2025-07-16T00:20:19.097868+00:00", "symbol": "BTC-USD"}, {"trade_id": 850015218, "side": "sell", "size": "0.00002020", "price": "117602.23000000", "time": "2025-07-16T00:19:07.604038Z", "fetched_at": "2025-07-16T00:20:19.097868+00:00", "symbol": "BTC-USD"}, {"trade_id": 850015217, "side": "sell", "size": "0.00141665", "price": "117602.23000000", "time": "2025-07-16T00:19:07.538196Z", "fetched_at": "2025-07-16T00:20:19.097868+00:00", "symbol": "BTC-USD"}, {"trade_id": 850015216, "side": "sell", "size": "0.00041315", "price": "117602.23000000", "time": "2025-07-16T00:19:07.479171Z", "fetched_at": "2025-07-16T00:20:19.097868+00:00", "symbol": "BTC-USD"}, {"trade_id": 850015215, "side": "sell", "size": "0.00082633", "price": "117602.23000000", "time": "2025-07-16T00:19:07.474177Z", "fetched_at": "2025-07-16T00:20:19.097868+00:00", "symbol": "BTC-USD"}, {"trade_id": 850015214, "side": "sell", "size": "0.00004209", "price": "117602.23000000", "time": "2025-07-16T00:19:07.185830Z", "fetched_at": "2025-07-16T00:20:19.097868+00:00", "symbol": "BTC-USD"}, {"trade_id": 850015213, "side": "sell", "size": "0.00045533", "price": "117602.23000000", "time": "2025-07-16T00:19:07.151453Z", "fetched_at": "2025-07-16T00:20:19.097868+00:00", "symbol": "BTC-USD"}, {"trade_id": 850015212, "side": "sell", "size": "0.00123946", "price": "117602.23000000", "time": "2025-07-16T00:19:07.025514Z", "fetched_at": "2025-07-16T00:20:19.097868+00:00", "symbol": "BTC-USD"}, {"trade_id": 850015211, "side": "sell", "size": "0.00041315", "price": "117602.23000000", "time": "2025-07-16T00:19:06.987193Z", "fetched_at": "2025-07-16T00:20:19.097868+00:00", "symbol": "BTC-USD"}, {"trade_id": 850015210, "side": "sell", "size": "0.00021003", "price": "117602.23000000", "time": "2025-07-16T00:19:06.896668Z", "fetched_at": "2025-07-16T00:20:19.097868+00:00", "symbol": "BTC-USD"}, {"trade_id": 850015209, "side": "sell", "size": "0.00044354", "price": "117602.23000000", "time": "2025-07-16T00:19:06.628628Z", "fetched_at": "2025-07-16T00:20:19.097868+00:00", "symbol": "BTC-USD"}, {"trade_id": 850015208, "side": "sell", "size": "0.00016525", "price": "117602.23000000", "time": "2025-07-16T00:19:06.525035Z", "fetched_at": "2025-07-16T00:20:19.097868+00:00", "symbol": "BTC-USD"}, {"trade_id": 850015207, "side": "buy", "size": "0.00008503", "price": "117602.22000000", "time": "2025-07-16T00:19:06.448057Z", "fetched_at": "2025-07-16T00:20:19.097868+00:00", "symbol": "BTC-USD"}, {"trade_id": 850015206, "side": "sell", "size": "0.00003999", "price": "117602.23000000", "time": "2025-07-16T00:19:06.305420Z", "fetched_at": "2025-07-16T00:20:19.097868+00:00", "symbol": "BTC-USD"}, {"trade_id": 850015205, "side": "sell", "size": "0.00082633", "price": "117602.23000000", "time": "2025-07-16T00:19:06.266818Z", "fetched_at": "2025-07-16T00:20:19.097868+00:00", "symbol": "BTC-USD"}, {"trade_id": 850015204, "side": "sell", "size": "0.00002525", "price": "117602.23000000", "time": "2025-07-16T00:19:06.242468Z", "fetched_at": "2025-07-16T00:20:19.097868+00:00", "symbol": "BTC-USD"}, {"trade_id": 850015203, "side": "sell", "size": "0.00056887", "price": "117602.23000000", "time": "2025-07-16T00:19:05.635019Z", "fetched_at": "2025-07-16T00:20:19.097868+00:00", "symbol": "BTC-USD"}, {"trade_id": 850015202, "side": "sell", "size": "0.00002638", "price": "117602.23000000", "time": "2025-07-16T00:19:05.635019Z", "fetched_at": "2025-07-16T00:20:19.097868+00:00", "symbol": "BTC-USD"}, {"trade_id": 850015201, "side": "buy", "size": "0.00850484", "price": "117602.22000000", "time": "2025-07-16T00:19:04.868907Z", "fetched_at": "2025-07-16T00:20:19.097868+00:00", "symbol": "BTC-USD"}, {"trade_id": 850015200, "side": "buy", "size": "0.00038029", "price": "117602.22000000", "time": "2025-07-16T00:19:04.603726Z", "fetched_at": "2025-07-16T00:20:19.097868+00:00", "symbol": "BTC-USD"}, {"trade_id": 850015199, "side": "sell", "size": "0.00041315", "price": "117602.23000000", "time": "2025-07-16T00:19:04.311827Z", "fetched_at": "2025-07-16T00:20:19.097868+00:00", "symbol": "BTC-USD"}, {"trade_id": 850015198, "side": "sell", "size": "0.00041316", "price": "117602.23000000", "time": "2025-07-16T00:19:04.167968Z", "fetched_at": "2025-07-16T00:20:19.097868+00:00", "symbol": "BTC-USD"}, {"trade_id": 850015197, "side": "sell", "size": "0.00036791", "price": "117602.23000000", "time": "2025-07-16T00:19:03.820142Z", "fetched_at": "2025-07-16T00:20:19.097868+00:00", "symbol": "BTC-USD"}, {"trade_id": 850015196, "side": "sell", "size": "0.00016836", "price": "117602.23000000", "time": "2025-07-16T00:19:03.547303Z", "fetched_at": "2025-07-16T00:20:19.097868+00:00", "symbol": "BTC-USD"}, {"trade_id": 850015195, "side": "sell", "size": "0.00000825", "price": "117602.23000000", "time": "2025-07-16T00:19:03.234205Z", "fetched_at": "2025-07-16T00:20:19.097868+00:00", "symbol": "BTC-USD"}, {"trade_id": 850015194, "side": "sell", "size": "0.00806483", "price": "117602.23000000", "time": "2025-07-16T00:19:03.101668Z", "fetched_at": "2025-07-16T00:20:19.097868+00:00", "symbol": "BTC-USD"}, {"trade_id": 850015193, "side": "sell", "size": "0.02142826", "price": "117605.95000000", "time": "2025-07-16T00:19:01.840916Z", "fetched_at": "2025-07-16T00:20:19.097868+00:00", "symbol": "BTC-USD"}, {"trade_id": 850015192, "side": "sell", "size": "0.01038103", "price": "117605.94000000", "time": "2025-07-16T00:19:01.840916Z", "fetched_at": "2025-07-16T00:20:19.097868+00:00", "symbol": "BTC-USD"}, {"trade_id": 850015191, "side": "sell", "size": "0.00850311", "price": "117603.99000000", "time": "2025-07-16T00:19:01.840916Z", "fetched_at": "2025-07-16T00:20:19.097868+00:00", "symbol": "BTC-USD"}, {"trade_id": 850015190, "side": "sell", "size": "0.00174021", "price": "117602.23000000", "time": "2025-07-16T00:19:01.840916Z", "fetched_at": "2025-07-16T00:20:19.097868+00:00", "symbol": "BTC-USD"}, {"trade_id": 850015189, "side": "sell", "size": "0.00000204", "price": "117602.23000000", "time": "2025-07-16T00:19:01.840916Z", "fetched_at": "2025-07-16T00:20:19.097868+00:00", "symbol": "BTC-USD"}, {"trade_id": 850015188, "side": "sell", "size": "0.00003497", "price": "117602.23000000", "time": "2025-07-16T00:19:01.840916Z", "fetched_at": "2025-07-16T00:20:19.097868+00:00", "symbol": "BTC-USD"}, {"trade_id": 850015187, "side": "sell", "size": "0.00490220", "price": "117605.02000000", "time": "2025-07-16T00:19:00.774972Z", "fetched_at": "2025-07-16T00:20:19.097868+00:00", "symbol": "BTC-USD"}, {"trade_id": 850015186, "side": "sell", "size": "0.00003533", "price": "117605.01000000", "time": "2025-07-16T00:19:00.774972Z", "fetched_at": "2025-07-16T00:20:19.097868+00:00", "symbol": "BTC-USD"}, {"trade_id": 850015185, "side": "buy", "size": "0.00031047", "price": "117602.22000000", "time": "2025-07-16T00:19:00.398299Z", "fetched_at": "2025-07-16T00:20:19.097868+00:00", "symbol": "BTC-USD"}, {"trade_id": 850015184, "side": "sell", "size": "0.00296841", "price": "117602.23000000", "time": "2025-07-16T00:18:59.874632Z", "fetched_at": "2025-07-16T00:20:19.097868+00:00", "symbol": "BTC-USD"}, {"trade_id": 850015183, "side": "buy", "size": "0.00017176", "price": "117602.22000000", "time": "2025-07-16T00:18:59.709896Z", "fetched_at": "2025-07-16T00:20:19.097868+00:00", "symbol": "BTC-USD"}, {"trade_id": 850015182, "side": "buy", "size": "0.01348321", "price": "117602.22000000", "time": "2025-07-16T00:18:58.451564Z", "fetched_at": "2025-07-16T00:20:19.097868+00:00", "symbol": "BTC-USD"}, {"trade_id": 850015181, "side": "buy", "size": "0.00001089", "price": "117602.23000000", "time": "2025-07-16T00:18:58.451564Z", "fetched_at": "2025-07-16T00:20:19.097868+00:00", "symbol": "BTC-USD"}, {"trade_id": 850015180, "side": "sell", "size": "0.00801128", "price": "117606.27000000", "time": "2025-07-16T00:18:58.318678Z", "fetched_at": "2025-07-16T00:20:19.097868+00:00", "symbol": "BTC-USD"}, {"trade_id": 850015179, "side": "buy", "size": "0.00009353", "price": "117602.23000000", "time": "2025-07-16T00:18:58.164654Z", "fetched_at": "2025-07-16T00:20:19.097868+00:00", "symbol": "BTC-USD"}, {"trade_id": 850015178, "side": "sell", "size": "0.00221809", "price": "117606.27000000", "time": "2025-07-16T00:18:58.102750Z", "fetched_at": "2025-07-16T00:20:19.097868+00:00", "symbol": "BTC-USD"}, {"trade_id": 850015177, "side": "sell", "size": "0.00000444", "price": "117606.19000000", "time": "2025-07-16T00:18:57.595356Z", "fetched_at": "2025-07-16T00:20:19.097868+00:00", "symbol": "BTC-USD"}, {"trade_id": 850015176, "side": "sell", "size": "0.01741980", "price": "117606.19000000", "time": "2025-07-16T00:18:56.844531Z", "fetched_at": "2025-07-16T00:20:19.097868+00:00", "symbol": "BTC-USD"}, {"trade_id": 850015175, "side": "sell", "size": "0.01611576", "price": "117606.19000000", "time": "2025-07-16T00:18:56.844531Z", "fetched_at": "2025-07-16T00:20:19.097868+00:00", "symbol": "BTC-USD"}, {"trade_id": 850015174, "side": "sell", "size": "0.00773895", "price": "117606.15000000", "time": "2025-07-16T00:18:56.844531Z", "fetched_at": "2025-07-16T00:20:19.097868+00:00", "symbol": "BTC-USD"}, {"trade_id": 850015173, "side": "sell", "size": "0.00003579", "price": "117606.14000000", "time": "2025-07-16T00:18:56.844531Z", "fetched_at": "2025-07-16T00:20:19.097868+00:00", "symbol": "BTC-USD"}, {"trade_id": 850015172, "side": "sell", "size": "0.00000297", "price": "117604.31000000", "time": "2025-07-16T00:18:56.844531Z", "fetched_at": "2025-07-16T00:20:19.097868+00:00", "symbol": "BTC-USD"}, {"trade_id": 850015171, "side": "sell", "size": "0.00017401", "price": "117605.59000000", "time": "2025-07-16T00:18:55.798768Z", "fetched_at": "2025-07-16T00:20:19.097868+00:00", "symbol": "BTC-USD"}, {"trade_id": 850015170, "side": "sell", "size": "0.00003570", "price": "117605.58000000", "time": "2025-07-16T00:18:55.798768Z", "fetched_at": "2025-07-16T00:20:19.097868+00:00", "symbol": "BTC-USD"}, {"trade_id": 850015169, "side": "sell", "size": "0.00001116", "price": "117605.60000000", "time": "2025-07-16T00:18:55.710480Z", "fetched_at": "2025-07-16T00:20:19.097868+00:00", "symbol": "BTC-USD"}, {"trade_id": 850015168, "side": "buy", "size": "0.04900000", "price": "117603.04000000", "time": "2025-07-16T00:18:54.843147Z", "fetched_at": "2025-07-16T00:20:19.097868+00:00", "symbol": "BTC-USD"}, {"trade_id": 850015167, "side": "buy", "size": "0.00030815", "price": "117603.90000000", "time": "2025-07-16T00:18:54.843147Z", "fetched_at": "2025-07-16T00:20:19.097868+00:00", "symbol": "BTC-USD"}, {"trade_id": 850015166, "side": "buy", "size": "0.00850311", "price": "117603.97000000", "time": "2025-07-16T00:18:54.843147Z", "fetched_at": "2025-07-16T00:20:19.097868+00:00", "symbol": "BTC-USD"}, {"trade_id": 850015165, "side": "buy", "size": "0.00000900", "price": "117605.73000000", "time": "2025-07-16T00:18:54.843147Z", "fetched_at": "2025-07-16T00:20:19.097868+00:00", "symbol": "BTC-USD"}, {"trade_id": 850015164, "side": "buy", "size": "0.00624773", "price": "117605.73000000", "time": "2025-07-16T00:18:54.843147Z", "fetched_at": "2025-07-16T00:20:19.097868+00:00", "symbol": "BTC-USD"}, {"trade_id": 850015163, "side": "buy", "size": "0.00010339", "price": "117605.73000000", "time": "2025-07-16T00:18:54.843147Z", "fetched_at": "2025-07-16T00:20:19.097868+00:00", "symbol": "BTC-USD"}, {"trade_id": 850015162, "side": "buy", "size": "0.03000000", "price": "117605.75000000", "time": "2025-07-16T00:18:54.843147Z", "fetched_at": "2025-07-16T00:20:19.097868+00:00", "symbol": "BTC-USD"}, {"trade_id": 850015161, "side": "buy", "size": "0.00017975", "price": "117605.75000000", "time": "2025-07-16T00:18:54.843147Z", "fetched_at": "2025-07-16T00:20:19.097868+00:00", "symbol": "BTC-USD"}, {"trade_id": 850015160, "side": "buy", "size": "0.00053330", "price": "117605.75000000", "time": "2025-07-16T00:18:54.843147Z", "fetched_at": "2025-07-16T00:20:19.097868+00:00", "symbol": "BTC-USD"}, {"trade_id": 850015159, "side": "buy", "size": "0.00159499", "price": "117605.75000000", "time": "2025-07-16T00:18:54.843147Z", "fetched_at": "2025-07-16T00:20:19.097868+00:00", "symbol": "BTC-USD"}, {"trade_id": 850015158, "side": "buy", "size": "0.00208476", "price": "117605.75000000", "time": "2025-07-16T00:18:54.843147Z", "fetched_at": "2025-07-16T00:20:19.097868+00:00", "symbol": "BTC-USD"}, {"trade_id": 850015157, "side": "buy", "size": "0.00002438", "price": "117605.75000000", "time": "2025-07-16T00:18:54.843147Z", "fetched_at": "2025-07-16T00:20:19.097868+00:00", "symbol": "BTC-USD"}, {"trade_id": 850015156, "side": "buy", "size": "0.00955333", "price": "117605.75000000", "time": "2025-07-16T00:18:54.843147Z", "fetched_at": "2025-07-16T00:20:19.097868+00:00", "symbol": "BTC-USD"}, {"trade_id": 850015155, "side": "buy", "size": "0.01717768", "price": "117605.75000000", "time": "2025-07-16T00:18:54.390500Z", "fetched_at": "2025-07-16T00:20:19.097868+00:00", "symbol": "BTC-USD"}, {"trade_id": 850015154, "side": "sell", "size": "0.00080576", "price": "117605.76000000", "time": "2025-07-16T00:18:54.315329Z", "fetched_at": "2025-07-16T00:20:19.097868+00:00", "symbol": "BTC-USD"}, {"trade_id": 850015153, "side": "sell", "size": "0.00008209", "price": "117605.76000000", "time": "2025-07-16T00:18:53.985458Z", "fetched_at": "2025-07-16T00:20:19.097868+00:00", "symbol": "BTC-USD"}, {"trade_id": 850015152, "side": "sell", "size": "0.00041319", "price": "117605.76000000", "time": "2025-07-16T00:18:53.800292Z", "fetched_at": "2025-07-16T00:20:19.097868+00:00", "symbol": "BTC-USD"}, {"trade_id": 850015151, "side": "buy", "size": "0.00073571", "price": "117605.75000000", "time": "2025-07-16T00:18:53.378289Z", "fetched_at": "2025-07-16T00:20:19.097868+00:00", "symbol": "BTC-USD"}, {"trade_id": 850015150, "side": "buy", "size": "0.00025764", "price": "117605.75000000", "time": "2025-07-16T00:18:52.872062Z", "fetched_at": "2025-07-16T00:20:19.097868+00:00", "symbol": "BTC-USD"}, {"trade_id": 850015149, "side": "buy", "size": "0.00127564", "price": "117605.75000000", "time": "2025-07-16T00:18:52.562408Z", "fetched_at": "2025-07-16T00:20:19.097868+00:00", "symbol": "BTC-USD"}, {"trade_id": 850015148, "side": "sell", "size": "0.00041322", "price": "117605.76000000", "time": "2025-07-16T00:18:52.044523Z", "fetched_at": "2025-07-16T00:20:19.097868+00:00", "symbol": "BTC-USD"}, {"trade_id": 850015147, "side": "sell", "size": "0.04102870", "price": "117608.11000000", "time": "2025-07-16T00:18:51.854359Z", "fetched_at": "2025-07-16T00:20:19.097868+00:00", "symbol": "BTC-USD"}, {"trade_id": 850015146, "side": "sell", "size": "0.04723732", "price": "117608.08000000", "time": "2025-07-16T00:18:51.854359Z", "fetched_at": "2025-07-16T00:20:19.097868+00:00", "symbol": "BTC-USD"}, {"trade_id": 850015145, "side": "sell", "size": "0.11679932", "price": "117608.07000000", "time": "2025-07-16T00:18:51.854359Z", "fetched_at": "2025-07-16T00:20:19.097868+00:00", "symbol": "BTC-USD"}, {"trade_id": 850015144, "side": "sell", "size": "0.02779203", "price": "117608.06000000", "time": "2025-07-16T00:18:51.854359Z", "fetched_at": "2025-07-16T00:20:19.097868+00:00", "symbol": "BTC-USD"}, {"trade_id": 850015143, "side": "sell", "size": "0.00850286", "price": "117607.52000000", "time": "2025-07-16T00:18:51.854359Z", "fetched_at": "2025-07-16T00:20:19.097868+00:00", "symbol": "BTC-USD"}, {"trade_id": 850015142, "side": "sell", "size": "0.00334978", "price": "117605.76000000", "time": "2025-07-16T00:18:51.854359Z", "fetched_at": "2025-07-16T00:20:19.097868+00:00", "symbol": "BTC-USD"}, {"trade_id": 850015141, "side": "sell", "size": "0.00003612", "price": "117605.76000000", "time": "2025-07-16T00:18:51.854359Z", "fetched_at": "2025-07-16T00:20:19.097868+00:00", "symbol": "BTC-USD"}, {"trade_id": 850015140, "side": "sell", "size": "0.00003101", "price": "117608.28000000", "time": "2025-07-16T00:18:50.794560Z", "fetched_at": "2025-07-16T00:20:19.097868+00:00", "symbol": "BTC-USD"}, {"trade_id": 850015139, "side": "sell", "size": "0.00002067", "price": "117605.74000000", "time": "2025-07-16T00:18:50.794560Z", "fetched_at": "2025-07-16T00:20:19.097868+00:00", "symbol": "BTC-USD"}, {"trade_id": 850015138, "side": "sell", "size": "0.00000127", "price": "117605.74000000", "time": "2025-07-16T00:18:50.794560Z", "fetched_at": "2025-07-16T00:20:19.097868+00:00", "symbol": "BTC-USD"}, {"trade_id": 850015137, "side": "sell", "size": "0.00003965", "price": "117605.74000000", "time": "2025-07-16T00:18:50.794560Z", "fetched_at": "2025-07-16T00:20:19.097868+00:00", "symbol": "BTC-USD"}, {"trade_id": 850015136, "side": "buy", "size": "0.00142159", "price": "117605.73000000", "time": "2025-07-16T00:18:50.064682Z", "fetched_at": "2025-07-16T00:20:19.097868+00:00", "symbol": "BTC-USD"}, {"trade_id": 850015135, "side": "buy", "size": "0.00004937", "price": "117605.73000000", "time": "2025-07-16T00:18:49.622508Z", "fetched_at": "2025-07-16T00:20:19.097868+00:00", "symbol": "BTC-USD"}, {"trade_id": 850015134, "side": "sell", "size": "0.00003387", "price": "117608.28000000", "time": "2025-07-16T00:18:49.183634Z", "fetched_at": "2025-07-16T00:20:19.097868+00:00", "symbol": "BTC-USD"}, {"trade_id": 850015133, "side": "sell", "size": "0.00001062", "price": "117605.74000000", "time": "2025-07-16T00:18:49.183634Z", "fetched_at": "2025-07-16T00:20:19.097868+00:00", "symbol": "BTC-USD"}, {"trade_id": 850015132, "side": "sell", "size": "0.00003842", "price": "117605.74000000", "time": "2025-07-16T00:18:49.183634Z", "fetched_at": "2025-07-16T00:20:19.097868+00:00", "symbol": "BTC-USD"}, {"trade_id": 850015131, "side": "sell", "size": "0.00000908", "price": "117608.28000000", "time": "2025-07-16T00:18:48.645188Z", "fetched_at": "2025-07-16T00:20:19.097868+00:00", "symbol": "BTC-USD"}, {"trade_id": 850015130, "side": "sell", "size": "0.00000212", "price": "117608.28000000", "time": "2025-07-16T00:18:48.645188Z", "fetched_at": "2025-07-16T00:20:19.097868+00:00", "symbol": "BTC-USD"}, {"trade_id": 850015129, "side": "sell", "size": "0.00001000", "price": "117605.88000000", "time": "2025-07-16T00:18:48.645188Z", "fetched_at": "2025-07-16T00:20:19.097868+00:00", "symbol": "BTC-USD"}, {"trade_id": 850015128, "side": "sell", "size": "0.00003842", "price": "117605.74000000", "time": "2025-07-16T00:18:48.645188Z", "fetched_at": "2025-07-16T00:20:19.097868+00:00", "symbol": "BTC-USD"}, {"trade_id": 850015127, "side": "sell", "size": "0.00038666", "price": "117605.74000000", "time": "2025-07-16T00:18:48.645188Z", "fetched_at": "2025-07-16T00:20:19.097868+00:00", "symbol": "BTC-USD"}, {"trade_id": 850015126, "side": "sell", "size": "0.00045453", "price": "117605.74000000", "time": "2025-07-16T00:18:48.599671Z", "fetched_at": "2025-07-16T00:20:19.097868+00:00", "symbol": "BTC-USD"}, {"trade_id": 850015125, "side": "sell", "size": "0.00277606", "price": "117604.02000000", "time": "2025-07-16T00:18:48.502486Z", "fetched_at": "2025-07-16T00:20:19.097868+00:00", "symbol": "BTC-USD"}, {"trade_id": 850015124, "side": "sell", "size": "0.00003683", "price": "117603.91000000", "time": "2025-07-16T00:18:48.502486Z", "fetched_at": "2025-07-16T00:20:19.097868+00:00", "symbol": "BTC-USD"}, {"trade_id": 850015123, "side": "sell", "size": "0.00001033", "price": "117603.91000000", "time": "2025-07-16T00:18:48.502486Z", "fetched_at": "2025-07-16T00:20:19.097868+00:00", "symbol": "BTC-USD"}, {"trade_id": 850015122, "side": "sell", "size": "0.00850368", "price": "117596.11000000", "time": "2025-07-16T00:18:48.259551Z", "fetched_at": "2025-07-16T00:20:19.097868+00:00", "symbol": "BTC-USD"}, {"trade_id": 850015121, "side": "sell", "size": "0.01531020", "price": "117594.47000000", "time": "2025-07-16T00:18:48.252284Z", "fetched_at": "2025-07-16T00:20:19.097868+00:00", "symbol": "BTC-USD"}, {"trade_id": 850015120, "side": "buy", "size": "0.00010680", "price": "117594.45000000", "time": "2025-07-16T00:18:47.934698Z", "fetched_at": "2025-07-16T00:20:19.097868+00:00", "symbol": "BTC-USD"}, {"trade_id": 850015119, "side": "buy", "size": "0.00589640", "price": "117594.45000000", "time": "2025-07-16T00:18:47.876753Z", "fetched_at": "2025-07-16T00:20:19.097868+00:00", "symbol": "BTC-USD"}, {"trade_id": 850015118, "side": "buy", "size": "0.00002000", "price": "117594.45000000", "time": "2025-07-16T00:18:47.876753Z", "fetched_at": "2025-07-16T00:20:19.097868+00:00", "symbol": "BTC-USD"}, {"trade_id": 850015117, "side": "buy", "size": "0.00005280", "price": "117594.45000000", "time": "2025-07-16T00:18:47.876753Z", "fetched_at": "2025-07-16T00:20:19.097868+00:00", "symbol": "BTC-USD"}, {"trade_id": 850015116, "side": "buy", "size": "0.00006226", "price": "117594.45000000", "time": "2025-07-16T00:18:47.876753Z", "fetched_at": "2025-07-16T00:20:19.097868+00:00", "symbol": "BTC-USD"}, {"trade_id": 850015115, "side": "sell", "size": "0.00004864", "price": "117594.46000000", "time": "2025-07-16T00:18:47.205856Z", "fetched_at": "2025-07-16T00:20:19.097868+00:00", "symbol": "BTC-USD"}, {"trade_id": 850015114, "side": "sell", "size": "0.00000008", "price": "117594.46000000", "time": "2025-07-16T00:18:47.024638Z", "fetched_at": "2025-07-16T00:20:19.097868+00:00", "symbol": "BTC-USD"}, {"trade_id": 850015113, "side": "sell", "size": "0.00364056", "price": "117594.46000000", "time": "2025-07-16T00:18:46.869546Z", "fetched_at": "2025-07-16T00:20:19.097868+00:00", "symbol": "BTC-USD"}, {"trade_id": 850015112, "side": "sell", "size": "0.00080666", "price": "117594.46000000", "time": "2025-07-16T00:18:46.830628Z", "fetched_at": "2025-07-16T00:20:19.097868+00:00", "symbol": "BTC-USD"}, {"trade_id": 850015111, "side": "sell", "size": "0.03942000", "price": "117594.46000000", "time": "2025-07-16T00:18:46.396973Z", "fetched_at": "2025-07-16T00:20:19.097868+00:00", "symbol": "BTC-USD"}, {"trade_id": 850015110, "side": "sell", "size": "0.00090898", "price": "117594.35000000", "time": "2025-07-16T00:18:44.028368Z", "fetched_at": "2025-07-16T00:20:19.097868+00:00", "symbol": "BTC-USD"}, {"trade_id": 850015109, "side": "sell", "size": "0.00709051", "price": "117594.35000000", "time": "2025-07-16T00:18:43.593844Z", "fetched_at": "2025-07-16T00:20:19.097868+00:00", "symbol": "BTC-USD"}, {"trade_id": 850015108, "side": "sell", "size": "0.00826439", "price": "117594.35000000", "time": "2025-07-16T00:18:42.794359Z", "fetched_at": "2025-07-16T00:20:19.097868+00:00", "symbol": "BTC-USD"}, {"trade_id": 850015107, "side": "buy", "size": "0.00025470", "price": "117594.34000000", "time": "2025-07-16T00:18:42.003515Z", "fetched_at": "2025-07-16T00:20:19.097868+00:00", "symbol": "BTC-USD"}, {"trade_id": 850015106, "side": "buy", "size": "0.00003100", "price": "117601.29000000", "time": "2025-07-16T00:18:40.594746Z", "fetched_at": "2025-07-16T00:20:19.097868+00:00", "symbol": "BTC-USD"}, {"trade_id": 850015105, "side": "buy", "size": "0.00079600", "price": "117601.31000000", "time": "2025-07-16T00:18:40.594746Z", "fetched_at": "2025-07-16T00:20:19.097868+00:00", "symbol": "BTC-USD"}, {"trade_id": 850015104, "side": "buy", "size": "0.17420352", "price": "117601.31000000", "time": "2025-07-16T00:18:40.594746Z", "fetched_at": "2025-07-16T00:20:19.097868+00:00", "symbol": "BTC-USD"}, {"trade_id": 850015103, "side": "buy", "size": "0.00079648", "price": "117601.31000000", "time": "2025-07-16T00:18:39.760765Z", "fetched_at": "2025-07-16T00:20:19.097868+00:00", "symbol": "BTC-USD"}, {"trade_id": 850015102, "side": "buy", "size": "0.00482611", "price": "117602.03000000", "time": "2025-07-16T00:18:39.605980Z", "fetched_at": "2025-07-16T00:20:19.097868+00:00", "symbol": "BTC-USD"}, {"trade_id": 850015101, "side": "buy", "size": "0.00000900", "price": "117603.88000000", "time": "2025-07-16T00:18:39.605980Z", "fetched_at": "2025-07-16T00:20:19.097868+00:00", "symbol": "BTC-USD"}, {"trade_id": 850015100, "side": "buy", "size": "0.00048100", "price": "117603.88000000", "time": "2025-07-16T00:18:39.605980Z", "fetched_at": "2025-07-16T00:20:19.097868+00:00", "symbol": "BTC-USD"}, {"trade_id": 850015099, "side": "buy", "size": "0.00000187", "price": "117603.90000000", "time": "2025-07-16T00:18:39.605980Z", "fetched_at": "2025-07-16T00:20:19.097868+00:00", "symbol": "BTC-USD"}, {"trade_id": 850015098, "side": "sell", "size": "0.00002000", "price": "117603.91000000", "time": "2025-07-16T00:18:38.411419Z", "fetched_at": "2025-07-16T00:20:19.097868+00:00", "symbol": "BTC-USD"}, {"trade_id": 850015097, "side": "sell", "size": "0.00850414", "price": "117589.72000000", "time": "2025-07-16T00:18:37.958972Z", "fetched_at": "2025-07-16T00:20:19.097868+00:00", "symbol": "BTC-USD"}, {"trade_id": 850015096, "side": "sell", "size": "0.07267860", "price": "117587.96000000", "time": "2025-07-16T00:18:37.958972Z", "fetched_at": "2025-07-16T00:20:19.097868+00:00", "symbol": "BTC-USD"}, {"trade_id": 850015095, "side": "buy", "size": "0.00141172", "price": "117587.95000000", "time": "2025-07-16T00:18:37.845777Z", "fetched_at": "2025-07-16T00:20:19.097868+00:00", "symbol": "BTC-USD"}, {"trade_id": 850015094, "side": "buy", "size": "0.00001997", "price": "117587.95000000", "time": "2025-07-16T00:18:37.726003Z", "fetched_at": "2025-07-16T00:20:19.097868+00:00", "symbol": "BTC-USD"}, {"trade_id": 850015093, "side": "sell", "size": "0.00080207", "price": "117587.96000000", "time": "2025-07-16T00:18:37.205090Z", "fetched_at": "2025-07-16T00:20:19.097868+00:00", "symbol": "BTC-USD"}, {"trade_id": 850015092, "side": "sell", "size": "0.00002425", "price": "117587.95000000", "time": "2025-07-16T00:18:37.205090Z", "fetched_at": "2025-07-16T00:20:19.097868+00:00", "symbol": "BTC-USD"}, {"trade_id": 850015091, "side": "sell", "size": "0.00239989", "price": "117587.96000000", "time": "2025-07-16T00:18:35.726862Z", "fetched_at": "2025-07-16T00:20:19.097868+00:00", "symbol": "BTC-USD"}, {"trade_id": 850015090, "side": "sell", "size": "0.00001963", "price": "117587.95000000", "time": "2025-07-16T00:18:35.726862Z", "fetched_at": "2025-07-16T00:20:19.097868+00:00", "symbol": "BTC-USD"}, {"trade_id": 850015089, "side": "buy", "size": "0.00017009", "price": "117585.66000000", "time": "2025-07-16T00:18:34.096408Z", "fetched_at": "2025-07-16T00:20:19.097868+00:00", "symbol": "BTC-USD"}, {"trade_id": 850015088, "side": "sell", "size": "0.00075044", "price": "117587.96000000", "time": "2025-07-16T00:18:33.485204Z", "fetched_at": "2025-07-16T00:20:19.097868+00:00", "symbol": "BTC-USD"}, {"trade_id": 850015087, "side": "sell", "size": "0.00001033", "price": "117585.65000000", "time": "2025-07-16T00:18:33.485204Z", "fetched_at": "2025-07-16T00:20:19.097868+00:00", "symbol": "BTC-USD"}, {"trade_id": 850015086, "side": "sell", "size": "0.00002416", "price": "117585.65000000", "time": "2025-07-16T00:18:33.485204Z", "fetched_at": "2025-07-16T00:20:19.097868+00:00", "symbol": "BTC-USD"}, {"trade_id": 850015085, "side": "buy", "size": "0.00850442", "price": "117585.64000000", "time": "2025-07-16T00:18:33.376948Z", "fetched_at": "2025-07-16T00:20:19.097868+00:00", "symbol": "BTC-USD"}, {"trade_id": 850015084, "side": "buy", "size": "0.00001318", "price": "117585.64000000", "time": "2025-07-16T00:18:33.334563Z", "fetched_at": "2025-07-16T00:20:19.097868+00:00", "symbol": "BTC-USD"}, {"trade_id": 850015083, "side": "buy", "size": "0.02495000", "price": "117585.64000000", "time": "2025-07-16T00:18:32.650683Z", "fetched_at": "2025-07-16T00:20:19.097868+00:00", "symbol": "BTC-USD"}, {"trade_id": 850015082, "side": "buy", "size": "0.00001000", "price": "117585.64000000", "time": "2025-07-16T00:18:32.650683Z", "fetched_at": "2025-07-16T00:20:19.097868+00:00", "symbol": "BTC-USD"}, {"trade_id": 850015081, "side": "sell", "size": "0.00000900", "price": "117585.65000000", "time": "2025-07-16T00:18:31.967163Z", "fetched_at": "2025-07-16T00:20:19.097868+00:00", "symbol": "BTC-USD"}, {"trade_id": 850015080, "side": "buy", "size": "0.02457432", "price": "117582.25000000", "time": "2025-07-16T00:18:31.847037Z", "fetched_at": "2025-07-16T00:20:19.097868+00:00", "symbol": "BTC-USD"}, {"trade_id": 850015079, "side": "buy", "size": "0.00850447", "price": "117585.18000000", "time": "2025-07-16T00:18:31.847037Z", "fetched_at": "2025-07-16T00:20:19.097868+00:00", "symbol": "BTC-USD"}, {"trade_id": 850015078, "side": "buy", "size": "0.00062000", "price": "117586.94000000", "time": "2025-07-16T00:18:31.847037Z", "fetched_at": "2025-07-16T00:20:19.097868+00:00", "symbol": "BTC-USD"}, {"trade_id": 850015077, "side": "buy", "size": "0.00111000", "price": "117586.94000000", "time": "2025-07-16T00:18:31.847037Z", "fetched_at": "2025-07-16T00:20:19.097868+00:00", "symbol": "BTC-USD"}, {"trade_id": 850015076, "side": "buy", "size": "0.00005000", "price": "117586.96000000", "time": "2025-07-16T00:18:31.847037Z", "fetched_at": "2025-07-16T00:20:19.097868+00:00", "symbol": "BTC-USD"}, {"trade_id": 850015075, "side": "buy", "size": "0.00010324", "price": "117586.96000000", "time": "2025-07-16T00:18:31.847037Z", "fetched_at": "2025-07-16T00:20:19.097868+00:00", "symbol": "BTC-USD"}, {"trade_id": 850015074, "side": "buy", "size": "0.00014457", "price": "117586.96000000", "time": "2025-07-16T00:18:31.847037Z", "fetched_at": "2025-07-16T00:20:19.097868+00:00", "symbol": "BTC-USD"}, {"trade_id": 850015073, "side": "buy", "size": "0.00001000", "price": "117586.96000000", "time": "2025-07-16T00:18:31.847037Z", "fetched_at": "2025-07-16T00:20:19.097868+00:00", "symbol": "BTC-USD"}, {"trade_id": 850015072, "side": "buy", "size": "0.00009355", "price": "117586.96000000", "time": "2025-07-16T00:18:31.847037Z", "fetched_at": "2025-07-16T00:20:19.097868+00:00", "symbol": "BTC-USD"}, {"trade_id": 850015071, "side": "buy", "size": "0.00000221", "price": "117586.96000000", "time": "2025-07-16T00:18:31.847037Z", "fetched_at": "2025-07-16T00:20:19.097868+00:00", "symbol": "BTC-USD"}, {"trade_id": 850015070, "side": "buy", "size": "0.00000059", "price": "117586.96000000", "time": "2025-07-16T00:18:31.847037Z", "fetched_at": "2025-07-16T00:20:19.097868+00:00", "symbol": "BTC-USD"}, {"trade_id": 850015069, "side": "sell", "size": "0.00365901", "price": "117586.97000000", "time": "2025-07-16T00:18:31.127725Z", "fetched_at": "2025-07-16T00:20:19.097868+00:00", "symbol": "BTC-USD"}, {"trade_id": 850015068, "side": "sell", "size": "0.00002460", "price": "117587.85000000", "time": "2025-07-16T00:18:30.705258Z", "fetched_at": "2025-07-16T00:20:19.097868+00:00", "symbol": "BTC-USD"}, {"trade_id": 850015067, "side": "buy", "size": "0.00676200", "price": "117599.08000000", "time": "2025-07-16T00:18:30.670980Z", "fetched_at": "2025-07-16T00:20:19.097868+00:00", "symbol": "BTC-USD"}, {"trade_id": 850015066, "side": "buy", "size": "0.00002108", "price": "117599.09000000", "time": "2025-07-16T00:18:30.670980Z", "fetched_at": "2025-07-16T00:20:19.097868+00:00", "symbol": "BTC-USD"}, {"trade_id": 850015065, "side": "buy", "size": "0.00000722", "price": "117599.09000000", "time": "2025-07-16T00:18:30.670980Z", "fetched_at": "2025-07-16T00:20:19.097868+00:00", "symbol": "BTC-USD"}, {"trade_id": 850015064, "side": "buy", "size": "0.00005221", "price": "117599.09000000", "time": "2025-07-16T00:18:30.670980Z", "fetched_at": "2025-07-16T00:20:19.097868+00:00", "symbol": "BTC-USD"}, {"trade_id": 850015063, "side": "buy", "size": "0.62971674", "price": "117564.00000000", "time": "2025-07-16T00:18:30.540176Z", "fetched_at": "2025-07-16T00:20:19.097868+00:00", "symbol": "BTC-USD"}, {"trade_id": 850015062, "side": "buy", "size": "0.00816965", "price": "117564.16000000", "time": "2025-07-16T00:18:30.540176Z", "fetched_at": "2025-07-16T00:20:19.097868+00:00", "symbol": "BTC-USD"}, {"trade_id": 850015061, "side": "buy", "size": "0.58374774", "price": "117564.30000000", "time": "2025-07-16T00:18:30.540176Z", "fetched_at": "2025-07-16T00:20:19.097868+00:00", "symbol": "BTC-USD"}, {"trade_id": 850015060, "side": "buy", "size": "0.26819123", "price": "117564.30000000", "time": "2025-07-16T00:18:30.540176Z", "fetched_at": "2025-07-16T00:20:19.097868+00:00", "symbol": "BTC-USD"}, {"trade_id": 850015059, "side": "buy", "size": "0.04304539", "price": "117564.36000000", "time": "2025-07-16T00:18:30.540176Z", "fetched_at": "2025-07-16T00:20:19.097868+00:00", "symbol": "BTC-USD"}, {"trade_id": 850015058, "side": "buy", "size": "0.09342000", "price": "117567.70000000", "time": "2025-07-16T00:18:30.540176Z", "fetched_at": "2025-07-16T00:20:19.097868+00:00", "symbol": "BTC-USD"}, {"trade_id": 850015057, "side": "buy", "size": "0.03449690", "price": "117568.23000000", "time": "2025-07-16T00:18:30.540176Z", "fetched_at": "2025-07-16T00:20:19.097868+00:00", "symbol": "BTC-USD"}, {"trade_id": 850015056, "side": "buy", "size": "0.10747916", "price": "117568.24000000", "time": "2025-07-16T00:18:30.540176Z", "fetched_at": "2025-07-16T00:20:19.097868+00:00", "symbol": "BTC-USD"}, {"trade_id": 850015055, "side": "buy", "size": "0.00033920", "price": "117569.44000000", "time": "2025-07-16T00:18:30.540176Z", "fetched_at": "2025-07-16T00:20:19.097868+00:00", "symbol": "BTC-USD"}, {"trade_id": 850015054, "side": "buy", "size": "0.00101497", "price": "117569.44000000", "time": "2025-07-16T00:18:30.540176Z", "fetched_at": "2025-07-16T00:20:19.097868+00:00", "symbol": "BTC-USD"}, {"trade_id": 850015053, "side": "buy", "size": "0.00010615", "price": "117569.44000000", "time": "2025-07-16T00:18:30.540176Z", "fetched_at": "2025-07-16T00:20:19.097868+00:00", "symbol": "BTC-USD"}, {"trade_id": 850015052, "side": "buy", "size": "0.00101539", "price": "117570.11000000", "time": "2025-07-16T00:18:30.540176Z", "fetched_at": "2025-07-16T00:20:19.097868+00:00", "symbol": "BTC-USD"}, {"trade_id": 850015051, "side": "buy", "size": "0.35853900", "price": "117570.32000000", "time": "2025-07-16T00:18:30.540176Z", "fetched_at": "2025-07-16T00:20:19.097868+00:00", "symbol": "BTC-USD"}, {"trade_id": 850015050, "side": "buy", "size": "0.00034000", "price": "117570.57000000", "time": "2025-07-16T00:18:30.540176Z", "fetched_at": "2025-07-16T00:20:19.097868+00:00", "symbol": "BTC-USD"}, {"trade_id": 850015049, "side": "buy", "size": "0.00001000", "price": "117570.60000000", "time": "2025-07-16T00:18:30.540176Z", "fetched_at": "2025-07-16T00:20:19.097868+00:00", "symbol": "BTC-USD"}, {"trade_id": 850015048, "side": "buy", "size": "0.11052613", "price": "117571.51000000", "time": "2025-07-16T00:18:30.540176Z", "fetched_at": "2025-07-16T00:20:19.097868+00:00", "symbol": "BTC-USD"}