[{"trade_id": 850038349, "side": "sell", "size": "0.00330471", "price": "117857.79000000", "time": "2025-07-16T01:20:18.854013Z", "fetched_at": "2025-07-16T01:20:19.943051+00:00", "symbol": "BTC-USD"}, {"trade_id": 850038348, "side": "sell", "size": "0.00424291", "price": "117856.84000000", "time": "2025-07-16T01:20:18.854013Z", "fetched_at": "2025-07-16T01:20:19.943051+00:00", "symbol": "BTC-USD"}, {"trade_id": 850038347, "side": "sell", "size": "0.00848488", "price": "117856.66000000", "time": "2025-07-16T01:20:18.854013Z", "fetched_at": "2025-07-16T01:20:19.943051+00:00", "symbol": "BTC-USD"}, {"trade_id": 850038346, "side": "sell", "size": "0.02560000", "price": "117854.89000000", "time": "2025-07-16T01:20:18.854013Z", "fetched_at": "2025-07-16T01:20:19.943051+00:00", "symbol": "BTC-USD"}, {"trade_id": 850038345, "side": "sell", "size": "0.13230000", "price": "117854.88000000", "time": "2025-07-16T01:20:18.854013Z", "fetched_at": "2025-07-16T01:20:19.943051+00:00", "symbol": "BTC-USD"}, {"trade_id": 850038344, "side": "sell", "size": "0.00005145", "price": "117854.87000000", "time": "2025-07-16T01:20:18.854013Z", "fetched_at": "2025-07-16T01:20:19.943051+00:00", "symbol": "BTC-USD"}, {"trade_id": 850038343, "side": "sell", "size": "0.04811978", "price": "117851.21000000", "time": "2025-07-16T01:20:18.854013Z", "fetched_at": "2025-07-16T01:20:19.943051+00:00", "symbol": "BTC-USD"}, {"trade_id": 850038342, "side": "buy", "size": "0.00005856", "price": "117849.86000000", "time": "2025-07-16T01:20:18.833646Z", "fetched_at": "2025-07-16T01:20:19.943051+00:00", "symbol": "BTC-USD"}, {"trade_id": 850038341, "side": "buy", "size": "0.00001000", "price": "117854.88000000", "time": "2025-07-16T01:20:18.833646Z", "fetched_at": "2025-07-16T01:20:19.943051+00:00", "symbol": "BTC-USD"}, {"trade_id": 850038340, "side": "sell", "size": "0.00012071", "price": "117854.89000000", "time": "2025-07-16T01:20:18.755798Z", "fetched_at": "2025-07-16T01:20:19.943051+00:00", "symbol": "BTC-USD"}, {"trade_id": 850038339, "side": "sell", "size": "0.08408453", "price": "117854.89000000", "time": "2025-07-16T01:20:18.545059Z", "fetched_at": "2025-07-16T01:20:19.943051+00:00", "symbol": "BTC-USD"}, {"trade_id": 850038338, "side": "buy", "size": "0.00782288", "price": "117861.83000000", "time": "2025-07-16T01:20:18.184299Z", "fetched_at": "2025-07-16T01:20:19.943051+00:00", "symbol": "BTC-USD"}, {"trade_id": 850038337, "side": "buy", "size": "0.00065601", "price": "117863.60000000", "time": "2025-07-16T01:20:18.184299Z", "fetched_at": "2025-07-16T01:20:19.943051+00:00", "symbol": "BTC-USD"}, {"trade_id": 850038336, "side": "buy", "size": "0.00000110", "price": "117863.60000000", "time": "2025-07-16T01:20:18.184299Z", "fetched_at": "2025-07-16T01:20:19.943051+00:00", "symbol": "BTC-USD"}, {"trade_id": 850038335, "side": "buy", "size": "0.00000347", "price": "117863.60000000", "time": "2025-07-16T01:20:18.184299Z", "fetched_at": "2025-07-16T01:20:19.943051+00:00", "symbol": "BTC-USD"}, {"trade_id": 850038334, "side": "sell", "size": "0.00020114", "price": "117863.61000000", "time": "2025-07-16T01:20:17.216781Z", "fetched_at": "2025-07-16T01:20:19.943051+00:00", "symbol": "BTC-USD"}, {"trade_id": 850038333, "side": "sell", "size": "0.00123664", "price": "117863.61000000", "time": "2025-07-16T01:20:16.866209Z", "fetched_at": "2025-07-16T01:20:19.943051+00:00", "symbol": "BTC-USD"}, {"trade_id": 850038332, "side": "sell", "size": "0.00000836", "price": "117863.61000000", "time": "2025-07-16T01:20:15.778459Z", "fetched_at": "2025-07-16T01:20:19.943051+00:00", "symbol": "BTC-USD"}, {"trade_id": 850038331, "side": "sell", "size": "0.00004235", "price": "117863.61000000", "time": "2025-07-16T01:20:15.454531Z", "fetched_at": "2025-07-16T01:20:19.943051+00:00", "symbol": "BTC-USD"}, {"trade_id": 850038330, "side": "buy", "size": "0.00130484", "price": "117876.38000000", "time": "2025-07-16T01:20:13.683825Z", "fetched_at": "2025-07-16T01:20:19.943051+00:00", "symbol": "BTC-USD"}, {"trade_id": 850038329, "side": "buy", "size": "0.00061140", "price": "117876.38000000", "time": "2025-07-16T01:20:13.683825Z", "fetched_at": "2025-07-16T01:20:19.943051+00:00", "symbol": "BTC-USD"}, {"trade_id": 850038328, "side": "buy", "size": "0.00002195", "price": "117876.38000000", "time": "2025-07-16T01:20:13.683825Z", "fetched_at": "2025-07-16T01:20:19.943051+00:00", "symbol": "BTC-USD"}, {"trade_id": 850038327, "side": "buy", "size": "0.00811077", "price": "117876.38000000", "time": "2025-07-16T01:20:13.683825Z", "fetched_at": "2025-07-16T01:20:19.943051+00:00", "symbol": "BTC-USD"}, {"trade_id": 850038326, "side": "buy", "size": "0.00008484", "price": "117876.38000000", "time": "2025-07-16T01:20:13.598583Z", "fetched_at": "2025-07-16T01:20:19.943051+00:00", "symbol": "BTC-USD"}, {"trade_id": 850038325, "side": "sell", "size": "0.00822544", "price": "117876.39000000", "time": "2025-07-16T01:20:12.937867Z", "fetched_at": "2025-07-16T01:20:19.943051+00:00", "symbol": "BTC-USD"}, {"trade_id": 850038324, "side": "sell", "size": "0.00001971", "price": "117876.39000000", "time": "2025-07-16T01:20:12.937867Z", "fetched_at": "2025-07-16T01:20:19.943051+00:00", "symbol": "BTC-USD"}, {"trade_id": 850038323, "side": "sell", "size": "0.00047502", "price": "117879.91000000", "time": "2025-07-16T01:20:12.727021Z", "fetched_at": "2025-07-16T01:20:19.943051+00:00", "symbol": "BTC-USD"}, {"trade_id": 850038322, "side": "sell", "size": "0.00001971", "price": "117876.39000000", "time": "2025-07-16T01:20:12.727021Z", "fetched_at": "2025-07-16T01:20:19.943051+00:00", "symbol": "BTC-USD"}, {"trade_id": 850038321, "side": "sell", "size": "0.00074149", "price": "117880.07000000", "time": "2025-07-16T01:20:12.334944Z", "fetched_at": "2025-07-16T01:20:19.943051+00:00", "symbol": "BTC-USD"}, {"trade_id": 850038320, "side": "sell", "size": "0.00006119", "price": "117876.39000000", "time": "2025-07-16T01:20:12.334944Z", "fetched_at": "2025-07-16T01:20:19.943051+00:00", "symbol": "BTC-USD"}, {"trade_id": 850038319, "side": "sell", "size": "0.00000212", "price": "117876.39000000", "time": "2025-07-16T01:20:12.334944Z", "fetched_at": "2025-07-16T01:20:19.943051+00:00", "symbol": "BTC-USD"}, {"trade_id": 850038318, "side": "buy", "size": "0.00220806", "price": "117876.38000000", "time": "2025-07-16T01:20:12.203703Z", "fetched_at": "2025-07-16T01:20:19.943051+00:00", "symbol": "BTC-USD"}, {"trade_id": 850038317, "side": "sell", "size": "0.00067220", "price": "117883.11000000", "time": "2025-07-16T01:20:11.266323Z", "fetched_at": "2025-07-16T01:20:19.943051+00:00", "symbol": "BTC-USD"}, {"trade_id": 850038316, "side": "sell", "size": "0.00008558", "price": "117876.39000000", "time": "2025-07-16T01:20:11.266323Z", "fetched_at": "2025-07-16T01:20:19.943051+00:00", "symbol": "BTC-USD"}, {"trade_id": 850038315, "side": "sell", "size": "0.00003150", "price": "117876.39000000", "time": "2025-07-16T01:20:11.152818Z", "fetched_at": "2025-07-16T01:20:19.943051+00:00", "symbol": "BTC-USD"}, {"trade_id": 850038314, "side": "sell", "size": "0.00410602", "price": "117883.79000000", "time": "2025-07-16T01:20:11.050163Z", "fetched_at": "2025-07-16T01:20:19.943051+00:00", "symbol": "BTC-USD"}, {"trade_id": 850038313, "side": "sell", "size": "0.00001000", "price": "117881.40000000", "time": "2025-07-16T01:20:11.050163Z", "fetched_at": "2025-07-16T01:20:19.943051+00:00", "symbol": "BTC-USD"}, {"trade_id": 850038312, "side": "sell", "size": "0.00000664", "price": "117872.52000000", "time": "2025-07-16T01:20:11.050163Z", "fetched_at": "2025-07-16T01:20:19.943051+00:00", "symbol": "BTC-USD"}, {"trade_id": 850038311, "side": "sell", "size": "0.00157071", "price": "117872.53000000", "time": "2025-07-16T01:20:10.362629Z", "fetched_at": "2025-07-16T01:20:19.943051+00:00", "symbol": "BTC-USD"}, {"trade_id": 850038310, "side": "sell", "size": "0.00007901", "price": "117863.63000000", "time": "2025-07-16T01:20:10.362629Z", "fetched_at": "2025-07-16T01:20:19.943051+00:00", "symbol": "BTC-USD"}, {"trade_id": 850038309, "side": "buy", "size": "0.00012604", "price": "117863.62000000", "time": "2025-07-16T01:20:10.100104Z", "fetched_at": "2025-07-16T01:20:19.943051+00:00", "symbol": "BTC-USD"}, {"trade_id": 850038308, "side": "sell", "size": "0.00096270", "price": "117871.81000000", "time": "2025-07-16T01:20:09.968612Z", "fetched_at": "2025-07-16T01:20:19.943051+00:00", "symbol": "BTC-USD"}, {"trade_id": 850038307, "side": "sell", "size": "0.00007050", "price": "117863.62000000", "time": "2025-07-16T01:20:09.968612Z", "fetched_at": "2025-07-16T01:20:19.943051+00:00", "symbol": "BTC-USD"}, {"trade_id": 850038306, "side": "sell", "size": "0.00221723", "price": "117872.95000000", "time": "2025-07-16T01:20:09.400053Z", "fetched_at": "2025-07-16T01:20:19.943051+00:00", "symbol": "BTC-USD"}, {"trade_id": 850038305, "side": "sell", "size": "0.00000664", "price": "117872.56000000", "time": "2025-07-16T01:20:09.400053Z", "fetched_at": "2025-07-16T01:20:19.943051+00:00", "symbol": "BTC-USD"}, {"trade_id": 850038304, "side": "sell", "size": "0.00001000", "price": "117872.56000000", "time": "2025-07-16T01:20:09.400053Z", "fetched_at": "2025-07-16T01:20:19.943051+00:00", "symbol": "BTC-USD"}, {"trade_id": 850038303, "side": "sell", "size": "0.00020255", "price": "117871.16000000", "time": "2025-07-16T01:20:09.400053Z", "fetched_at": "2025-07-16T01:20:19.943051+00:00", "symbol": "BTC-USD"}, {"trade_id": 850038302, "side": "sell", "size": "0.00001034", "price": "117870.95000000", "time": "2025-07-16T01:20:09.400053Z", "fetched_at": "2025-07-16T01:20:19.943051+00:00", "symbol": "BTC-USD"}, {"trade_id": 850038301, "side": "sell", "size": "0.00007324", "price": "117863.61000000", "time": "2025-07-16T01:20:09.400053Z", "fetched_at": "2025-07-16T01:20:19.943051+00:00", "symbol": "BTC-USD"}, {"trade_id": 850038300, "side": "buy", "size": "0.00029693", "price": "117863.60000000", "time": "2025-07-16T01:20:08.661642Z", "fetched_at": "2025-07-16T01:20:19.943051+00:00", "symbol": "BTC-USD"}, {"trade_id": 850038299, "side": "sell", "size": "0.00824551", "price": "117870.01000000", "time": "2025-07-16T01:20:08.551527Z", "fetched_at": "2025-07-16T01:20:19.943051+00:00", "symbol": "BTC-USD"}, {"trade_id": 850038298, "side": "buy", "size": "0.00010262", "price": "117863.60000000", "time": "2025-07-16T01:20:07.879658Z", "fetched_at": "2025-07-16T01:20:19.943051+00:00", "symbol": "BTC-USD"}, {"trade_id": 850038297, "side": "buy", "size": "0.00505853", "price": "117863.59000000", "time": "2025-07-16T01:20:07.633291Z", "fetched_at": "2025-07-16T01:20:19.943051+00:00", "symbol": "BTC-USD"}, {"trade_id": 850038296, "side": "sell", "size": "0.00000150", "price": "117870.86000000", "time": "2025-07-16T01:20:07.529687Z", "fetched_at": "2025-07-16T01:20:19.943051+00:00", "symbol": "BTC-USD"}, {"trade_id": 850038295, "side": "sell", "size": "0.00002185", "price": "117867.52000000", "time": "2025-07-16T01:20:07.416317Z", "fetched_at": "2025-07-16T01:20:19.943051+00:00", "symbol": "BTC-USD"}, {"trade_id": 850038294, "side": "sell", "size": "0.00000212", "price": "117864.34000000", "time": "2025-07-16T01:20:07.416317Z", "fetched_at": "2025-07-16T01:20:19.943051+00:00", "symbol": "BTC-USD"}, {"trade_id": 850038293, "side": "sell", "size": "0.00003132", "price": "117863.57000000", "time": "2025-07-16T01:20:07.225359Z", "fetched_at": "2025-07-16T01:20:19.943051+00:00", "symbol": "BTC-USD"}, {"trade_id": 850038292, "side": "sell", "size": "0.00000883", "price": "117863.57000000", "time": "2025-07-16T01:20:07.225359Z", "fetched_at": "2025-07-16T01:20:19.943051+00:00", "symbol": "BTC-USD"}, {"trade_id": 850038291, "side": "sell", "size": "0.00032188", "price": "117863.98000000", "time": "2025-07-16T01:20:06.761118Z", "fetched_at": "2025-07-16T01:20:19.943051+00:00", "symbol": "BTC-USD"}, {"trade_id": 850038290, "side": "buy", "size": "0.01693167", "price": "117856.60000000", "time": "2025-07-16T01:20:06.723856Z", "fetched_at": "2025-07-16T01:20:19.943051+00:00", "symbol": "BTC-USD"}, {"trade_id": 850038289, "side": "sell", "size": "0.00206136", "price": "117864.25000000", "time": "2025-07-16T01:20:06.451855Z", "fetched_at": "2025-07-16T01:20:19.943051+00:00", "symbol": "BTC-USD"}, {"trade_id": 850038288, "side": "sell", "size": "0.00003082", "price": "117863.67000000", "time": "2025-07-16T01:20:06.167865Z", "fetched_at": "2025-07-16T01:20:19.943051+00:00", "symbol": "BTC-USD"}, {"trade_id": 850038287, "side": "sell", "size": "0.00000910", "price": "117863.66000000", "time": "2025-07-16T01:20:06.167865Z", "fetched_at": "2025-07-16T01:20:19.943051+00:00", "symbol": "BTC-USD"}, {"trade_id": 850038286, "side": "buy", "size": "0.00000096", "price": "117863.65000000", "time": "2025-07-16T01:20:05.946310Z", "fetched_at": "2025-07-16T01:20:19.943051+00:00", "symbol": "BTC-USD"}, {"trade_id": 850038285, "side": "sell", "size": "0.00041243", "price": "117863.66000000", "time": "2025-07-16T01:20:05.895415Z", "fetched_at": "2025-07-16T01:20:19.943051+00:00", "symbol": "BTC-USD"}, {"trade_id": 850038284, "side": "sell", "size": "0.00164849", "price": "117863.66000000", "time": "2025-07-16T01:20:05.842590Z", "fetched_at": "2025-07-16T01:20:19.943051+00:00", "symbol": "BTC-USD"}, {"trade_id": 850038283, "side": "sell", "size": "0.00020621", "price": "117858.97000000", "time": "2025-07-16T01:20:05.323175Z", "fetched_at": "2025-07-16T01:20:19.943051+00:00", "symbol": "BTC-USD"}, {"trade_id": 850038282, "side": "buy", "size": "0.02038027", "price": "117848.95000000", "time": "2025-07-16T01:20:04.142761Z", "fetched_at": "2025-07-16T01:20:19.943051+00:00", "symbol": "BTC-USD"}, {"trade_id": 850038281, "side": "buy", "size": "0.00267211", "price": "117852.43000000", "time": "2025-07-16T01:20:04.142761Z", "fetched_at": "2025-07-16T01:20:19.943051+00:00", "symbol": "BTC-USD"}, {"trade_id": 850038280, "side": "buy", "size": "0.00848514", "price": "117853.08000000", "time": "2025-07-16T01:20:04.142761Z", "fetched_at": "2025-07-16T01:20:19.943051+00:00", "symbol": "BTC-USD"}, {"trade_id": 850038279, "side": "buy", "size": "0.00008981", "price": "117857.35000000", "time": "2025-07-16T01:20:04.142761Z", "fetched_at": "2025-07-16T01:20:19.943051+00:00", "symbol": "BTC-USD"}, {"trade_id": 850038278, "side": "buy", "size": "0.00848473", "price": "117858.74000000", "time": "2025-07-16T01:20:04.142761Z", "fetched_at": "2025-07-16T01:20:19.943051+00:00", "symbol": "BTC-USD"}, {"trade_id": 850038277, "side": "buy", "size": "0.00208451", "price": "117859.79000000", "time": "2025-07-16T01:20:04.142761Z", "fetched_at": "2025-07-16T01:20:19.943051+00:00", "symbol": "BTC-USD"}, {"trade_id": 850038276, "side": "buy", "size": "0.00001380", "price": "117859.80000000", "time": "2025-07-16T01:20:04.142761Z", "fetched_at": "2025-07-16T01:20:19.943051+00:00", "symbol": "BTC-USD"}, {"trade_id": 850038275, "side": "buy", "size": "0.00020379", "price": "117860.51000000", "time": "2025-07-16T01:20:04.142761Z", "fetched_at": "2025-07-16T01:20:19.943051+00:00", "symbol": "BTC-USD"}, {"trade_id": 850038274, "side": "buy", "size": "0.00000178", "price": "117860.52000000", "time": "2025-07-16T01:20:04.142761Z", "fetched_at": "2025-07-16T01:20:19.943051+00:00", "symbol": "BTC-USD"}, {"trade_id": 850038273, "side": "sell", "size": "0.00020729", "price": "117866.27000000", "time": "2025-07-16T01:20:04.050893Z", "fetched_at": "2025-07-16T01:20:19.943051+00:00", "symbol": "BTC-USD"}, {"trade_id": 850038272, "side": "sell", "size": "0.00001033", "price": "117866.27000000", "time": "2025-07-16T01:20:04.050893Z", "fetched_at": "2025-07-16T01:20:19.943051+00:00", "symbol": "BTC-USD"}, {"trade_id": 850038271, "side": "sell", "size": "0.00020254", "price": "117866.27000000", "time": "2025-07-16T01:20:04.050893Z", "fetched_at": "2025-07-16T01:20:19.943051+00:00", "symbol": "BTC-USD"}, {"trade_id": 850038270, "side": "sell", "size": "0.00000900", "price": "117859.53000000", "time": "2025-07-16T01:20:02.996948Z", "fetched_at": "2025-07-16T01:20:19.943051+00:00", "symbol": "BTC-USD"}, {"trade_id": 850038269, "side": "buy", "size": "0.00848387", "price": "117870.78000000", "time": "2025-07-16T01:20:02.903493Z", "fetched_at": "2025-07-16T01:20:19.943051+00:00", "symbol": "BTC-USD"}, {"trade_id": 850038268, "side": "buy", "size": "0.00000458", "price": "117872.55000000", "time": "2025-07-16T01:20:02.903493Z", "fetched_at": "2025-07-16T01:20:19.943051+00:00", "symbol": "BTC-USD"}, {"trade_id": 850038267, "side": "buy", "size": "0.00159630", "price": "117872.55000000", "time": "2025-07-16T01:20:02.903493Z", "fetched_at": "2025-07-16T01:20:19.943051+00:00", "symbol": "BTC-USD"}, {"trade_id": 850038266, "side": "sell", "size": "0.00012370", "price": "117872.37000000", "time": "2025-07-16T01:20:02.392262Z", "fetched_at": "2025-07-16T01:20:19.943051+00:00", "symbol": "BTC-USD"}, {"trade_id": 850038265, "side": "sell", "size": "0.00848000", "price": "117866.72000000", "time": "2025-07-16T01:20:02.338143Z", "fetched_at": "2025-07-16T01:20:19.943051+00:00", "symbol": "BTC-USD"}, {"trade_id": 850038264, "side": "sell", "size": "0.00022685", "price": "117865.08000000", "time": "2025-07-16T01:20:02.221847Z", "fetched_at": "2025-07-16T01:20:19.943051+00:00", "symbol": "BTC-USD"}, {"trade_id": 850038263, "side": "sell", "size": "0.00000407", "price": "117859.87000000", "time": "2025-07-16T01:20:02.221847Z", "fetched_at": "2025-07-16T01:20:19.943051+00:00", "symbol": "BTC-USD"}, {"trade_id": 850038262, "side": "sell", "size": "0.00004024", "price": "117857.27000000", "time": "2025-07-16T01:20:01.916491Z", "fetched_at": "2025-07-16T01:20:19.943051+00:00", "symbol": "BTC-USD"}, {"trade_id": 850038261, "side": "sell", "size": "0.00025759", "price": "117857.27000000", "time": "2025-07-16T01:20:01.858355Z", "fetched_at": "2025-07-16T01:20:19.943051+00:00", "symbol": "BTC-USD"}, {"trade_id": 850038260, "side": "sell", "size": "0.02665973", "price": "117865.34000000", "time": "2025-07-16T01:20:01.219579Z", "fetched_at": "2025-07-16T01:20:19.943051+00:00", "symbol": "BTC-USD"}, {"trade_id": 850038259, "side": "sell", "size": "0.00848483", "price": "117857.44000000", "time": "2025-07-16T01:20:01.219579Z", "fetched_at": "2025-07-16T01:20:19.943051+00:00", "symbol": "BTC-USD"}, {"trade_id": 850038258, "side": "sell", "size": "0.00000962", "price": "117857.35000000", "time": "2025-07-16T01:20:01.219579Z", "fetched_at": "2025-07-16T01:20:19.943051+00:00", "symbol": "BTC-USD"}, {"trade_id": 850038257, "side": "sell", "size": "0.00001695", "price": "117857.33000000", "time": "2025-07-16T01:20:01.219579Z", "fetched_at": "2025-07-16T01:20:19.943051+00:00", "symbol": "BTC-USD"}, {"trade_id": 850038256, "side": "sell", "size": "0.00023077", "price": "117857.33000000", "time": "2025-07-16T01:20:01.219579Z", "fetched_at": "2025-07-16T01:20:19.943051+00:00", "symbol": "BTC-USD"}, {"trade_id": 850038255, "side": "sell", "size": "0.00583108", "price": "117855.67000000", "time": "2025-07-16T01:20:01.219579Z", "fetched_at": "2025-07-16T01:20:19.943051+00:00", "symbol": "BTC-USD"}, {"trade_id": 850038254, "side": "sell", "size": "0.00000982", "price": "117855.26000000", "time": "2025-07-16T01:20:01.219579Z", "fetched_at": "2025-07-16T01:20:19.943051+00:00", "symbol": "BTC-USD"}, {"trade_id": 850038253, "side": "buy", "size": "0.00082475", "price": "117848.17000000", "time": "2025-07-16T01:20:00.871477Z", "fetched_at": "2025-07-16T01:20:19.943051+00:00", "symbol": "BTC-USD"}, {"trade_id": 850038252, "side": "sell", "size": "0.00026565", "price": "117854.45000000", "time": "2025-07-16T01:20:00.804379Z", "fetched_at": "2025-07-16T01:20:19.943051+00:00", "symbol": "BTC-USD"}, {"trade_id": 850038251, "side": "sell", "size": "0.00078818", "price": "117855.37000000", "time": "2025-07-16T01:20:00.242741Z", "fetched_at": "2025-07-16T01:20:19.943051+00:00", "symbol": "BTC-USD"}, {"trade_id": 850038250, "side": "buy", "size": "0.00172493", "price": "117846.52000000", "time": "2025-07-16T01:20:00.071579Z", "fetched_at": "2025-07-16T01:20:19.943051+00:00", "symbol": "BTC-USD"}, {"trade_id": 850038249, "side": "buy", "size": "0.00001391", "price": "117846.52000000", "time": "2025-07-16T01:20:00.071579Z", "fetched_at": "2025-07-16T01:20:19.943051+00:00", "symbol": "BTC-USD"}, {"trade_id": 850038248, "side": "buy", "size": "0.00122361", "price": "117846.40000000", "time": "2025-07-16T01:19:59.813554Z", "fetched_at": "2025-07-16T01:20:19.943051+00:00", "symbol": "BTC-USD"}, {"trade_id": 850038247, "side": "buy", "size": "0.00001100", "price": "117848.15000000", "time": "2025-07-16T01:19:59.813554Z", "fetched_at": "2025-07-16T01:20:19.943051+00:00", "symbol": "BTC-USD"}, {"trade_id": 850038246, "side": "buy", "size": "0.02326018", "price": "117848.17000000", "time": "2025-07-16T01:19:59.813554Z", "fetched_at": "2025-07-16T01:20:19.943051+00:00", "symbol": "BTC-USD"}, {"trade_id": 850038245, "side": "buy", "size": "0.00004921", "price": "117848.17000000", "time": "2025-07-16T01:19:59.813554Z", "fetched_at": "2025-07-16T01:20:19.943051+00:00", "symbol": "BTC-USD"}, {"trade_id": 850038244, "side": "buy", "size": "0.00260650", "price": "117848.17000000", "time": "2025-07-16T01:19:59.813554Z", "fetched_at": "2025-07-16T01:20:19.943051+00:00", "symbol": "BTC-USD"}, {"trade_id": 850038243, "side": "sell", "size": "0.00126054", "price": "117855.88000000", "time": "2025-07-16T01:19:59.321949Z", "fetched_at": "2025-07-16T01:20:19.943051+00:00", "symbol": "BTC-USD"}, {"trade_id": 850038242, "side": "sell", "size": "0.00000977", "price": "117848.18000000", "time": "2025-07-16T01:19:59.321949Z", "fetched_at": "2025-07-16T01:20:19.943051+00:00", "symbol": "BTC-USD"}, {"trade_id": 850038241, "side": "sell", "size": "0.00041243", "price": "117852.87000000", "time": "2025-07-16T01:19:58.921772Z", "fetched_at": "2025-07-16T01:20:19.943051+00:00", "symbol": "BTC-USD"}, {"trade_id": 850038240, "side": "buy", "size": "0.00163618", "price": "117848.17000000", "time": "2025-07-16T01:19:58.862412Z", "fetched_at": "2025-07-16T01:20:19.943051+00:00", "symbol": "BTC-USD"}, {"trade_id": 850038239, "side": "buy", "size": "0.00001358", "price": "117848.18000000", "time": "2025-07-16T01:19:58.862412Z", "fetched_at": "2025-07-16T01:20:19.943051+00:00", "symbol": "BTC-USD"}, {"trade_id": 850038238, "side": "buy", "size": "0.00000900", "price": "117857.32000000", "time": "2025-07-16T01:19:58.862412Z", "fetched_at": "2025-07-16T01:20:19.943051+00:00", "symbol": "BTC-USD"}, {"trade_id": 850038237, "side": "buy", "size": "0.00008000", "price": "117857.32000000", "time": "2025-07-16T01:19:58.862412Z", "fetched_at": "2025-07-16T01:20:19.943051+00:00", "symbol": "BTC-USD"}, {"trade_id": 850038236, "side": "buy", "size": "0.00001186", "price": "117857.32000000", "time": "2025-07-16T01:19:58.862412Z", "fetched_at": "2025-07-16T01:20:19.943051+00:00", "symbol": "BTC-USD"}, {"trade_id": 850038235, "side": "sell", "size": "0.00002009", "price": "117857.33000000", "time": "2025-07-16T01:19:58.532389Z", "fetched_at": "2025-07-16T01:20:19.943051+00:00", "symbol": "BTC-USD"}, {"trade_id": 850038234, "side": "buy", "size": "0.00002914", "price": "117857.32000000", "time": "2025-07-16T01:19:58.439722Z", "fetched_at": "2025-07-16T01:20:19.943051+00:00", "symbol": "BTC-USD"}, {"trade_id": 850038233, "side": "buy", "size": "0.00000059", "price": "117857.34000000", "time": "2025-07-16T01:19:58.439722Z", "fetched_at": "2025-07-16T01:20:19.943051+00:00", "symbol": "BTC-USD"}, {"trade_id": 850038232, "side": "buy", "size": "0.00000246", "price": "117857.34000000", "time": "2025-07-16T01:19:58.439722Z", "fetched_at": "2025-07-16T01:20:19.943051+00:00", "symbol": "BTC-USD"}, {"trade_id": 850038231, "side": "buy", "size": "0.00000176", "price": "117857.34000000", "time": "2025-07-16T01:19:58.439722Z", "fetched_at": "2025-07-16T01:20:19.943051+00:00", "symbol": "BTC-USD"}, {"trade_id": 850038230, "side": "sell", "size": "0.00024151", "price": "117857.35000000", "time": "2025-07-16T01:19:58.051837Z", "fetched_at": "2025-07-16T01:20:19.943051+00:00", "symbol": "BTC-USD"}, {"trade_id": 850038229, "side": "sell", "size": "0.00084032", "price": "117857.35000000", "time": "2025-07-16T01:19:57.985859Z", "fetched_at": "2025-07-16T01:20:19.943051+00:00", "symbol": "BTC-USD"}, {"trade_id": 850038228, "side": "sell", "size": "0.00168064", "price": "117857.35000000", "time": "2025-07-16T01:19:57.295293Z", "fetched_at": "2025-07-16T01:20:19.943051+00:00", "symbol": "BTC-USD"}, {"trade_id": 850038227, "side": "sell", "size": "0.00008193", "price": "117857.35000000", "time": "2025-07-16T01:19:57.200884Z", "fetched_at": "2025-07-16T01:20:19.943051+00:00", "symbol": "BTC-USD"}, {"trade_id": 850038226, "side": "sell", "size": "0.00061864", "price": "117857.35000000", "time": "2025-07-16T01:19:56.987780Z", "fetched_at": "2025-07-16T01:20:19.943051+00:00", "symbol": "BTC-USD"}, {"trade_id": 850038225, "side": "sell", "size": "0.00041243", "price": "117857.35000000", "time": "2025-07-16T01:19:56.924552Z", "fetched_at": "2025-07-16T01:20:19.943051+00:00", "symbol": "BTC-USD"}, {"trade_id": 850038224, "side": "sell", "size": "0.00056360", "price": "117857.35000000", "time": "2025-07-16T01:19:56.550030Z", "fetched_at": "2025-07-16T01:20:19.943051+00:00", "symbol": "BTC-USD"}, {"trade_id": 850038223, "side": "sell", "size": "0.00855147", "price": "117857.35000000", "time": "2025-07-16T01:19:56.373932Z", "fetched_at": "2025-07-16T01:20:19.943051+00:00", "symbol": "BTC-USD"}, {"trade_id": 850038222, "side": "sell", "size": "0.00041243", "price": "117857.35000000", "time": "2025-07-16T01:19:56.372563Z", "fetched_at": "2025-07-16T01:20:19.943051+00:00", "symbol": "BTC-USD"}, {"trade_id": 850038221, "side": "sell", "size": "0.00003992", "price": "117857.35000000", "time": "2025-07-16T01:19:56.276303Z", "fetched_at": "2025-07-16T01:20:19.943051+00:00", "symbol": "BTC-USD"}, {"trade_id": 850038220, "side": "buy", "size": "0.00007689", "price": "117857.34000000", "time": "2025-07-16T01:19:56.255637Z", "fetched_at": "2025-07-16T01:20:19.943051+00:00", "symbol": "BTC-USD"}, {"trade_id": 850038219, "side": "buy", "size": "0.00000559", "price": "117857.34000000", "time": "2025-07-16T01:19:56.255637Z", "fetched_at": "2025-07-16T01:20:19.943051+00:00", "symbol": "BTC-USD"}, {"trade_id": 850038218, "side": "buy", "size": "0.00000237", "price": "117857.34000000", "time": "2025-07-16T01:19:56.255637Z", "fetched_at": "2025-07-16T01:20:19.943051+00:00", "symbol": "BTC-USD"}, {"trade_id": 850038217, "side": "sell", "size": "0.00006042", "price": "117857.35000000", "time": "2025-07-16T01:19:55.962247Z", "fetched_at": "2025-07-16T01:20:19.943051+00:00", "symbol": "BTC-USD"}, {"trade_id": 850038216, "side": "sell", "size": "0.00041243", "price": "117857.35000000", "time": "2025-07-16T01:19:55.479836Z", "fetched_at": "2025-07-16T01:20:19.943051+00:00", "symbol": "BTC-USD"}, {"trade_id": 850038215, "side": "sell", "size": "0.00084032", "price": "117857.35000000", "time": "2025-07-16T01:19:55.468614Z", "fetched_at": "2025-07-16T01:20:19.943051+00:00", "symbol": "BTC-USD"}, {"trade_id": 850038214, "side": "sell", "size": "0.00016496", "price": "117857.35000000", "time": "2025-07-16T01:19:55.441028Z", "fetched_at": "2025-07-16T01:20:19.943051+00:00", "symbol": "BTC-USD"}, {"trade_id": 850038213, "side": "sell", "size": "0.00166992", "price": "117857.35000000", "time": "2025-07-16T01:19:55.399913Z", "fetched_at": "2025-07-16T01:20:19.943051+00:00", "symbol": "BTC-USD"}, {"trade_id": 850038212, "side": "sell", "size": "0.00001072", "price": "117857.35000000", "time": "2025-07-16T01:19:55.399913Z", "fetched_at": "2025-07-16T01:20:19.943051+00:00", "symbol": "BTC-USD"}, {"trade_id": 850038211, "side": "buy", "size": "0.04347497", "price": "117839.02000000", "time": "2025-07-16T01:19:55.053784Z", "fetched_at": "2025-07-16T01:20:19.943051+00:00", "symbol": "BTC-USD"}, {"trade_id": 850038210, "side": "buy", "size": "0.00016666", "price": "117840.16000000", "time": "2025-07-16T01:19:55.053784Z", "fetched_at": "2025-07-16T01:20:19.943051+00:00", "symbol": "BTC-USD"}, {"trade_id": 850038209, "side": "buy", "size": "0.00001188", "price": "117840.16000000", "time": "2025-07-16T01:19:55.053784Z", "fetched_at": "2025-07-16T01:20:19.943051+00:00", "symbol": "BTC-USD"}, {"trade_id": 850038208, "side": "buy", "size": "0.06351472", "price": "117840.19000000", "time": "2025-07-16T01:19:55.053784Z", "fetched_at": "2025-07-16T01:20:19.943051+00:00", "symbol": "BTC-USD"}, {"trade_id": 850038207, "side": "buy", "size": "0.00050900", "price": "117841.93000000", "time": "2025-07-16T01:19:55.053784Z", "fetched_at": "2025-07-16T01:20:19.943051+00:00", "symbol": "BTC-USD"}, {"trade_id": 850038206, "side": "buy", "size": "0.07394886", "price": "117841.99000000", "time": "2025-07-16T01:19:55.053784Z", "fetched_at": "2025-07-16T01:20:19.943051+00:00", "symbol": "BTC-USD"}, {"trade_id": 850038205, "side": "buy", "size": "0.13230000", "price": "117842.60000000", "time": "2025-07-16T01:19:55.053784Z", "fetched_at": "2025-07-16T01:20:19.943051+00:00", "symbol": "BTC-USD"}, {"trade_id": 850038204, "side": "buy", "size": "0.03172441", "price": "117843.24000000", "time": "2025-07-16T01:19:55.053784Z", "fetched_at": "2025-07-16T01:20:19.943051+00:00", "symbol": "BTC-USD"}, {"trade_id": 850038203, "side": "buy", "size": "0.04451403", "price": "117843.55000000", "time": "2025-07-16T01:19:55.053784Z", "fetched_at": "2025-07-16T01:20:19.943051+00:00", "symbol": "BTC-USD"}, {"trade_id": 850038202, "side": "buy", "size": "0.01696726", "price": "117844.58000000", "time": "2025-07-16T01:19:55.053784Z", "fetched_at": "2025-07-16T01:20:19.943051+00:00", "symbol": "BTC-USD"}, {"trade_id": 850038201, "side": "buy", "size": "0.00848486", "price": "117846.04000000", "time": "2025-07-16T01:19:55.053784Z", "fetched_at": "2025-07-16T01:20:19.943051+00:00", "symbol": "BTC-USD"}, {"trade_id": 850038200, "side": "buy", "size": "0.03306254", "price": "117847.57000000", "time": "2025-07-16T01:19:55.053784Z", "fetched_at": "2025-07-16T01:20:19.943051+00:00", "symbol": "BTC-USD"}, {"trade_id": 850038199, "side": "buy", "size": "0.00001169", "price": "117847.58000000", "time": "2025-07-16T01:19:55.053784Z", "fetched_at": "2025-07-16T01:20:19.943051+00:00", "symbol": "BTC-USD"}, {"trade_id": 850038198, "side": "buy", "size": "0.00000347", "price": "117850.00000000", "time": "2025-07-16T01:19:55.053784Z", "fetched_at": "2025-07-16T01:20:19.943051+00:00", "symbol": "BTC-USD"}, {"trade_id": 850038197, "side": "buy", "size": "0.00000726", "price": "117850.00000000", "time": "2025-07-16T01:19:55.053784Z", "fetched_at": "2025-07-16T01:20:19.943051+00:00", "symbol": "BTC-USD"}, {"trade_id": 850038196, "side": "buy", "size": "0.00848535", "price": "117850.16000000", "time": "2025-07-16T01:19:55.053784Z", "fetched_at": "2025-07-16T01:20:19.943051+00:00", "symbol": "BTC-USD"}, {"trade_id": 850038195, "side": "buy", "size": "0.00444243", "price": "117854.39000000", "time": "2025-07-16T01:19:55.053784Z", "fetched_at": "2025-07-16T01:20:19.943051+00:00", "symbol": "BTC-USD"}, {"trade_id": 850038194, "side": "buy", "size": "0.00036086", "price": "117854.39000000", "time": "2025-07-16T01:19:55.053784Z", "fetched_at": "2025-07-16T01:20:19.943051+00:00", "symbol": "BTC-USD"}, {"trade_id": 850038193, "side": "buy", "size": "0.00424240", "price": "117855.50000000", "time": "2025-07-16T01:19:55.053784Z", "fetched_at": "2025-07-16T01:20:19.943051+00:00", "symbol": "BTC-USD"}, {"trade_id": 850038192, "side": "buy", "size": "0.00848496", "price": "117855.57000000", "time": "2025-07-16T01:19:55.053784Z", "fetched_at": "2025-07-16T01:20:19.943051+00:00", "symbol": "BTC-USD"}, {"trade_id": 850038191, "side": "buy", "size": "0.00000900", "price": "117857.32000000", "time": "2025-07-16T01:19:55.053784Z", "fetched_at": "2025-07-16T01:20:19.943051+00:00", "symbol": "BTC-USD"}, {"trade_id": 850038190, "side": "buy", "size": "0.00055100", "price": "117857.32000000", "time": "2025-07-16T01:19:55.053784Z", "fetched_at": "2025-07-16T01:20:19.943051+00:00", "symbol": "BTC-USD"}, {"trade_id": 850038189, "side": "buy", "size": "0.00848500", "price": "117857.34000000", "time": "2025-07-16T01:19:55.053784Z", "fetched_at": "2025-07-16T01:20:19.943051+00:00", "symbol": "BTC-USD"}, {"trade_id": 850038188, "side": "buy", "size": "0.00049610", "price": "117857.34000000", "time": "2025-07-16T01:19:55.053784Z", "fetched_at": "2025-07-16T01:20:19.943051+00:00", "symbol": "BTC-USD"}, {"trade_id": 850038187, "side": "buy", "size": "0.00148238", "price": "117857.34000000", "time": "2025-07-16T01:19:55.053784Z", "fetched_at": "2025-07-16T01:20:19.943051+00:00", "symbol": "BTC-USD"}, {"trade_id": 850038186, "side": "buy", "size": "0.00004450", "price": "117857.34000000", "time": "2025-07-16T01:19:55.053784Z", "fetched_at": "2025-07-16T01:20:19.943051+00:00", "symbol": "BTC-USD"}, {"trade_id": 850038185, "side": "buy", "size": "0.02590892", "price": "117857.34000000", "time": "2025-07-16T01:19:55.053784Z", "fetched_at": "2025-07-16T01:20:19.943051+00:00", "symbol": "BTC-USD"}, {"trade_id": 850038184, "side": "sell", "size": "0.00042016", "price": "117862.96000000", "time": "2025-07-16T01:19:54.934267Z", "fetched_at": "2025-07-16T01:20:19.943051+00:00", "symbol": "BTC-USD"}, {"trade_id": 850038183, "side": "sell", "size": "0.00003992", "price": "117861.23000000", "time": "2025-07-16T01:19:54.779540Z", "fetched_at": "2025-07-16T01:20:19.943051+00:00", "symbol": "BTC-USD"}, {"trade_id": 850038182, "side": "sell", "size": "0.00126048", "price": "117861.23000000", "time": "2025-07-16T01:19:54.611639Z", "fetched_at": "2025-07-16T01:20:19.943051+00:00", "symbol": "BTC-USD"}, {"trade_id": 850038181, "side": "sell", "size": "0.00027731", "price": "117861.23000000", "time": "2025-07-16T01:19:54.425573Z", "fetched_at": "2025-07-16T01:20:19.943051+00:00", "symbol": "BTC-USD"}, {"trade_id": 850038180, "side": "sell", "size": "0.00038004", "price": "117861.28000000", "time": "2025-07-16T01:19:54.257159Z", "fetched_at": "2025-07-16T01:20:19.943051+00:00", "symbol": "BTC-USD"}, {"trade_id": 850038179, "side": "sell", "size": "0.00003239", "price": "117857.35000000", "time": "2025-07-16T01:19:54.257159Z", "fetched_at": "2025-07-16T01:20:19.943051+00:00", "symbol": "BTC-USD"}, {"trade_id": 850038178, "side": "sell", "size": "0.00040251", "price": "117864.22000000", "time": "2025-07-16T01:19:54.166248Z", "fetched_at": "2025-07-16T01:20:19.943051+00:00", "symbol": "BTC-USD"}, {"trade_id": 850038177, "side": "sell", "size": "0.00082486", "price": "117861.36000000", "time": "2025-07-16T01:19:53.831543Z", "fetched_at": "2025-07-16T01:20:19.943051+00:00", "symbol": "BTC-USD"}, {"trade_id": 850038176, "side": "sell", "size": "0.00016962", "price": "117858.31000000", "time": "2025-07-16T01:19:53.704026Z", "fetched_at": "2025-07-16T01:20:19.943051+00:00", "symbol": "BTC-USD"}, {"trade_id": 850038175, "side": "sell", "size": "0.00003659", "price": "117857.35000000", "time": "2025-07-16T01:19:53.704026Z", "fetched_at": "2025-07-16T01:20:19.943051+00:00", "symbol": "BTC-USD"}, {"trade_id": 850038174, "side": "sell", "size": "0.00000840", "price": "117857.35000000", "time": "2025-07-16T01:19:53.609030Z", "fetched_at": "2025-07-16T01:20:19.943051+00:00", "symbol": "BTC-USD"}, {"trade_id": 850038173, "side": "sell", "size": "0.00078623", "price": "117864.63000000", "time": "2025-07-16T01:19:53.127544Z", "fetched_at": "2025-07-16T01:20:19.943051+00:00", "symbol": "BTC-USD"}, {"trade_id": 850038172, "side": "sell", "size": "0.00003863", "price": "117857.35000000", "time": "2025-07-16T01:19:53.127544Z", "fetched_at": "2025-07-16T01:20:19.943051+00:00", "symbol": "BTC-USD"}, {"trade_id": 850038171, "side": "sell", "size": "0.00185514", "price": "117864.71000000", "time": "2025-07-16T01:19:53.105365Z", "fetched_at": "2025-07-16T01:20:19.943051+00:00", "symbol": "BTC-USD"}, {"trade_id": 850038170, "side": "sell", "size": "0.00001000", "price": "117863.72000000", "time": "2025-07-16T01:19:53.105365Z", "fetched_at": "2025-07-16T01:20:19.943051+00:00", "symbol": "BTC-USD"}, {"trade_id": 850038169, "side": "sell", "size": "0.00017435", "price": "117863.71000000", "time": "2025-07-16T01:19:53.105365Z", "fetched_at": "2025-07-16T01:20:19.943051+00:00", "symbol": "BTC-USD"}, {"trade_id": 850038168, "side": "sell", "size": "0.00002266", "price": "117857.35000000", "time": "2025-07-16T01:19:53.105365Z", "fetched_at": "2025-07-16T01:20:19.943051+00:00", "symbol": "BTC-USD"}, {"trade_id": 850038167, "side": "sell", "size": "0.00008416", "price": "117863.71000000", "time": "2025-07-16T01:19:53.080133Z", "fetched_at": "2025-07-16T01:20:19.943051+00:00", "symbol": "BTC-USD"}, {"trade_id": 850038166, "side": "sell", "size": "0.00183052", "price": "117861.25000000", "time": "2025-07-16T01:19:52.983801Z", "fetched_at": "2025-07-16T01:20:19.943051+00:00", "symbol": "BTC-USD"}, {"trade_id": 850038165, "side": "sell", "size": "0.00018206", "price": "117859.45000000", "time": "2025-07-16T01:19:52.983801Z", "fetched_at": "2025-07-16T01:20:19.943051+00:00", "symbol": "BTC-USD"}, {"trade_id": 850038164, "side": "sell", "size": "0.00000016", "price": "117858.40000000", "time": "2025-07-16T01:19:52.983801Z", "fetched_at": "2025-07-16T01:20:19.943051+00:00", "symbol": "BTC-USD"}, {"trade_id": 850038163, "side": "sell", "size": "0.00042016", "price": "117858.39000000", "time": "2025-07-16T01:19:52.887612Z", "fetched_at": "2025-07-16T01:20:19.943051+00:00", "symbol": "BTC-USD"}, {"trade_id": 850038162, "side": "buy", "size": "0.00000262", "price": "117854.39000000", "time": "2025-07-16T01:19:52.794822Z", "fetched_at": "2025-07-16T01:20:19.943051+00:00", "symbol": "BTC-USD"}, {"trade_id": 850038161, "side": "sell", "size": "0.00105040", "price": "117858.39000000", "time": "2025-07-16T01:19:52.763749Z", "fetched_at": "2025-07-16T01:20:19.943051+00:00", "symbol": "BTC-USD"}, {"trade_id": 850038160, "side": "sell", "size": "0.00063348", "price": "117858.39000000", "time": "2025-07-16T01:19:52.686349Z", "fetched_at": "2025-07-16T01:20:19.943051+00:00", "symbol": "BTC-USD"}, {"trade_id": 850038159, "side": "sell", "size": "0.00002963", "price": "117854.40000000", "time": "2025-07-16T01:19:52.686349Z", "fetched_at": "2025-07-16T01:20:19.943051+00:00", "symbol": "BTC-USD"}, {"trade_id": 850038158, "side": "sell", "size": "0.00041243", "price": "117858.40000000", "time": "2025-07-16T01:19:52.546155Z", "fetched_at": "2025-07-16T01:20:19.943051+00:00", "symbol": "BTC-USD"}, {"trade_id": 850038157, "side": "sell", "size": "0.00001498", "price": "117858.40000000", "time": "2025-07-16T01:19:52.169654Z", "fetched_at": "2025-07-16T01:20:19.943051+00:00", "symbol": "BTC-USD"}, {"trade_id": 850038156, "side": "sell", "size": "0.00008050", "price": "117858.40000000", "time": "2025-07-16T01:19:52.095679Z", "fetched_at": "2025-07-16T01:20:19.943051+00:00", "symbol": "BTC-USD"}, {"trade_id": 850038155, "side": "sell", "size": "0.00116493", "price": "117858.44000000", "time": "2025-07-16T01:19:52.026364Z", "fetched_at": "2025-07-16T01:20:19.943051+00:00", "symbol": "BTC-USD"}, {"trade_id": 850038154, "side": "sell", "size": "0.00000220", "price": "117854.40000000", "time": "2025-07-16T01:19:52.026364Z", "fetched_at": "2025-07-16T01:20:19.943051+00:00", "symbol": "BTC-USD"}, {"trade_id": 850038153, "side": "sell", "size": "0.00009335", "price": "117854.40000000", "time": "2025-07-16T01:19:52.026364Z", "fetched_at": "2025-07-16T01:20:19.943051+00:00", "symbol": "BTC-USD"}, {"trade_id": 850038152, "side": "buy", "size": "0.00055431", "price": "117854.39000000", "time": "2025-07-16T01:19:51.924074Z", "fetched_at": "2025-07-16T01:20:19.943051+00:00", "symbol": "BTC-USD"}, {"trade_id": 850038151, "side": "buy", "size": "0.00025719", "price": "117854.39000000", "time": "2025-07-16T01:19:51.605072Z", "fetched_at": "2025-07-16T01:20:19.943051+00:00", "symbol": "BTC-USD"}, {"trade_id": 850038150, "side": "sell", "size": "0.10681791", "price": "117862.42000000", "time": "2025-07-16T01:19:51.287585Z", "fetched_at": "2025-07-16T01:20:19.943051+00:00", "symbol": "BTC-USD"}, {"trade_id": 850038149, "side": "sell", "size": "0.00848463", "price": "117860.22000000", "time": "2025-07-16T01:19:51.287585Z", "fetched_at": "2025-07-16T01:20:19.943051+00:00", "symbol": "BTC-USD"}, {"trade_id": 850038148, "side": "sell", "size": "0.00831669", "price": "117858.45000000", "time": "2025-07-16T01:19:51.287585Z", "fetched_at": "2025-07-16T01:20:19.943051+00:00", "symbol": "BTC-USD"}, {"trade_id": 850038147, "side": "sell", "size": "0.00016806", "price": "117858.45000000", "time": "2025-07-16T01:19:51.169554Z", "fetched_at": "2025-07-16T01:20:19.943051+00:00", "symbol": "BTC-USD"}, {"trade_id": 850038146, "side": "buy", "size": "0.00018461", "price": "117854.39000000", "time": "2025-07-16T01:19:50.995266Z", "fetched_at": "2025-07-16T01:20:19.943051+00:00", "symbol": "BTC-USD"}, {"trade_id": 850038145, "side": "sell", "size": "0.00005882", "price": "117861.65000000", "time": "2025-07-16T01:19:50.904592Z", "fetched_at": "2025-07-16T01:20:19.943051+00:00", "symbol": "BTC-USD"}, {"trade_id": 850038144, "side": "sell", "size": "0.00003992", "price": "117859.94000000", "time": "2025-07-16T01:19:50.818265Z", "fetched_at": "2025-07-16T01:20:19.943051+00:00", "symbol": "BTC-USD"}, {"trade_id": 850038143, "side": "sell", "size": "0.00020868", "price": "117856.15000000", "time": "2025-07-16T01:19:50.667074Z", "fetched_at": "2025-07-16T01:20:19.943051+00:00", "symbol": "BTC-USD"}, {"trade_id": 850038142, "side": "sell", "size": "0.00001000", "price": "117854.88000000", "time": "2025-07-16T01:19:50.667074Z", "fetched_at": "2025-07-16T01:20:19.943051+00:00", "symbol": "BTC-USD"}, {"trade_id": 850038141, "side": "sell", "size": "0.00009335", "price": "117846.04000000", "time": "2025-07-16T01:19:50.667074Z", "fetched_at": "2025-07-16T01:20:19.943051+00:00", "symbol": "BTC-USD"}, {"trade_id": 850038140, "side": "sell", "size": "0.00001000", "price": "117846.04000000", "time": "2025-07-16T01:19:50.667074Z", "fetched_at": "2025-07-16T01:20:19.943051+00:00", "symbol": "BTC-USD"}, {"trade_id": 850038139, "side": "sell", "size": "0.00000372", "price": "117837.22000000", "time": "2025-07-16T01:19:50.604035Z", "fetched_at": "2025-07-16T01:20:19.943051+00:00", "symbol": "BTC-USD"}, {"trade_id": 850038138, "side": "sell", "size": "0.00000367", "price": "117837.22000000", "time": "2025-07-16T01:19:50.604035Z", "fetched_at": "2025-07-16T01:20:19.943051+00:00", "symbol": "BTC-USD"}, {"trade_id": 850038137, "side": "sell", "size": "0.00000844", "price": "117837.22000000", "time": "2025-07-16T01:19:50.604035Z", "fetched_at": "2025-07-16T01:20:19.943051+00:00", "symbol": "BTC-USD"}, {"trade_id": 850038136, "side": "sell", "size": "0.00000428", "price": "117837.22000000", "time": "2025-07-16T01:19:50.491953Z", "fetched_at": "2025-07-16T01:20:19.943051+00:00", "symbol": "BTC-USD"}, {"trade_id": 850038135, "side": "sell", "size": "0.00040513", "price": "117837.22000000", "time": "2025-07-16T01:19:50.491953Z", "fetched_at": "2025-07-16T01:20:19.943051+00:00", "symbol": "BTC-USD"}, {"trade_id": 850038134, "side": "sell", "size": "0.00004648", "price": "117837.22000000", "time": "2025-07-16T01:19:50.491953Z", "fetched_at": "2025-07-16T01:20:19.943051+00:00", "symbol": "BTC-USD"}, {"trade_id": 850038133, "side": "sell", "size": "0.00006411", "price": "117837.22000000", "time": "2025-07-16T01:19:50.491953Z", "fetched_at": "2025-07-16T01:20:19.943051+00:00", "symbol": "BTC-USD"}, {"trade_id": 850038132, "side": "sell", "size": "0.00000823", "price": "117837.22000000", "time": "2025-07-16T01:19:50.260247Z", "fetched_at": "2025-07-16T01:20:19.943051+00:00", "symbol": "BTC-USD"}, {"trade_id": 850038131, "side": "buy", "size": "0.00004244", "price": "117837.21000000", "time": "2025-07-16T01:19:50.103615Z", "fetched_at": "2025-07-16T01:20:19.943051+00:00", "symbol": "BTC-USD"}, {"trade_id": 850038130, "side": "buy", "size": "0.00025587", "price": "117837.21000000", "time": "2025-07-16T01:19:50.008596Z", "fetched_at": "2025-07-16T01:20:19.943051+00:00", "symbol": "BTC-USD"}, {"trade_id": 850038129, "side": "buy", "size": "0.00042865", "price": "117837.21000000", "time": "2025-07-16T01:19:49.387937Z", "fetched_at": "2025-07-16T01:20:19.943051+00:00", "symbol": "BTC-USD"}, {"trade_id": 850038128, "side": "sell", "size": "0.00000597", "price": "117837.22000000", "time": "2025-07-16T01:19:49.339870Z", "fetched_at": "2025-07-16T01:20:19.943051+00:00", "symbol": "BTC-USD"}, {"trade_id": 850038127, "side": "sell", "size": "0.00023050", "price": "117844.06000000", "time": "2025-07-16T01:19:48.653620Z", "fetched_at": "2025-07-16T01:20:19.943051+00:00", "symbol": "BTC-USD"}, {"trade_id": 850038126, "side": "sell", "size": "0.00023151", "price": "117844.08000000", "time": "2025-07-16T01:19:48.525880Z", "fetched_at": "2025-07-16T01:20:19.943051+00:00", "symbol": "BTC-USD"}, {"trade_id": 850038125, "side": "sell", "size": "0.00001000", "price": "117837.20000000", "time": "2025-07-16T01:19:48.525880Z", "fetched_at": "2025-07-16T01:20:19.943051+00:00", "symbol": "BTC-USD"}, {"trade_id": 850038124, "side": "sell", "size": "0.00002539", "price": "117835.31000000", "time": "2025-07-16T01:19:48.317924Z", "fetched_at": "2025-07-16T01:20:19.943051+00:00", "symbol": "BTC-USD"}, {"trade_id": 850038123, "side": "sell", "size": "0.00009337", "price": "117835.30000000", "time": "2025-07-16T01:19:48.317924Z", "fetched_at": "2025-07-16T01:20:19.943051+00:00", "symbol": "BTC-USD"}, {"trade_id": 850038122, "side": "sell", "size": "0.00001034", "price": "117833.87000000", "time": "2025-07-16T01:19:48.317924Z", "fetched_at": "2025-07-16T01:20:19.943051+00:00", "symbol": "BTC-USD"}, {"trade_id": 850038121, "side": "sell", "size": "0.00016155", "price": "117833.87000000", "time": "2025-07-16T01:19:48.317924Z", "fetched_at": "2025-07-16T01:20:19.943051+00:00", "symbol": "BTC-USD"}, {"trade_id": 850038120, "side": "sell", "size": "0.00000664", "price": "117833.87000000", "time": "2025-07-16T01:19:48.317924Z", "fetched_at": "2025-07-16T01:20:19.943051+00:00", "symbol": "BTC-USD"}, {"trade_id": 850038119, "side": "sell", "size": "0.00000212", "price": "117833.86000000", "time": "2025-07-16T01:19:48.317924Z", "fetched_at": "2025-07-16T01:20:19.943051+00:00", "symbol": "BTC-USD"}, {"trade_id": 850038118, "side": "sell", "size": "0.00002050", "price": "117833.86000000", "time": "2025-07-16T01:19:48.317924Z", "fetched_at": "2025-07-16T01:20:19.943051+00:00", "symbol": "BTC-USD"}, {"trade_id": 850038117, "side": "sell", "size": "0.00001000", "price": "117828.36000000", "time": "2025-07-16T01:19:48.317924Z", "fetched_at": "2025-07-16T01:20:19.943051+00:00", "symbol": "BTC-USD"}, {"trade_id": 850038116, "side": "buy", "size": "0.02472687", "price": "117828.35000000", "time": "2025-07-16T01:19:48.127061Z", "fetched_at": "2025-07-16T01:20:19.943051+00:00", "symbol": "BTC-USD"}, {"trade_id": 850038115, "side": "buy", "size": "0.00805827", "price": "117828.35000000", "time": "2025-07-16T01:19:48.127061Z", "fetched_at": "2025-07-16T01:20:19.943051+00:00", "symbol": "BTC-USD"}, {"trade_id": 850038114, "side": "buy", "size": "0.00042865", "price": "117828.35000000", "time": "2025-07-16T01:19:47.688520Z", "fetched_at": "2025-07-16T01:20:19.943051+00:00", "symbol": "BTC-USD"}, {"trade_id": 850038113, "side": "sell", "size": "0.01400000", "price": "117819.68000000", "time": "2025-07-16T01:19:47.585737Z", "fetched_at": "2025-07-16T01:20:19.943051+00:00", "symbol": "BTC-USD"}, {"trade_id": 850038112, "side": "sell", "size": "0.00848797", "price": "117813.84000000", "time": "2025-07-16T01:19:47.459364Z", "fetched_at": "2025-07-16T01:20:19.943051+00:00", "symbol": "BTC-USD"}, {"trade_id": 850038111, "side": "sell", "size": "0.17019700", "price": "117812.07000000", "time": "2025-07-16T01:19:47.459364Z", "fetched_at": "2025-07-16T01:20:19.943051+00:00", "symbol": "BTC-USD"}, {"trade_id": 850038110, "side": "sell", "size": "0.01234100", "price": "117812.07000000", "time": "2025-07-16T01:19:47.459364Z", "fetched_at": "2025-07-16T01:20:19.943051+00:00", "symbol": "BTC-USD"}, {"trade_id": 850038109, "side": "sell", "size": "0.00040300", "price": "117812.07000000", "time": "2025-07-16T01:19:47.459364Z", "fetched_at": "2025-07-16T01:20:19.943051+00:00", "symbol": "BTC-USD"}, {"trade_id": 850038108, "side": "sell", "size": "0.00824500", "price": "117812.07000000", "time": "2025-07-16T01:19:47.459364Z", "fetched_at": "2025-07-16T01:20:19.943051+00:00", "symbol": "BTC-USD"}, {"trade_id": 850038107, "side": "sell", "size": "0.00189700", "price": "117812.07000000", "time": "2025-07-16T01:19:47.459364Z", "fetched_at": "2025-07-16T01:20:19.943051+00:00", "symbol": "BTC-USD"}, {"trade_id": 850038106, "side": "sell", "size": "0.00012600", "price": "117812.07000000", "time": "2025-07-16T01:19:47.459364Z", "fetched_at": "2025-07-16T01:20:19.943051+00:00", "symbol": "BTC-USD"}, {"trade_id": 850038105, "side": "sell", "size": "0.00074500", "price": "117812.07000000", "time": "2025-07-16T01:19:47.459364Z", "fetched_at": "2025-07-16T01:20:19.943051+00:00", "symbol": "BTC-USD"}, {"trade_id": 850038104, "side": "sell", "size": "0.01918900", "price": "117812.07000000", "time": "2025-07-16T01:19:47.459364Z", "fetched_at": "2025-07-16T01:20:19.943051+00:00", "symbol": "BTC-USD"}, {"trade_id": 850038103, "side": "sell", "size": "0.00021000", "price": "117812.07000000", "time": "2025-07-16T01:19:47.459364Z", "fetched_at": "2025-07-16T01:20:19.943051+00:00", "symbol": "BTC-USD"}, {"trade_id": 850038102, "side": "sell", "size": "0.00082500", "price": "117812.07000000", "time": "2025-07-16T01:19:47.459364Z", "fetched_at": "2025-07-16T01:20:19.943051+00:00", "symbol": "BTC-USD"}, {"trade_id": 850038101, "side": "sell", "size": "0.00003500", "price": "117812.07000000", "time": "2025-07-16T01:19:47.459364Z", "fetched_at": "2025-07-16T01:20:19.943051+00:00", "symbol": "BTC-USD"}, {"trade_id": 850038100, "side": "sell", "size": "0.00110100", "price": "117812.07000000", "time": "2025-07-16T01:19:47.459364Z", "fetched_at": "2025-07-16T01:20:19.943051+00:00", "symbol": "BTC-USD"}, {"trade_id": 850038099, "side": "sell", "size": "0.00075600", "price": "117812.07000000", "time": "2025-07-16T01:19:47.459364Z", "fetched_at": "2025-07-16T01:20:19.943051+00:00", "symbol": "BTC-USD"}, {"trade_id": 850038098, "side": "sell", "size": "0.00110500", "price": "117812.07000000", "time": "2025-07-16T01:19:47.459364Z", "fetched_at": "2025-07-16T01:20:19.943051+00:00", "symbol": "BTC-USD"}, {"trade_id": 850038097, "side": "sell", "size": "0.00016500", "price": "117812.07000000", "time": "2025-07-16T01:19:47.459364Z", "fetched_at": "2025-07-16T01:20:19.943051+00:00", "symbol": "BTC-USD"}, {"trade_id": 850038096, "side": "sell", "size": "0.00189400", "price": "117812.07000000", "time": "2025-07-16T01:19:47.459364Z", "fetched_at": "2025-07-16T01:20:19.943051+00:00", "symbol": "BTC-USD"}, {"trade_id": 850038095, "side": "sell", "size": "0.00247300", "price": "117812.07000000", "time": "2025-07-16T01:19:47.459364Z", "fetched_at": "2025-07-16T01:20:19.943051+00:00", "symbol": "BTC-USD"}, {"trade_id": 850038094, "side": "sell", "size": "0.00041900", "price": "117812.07000000", "time": "2025-07-16T01:19:47.459364Z", "fetched_at": "2025-07-16T01:20:19.943051+00:00", "symbol": "BTC-USD"}, {"trade_id": 850038093, "side": "sell", "size": "0.00021000", "price": "117812.07000000", "time": "2025-07-16T01:19:47.459364Z", "fetched_at": "2025-07-16T01:20:19.943051+00:00", "symbol": "BTC-USD"}, {"trade_id": 850038092, "side": "sell", "size": "0.48560368", "price": "117812.07000000", "time": "2025-07-16T01:19:47.459364Z", "fetched_at": "2025-07-16T01:20:19.943051+00:00", "symbol": "BTC-USD"}, {"trade_id": 850038091, "side": "sell", "size": "0.00003967", "price": "117812.07000000", "time": "2025-07-16T01:19:47.408731Z", "fetched_at": "2025-07-16T01:20:19.943051+00:00", "symbol": "BTC-USD"}, {"trade_id": 850038090, "side": "sell", "size": "0.02522031", "price": "117812.07000000", "time": "2025-07-16T01:19:47.395957Z", "fetched_at": "2025-07-16T01:20:19.943051+00:00", "symbol": "BTC-USD"}, {"trade_id": 850038089, "side": "sell", "size": "0.01984811", "price": "117812.07000000", "time": "2025-07-16T01:19:47.370419Z", "fetched_at": "2025-07-16T01:20:19.943051+00:00", "symbol": "BTC-USD"}, {"trade_id": 850038088, "side": "sell", "size": "0.02124551", "price": "117812.07000000", "time": "2025-07-16T01:19:47.366059Z", "fetched_at": "2025-07-16T01:20:19.943051+00:00", "symbol": "BTC-USD"}, {"trade_id": 850038087, "side": "sell", "size": "0.03079000", "price": "117812.07000000", "time": "2025-07-16T01:19:47.352348Z", "fetched_at": "2025-07-16T01:20:19.943051+00:00", "symbol": "BTC-USD"}, {"trade_id": 850038086, "side": "sell", "size": "0.01114844", "price": "117812.07000000", "time": "2025-07-16T01:19:47.341824Z", "fetched_at": "2025-07-16T01:20:19.943051+00:00", "symbol": "BTC-USD"}, {"trade_id": 850038085, "side": "sell", "size": "0.04786227", "price": "117812.07000000", "time": "2025-07-16T01:19:47.338527Z", "fetched_at": "2025-07-16T01:20:19.943051+00:00", "symbol": "BTC-USD"}, {"trade_id": 850038084, "side": "sell", "size": "0.05047376", "price": "117812.07000000", "time": "2025-07-16T01:19:47.338461Z", "fetched_at": "2025-07-16T01:20:19.943051+00:00", "symbol": "BTC-USD"}, {"trade_id": 850038083, "side": "sell", "size": "0.08543167", "price": "117812.07000000", "time": "2025-07-16T01:19:47.329723Z", "fetched_at": "2025-07-16T01:20:19.943051+00:00", "symbol": "BTC-USD"}, {"trade_id": 850038082, "side": "sell", "size": "0.06973925", "price": "117812.07000000", "time": "2025-07-16T01:19:47.214614Z", "fetched_at": "2025-07-16T01:20:19.943051+00:00", "symbol": "BTC-USD"}, {"trade_id": 850038081, "side": "sell", "size": "0.08879503", "price": "117812.07000000", "time": "2025-07-16T01:19:47.213986Z", "fetched_at": "2025-07-16T01:20:19.943051+00:00", "symbol": "BTC-USD"}, {"trade_id": 850038080, "side": "sell", "size": "0.01166292", "price": "117812.07000000", "time": "2025-07-16T01:19:47.213207Z", "fetched_at": "2025-07-16T01:20:19.943051+00:00", "symbol": "BTC-USD"}, {"trade_id": 850038079, "side": "sell", "size": "0.01221337", "price": "117812.07000000", "time": "2025-07-16T01:19:46.492811Z", "fetched_at": "2025-07-16T01:20:19.943051+00:00", "symbol": "BTC-USD"}, {"trade_id": 850038078, "side": "sell", "size": "0.00012773", "price": "117812.07000000", "time": "2025-07-16T01:19:46.440201Z", "fetched_at": "2025-07-16T01:20:19.943051+00:00", "symbol": "BTC-USD"}, {"trade_id": 850038077, "side": "sell", "size": "0.00040250", "price": "117812.07000000", "time": "2025-07-16T01:19:45.246270Z", "fetched_at": "2025-07-16T01:20:19.943051+00:00", "symbol": "BTC-USD"}, {"trade_id": 850038076, "side": "sell", "size": "0.00824575", "price": "117812.07000000", "time": "2025-07-16T01:19:43.562538Z", "fetched_at": "2025-07-16T01:20:19.943051+00:00", "symbol": "BTC-USD"}, {"trade_id": 850038075, "side": "sell", "size": "0.00189631", "price": "117812.07000000", "time": "2025-07-16T01:19:41.719468Z", "fetched_at": "2025-07-16T01:20:19.943051+00:00", "symbol": "BTC-USD"}, {"trade_id": 850038074, "side": "buy", "size": "0.00149763", "price": "117812.06000000", "time": "2025-07-16T01:19:41.242985Z", "fetched_at": "2025-07-16T01:20:19.943051+00:00", "symbol": "BTC-USD"}, {"trade_id": 850038073, "side": "sell", "size": "0.00012605", "price": "117812.07000000", "time": "2025-07-16T01:19:40.332675Z", "fetched_at": "2025-07-16T01:20:19.943051+00:00", "symbol": "BTC-USD"}, {"trade_id": 850038072, "side": "sell", "size": "0.00074476", "price": "117812.07000000", "time": "2025-07-16T01:19:38.715520Z", "fetched_at": "2025-07-16T01:20:19.943051+00:00", "symbol": "BTC-USD"}, {"trade_id": 850038071, "side": "sell", "size": "0.00658436", "price": "117812.07000000", "time": "2025-07-16T01:19:38.569607Z", "fetched_at": "2025-07-16T01:20:19.943051+00:00", "symbol": "BTC-USD"}, {"trade_id": 850038070, "side": "sell", "size": "0.01260506", "price": "117812.07000000", "time": "2025-07-16T01:19:38.519469Z", "fetched_at": "2025-07-16T01:20:19.943051+00:00", "symbol": "BTC-USD"}, {"trade_id": 850038069, "side": "sell", "size": "0.00021007", "price": "117812.07000000", "time": "2025-07-16T01:19:38.016310Z", "fetched_at": "2025-07-16T01:20:19.943051+00:00", "symbol": "BTC-USD"}, {"trade_id": 850038068, "side": "sell", "size": "0.00082481", "price": "117812.07000000", "time": "2025-07-16T01:19:37.064574Z", "fetched_at": "2025-07-16T01:20:19.943051+00:00", "symbol": "BTC-USD"}, {"trade_id": 850038067, "side": "sell", "size": "0.00003522", "price": "117812.07000000", "time": "2025-07-16T01:19:36.797446Z", "fetched_at": "2025-07-16T01:20:19.943051+00:00", "symbol": "BTC-USD"}, {"trade_id": 850038066, "side": "sell", "size": "0.00110085", "price": "117812.07000000", "time": "2025-07-16T01:19:36.462046Z", "fetched_at": "2025-07-16T01:20:19.943051+00:00", "symbol": "BTC-USD"}, {"trade_id": 850038065, "side": "sell", "size": "0.00075629", "price": "117812.07000000", "time": "2025-07-16T01:19:35.790756Z", "fetched_at": "2025-07-16T01:20:19.943051+00:00", "symbol": "BTC-USD"}, {"trade_id": 850038064, "side": "sell", "size": "0.00110472", "price": "117812.07000000", "time": "2025-07-16T01:19:35.552622Z", "fetched_at": "2025-07-16T01:20:19.943051+00:00", "symbol": "BTC-USD"}, {"trade_id": 850038063, "side": "sell", "size": "0.00016496", "price": "117812.07000000", "time": "2025-07-16T01:19:35.130212Z", "fetched_at": "2025-07-16T01:20:19.943051+00:00", "symbol": "BTC-USD"}, {"trade_id": 850038062, "side": "sell", "size": "0.00040209", "price": "117812.07000000", "time": "2025-07-16T01:19:34.996047Z", "fetched_at": "2025-07-16T01:20:19.943051+00:00", "symbol": "BTC-USD"}, {"trade_id": 850038061, "side": "sell", "size": "0.00041243", "price": "117812.07000000", "time": "2025-07-16T01:19:34.933943Z", "fetched_at": "2025-07-16T01:20:19.943051+00:00", "symbol": "BTC-USD"}, {"trade_id": 850038060, "side": "sell", "size": "0.00107942", "price": "117812.07000000", "time": "2025-07-16T01:19:34.913577Z", "fetched_at": "2025-07-16T01:20:19.943051+00:00", "symbol": "BTC-USD"}, {"trade_id": 850038059, "side": "sell", "size": "0.00247274", "price": "117812.07000000", "time": "2025-07-16T01:19:34.304288Z", "fetched_at": "2025-07-16T01:20:19.943051+00:00", "symbol": "BTC-USD"}, {"trade_id": 850038058, "side": "sell", "size": "0.00041931", "price": "117812.07000000", "time": "2025-07-16T01:19:33.705267Z", "fetched_at": "2025-07-16T01:20:19.943051+00:00", "symbol": "BTC-USD"}, {"trade_id": 850038057, "side": "sell", "size": "0.00021058", "price": "117812.07000000", "time": "2025-07-16T01:19:33.513804Z", "fetched_at": "2025-07-16T01:20:19.943051+00:00", "symbol": "BTC-USD"}, {"trade_id": 850038056, "side": "buy", "size": "0.00534519", "price": "117802.10000000", "time": "2025-07-16T01:19:30.740835Z", "fetched_at": "2025-07-16T01:20:19.943051+00:00", "symbol": "BTC-USD"}, {"trade_id": 850038055, "side": "buy", "size": "0.00000900", "price": "117803.86000000", "time": "2025-07-16T01:19:30.740835Z", "fetched_at": "2025-07-16T01:20:19.943051+00:00", "symbol": "BTC-USD"}, {"trade_id": 850038054, "side": "buy", "size": "0.00211000", "price": "117803.86000000", "time": "2025-07-16T01:19:30.740835Z", "fetched_at": "2025-07-16T01:20:19.943051+00:00", "symbol": "BTC-USD"}, {"trade_id": 850038053, "side": "buy", "size": "0.00019761", "price": "117803.87000000", "time": "2025-07-16T01:19:30.740835Z", "fetched_at": "2025-07-16T01:20:19.943051+00:00", "symbol": "BTC-USD"}, {"trade_id": 850038052, "side": "buy", "size": "0.00000356", "price": "117803.87000000", "time": "2025-07-16T01:19:30.740835Z", "fetched_at": "2025-07-16T01:20:19.943051+00:00", "symbol": "BTC-USD"}, {"trade_id": 850038051, "side": "buy", "size": "0.00208005", "price": "117803.87000000", "time": "2025-07-16T01:19:30.740835Z", "fetched_at": "2025-07-16T01:20:19.943051+00:00", "symbol": "BTC-USD"}, {"trade_id": 850038050, "side": "buy", "size": "0.00059337", "price": "117803.87000000", "time": "2025-07-16T01:19:30.584413Z", "fetched_at": "2025-07-16T01:20:19.943051+00:00", "symbol": "BTC-USD"}, {"trade_id": 850038049, "side": "sell", "size": "0.00001570", "price": "117810.00000000", "time": "2025-07-16T01:19:30.482941Z", "fetched_at": "2025-07-16T01:20:19.943051+00:00", "symbol": "BTC-USD"}, {"trade_id": 850038048, "side": "buy", "size": "0.00009184", "price": "117803.87000000", "time": "2025-07-16T01:19:30.334859Z", "fetched_at": "2025-07-16T01:20:19.943051+00:00", "symbol": "BTC-USD"}, {"trade_id": 850038047, "side": "buy", "size": "0.00055424", "price": "117803.87000000", "time": "2025-07-16T01:19:30.214134Z", "fetched_at": "2025-07-16T01:20:19.943051+00:00", "symbol": "BTC-USD"}, {"trade_id": 850038046, "side": "buy", "size": "0.00061903", "price": "117803.87000000", "time": "2025-07-16T01:19:29.945985Z", "fetched_at": "2025-07-16T01:20:19.943051+00:00", "symbol": "BTC-USD"}, {"trade_id": 850038045, "side": "buy", "size": "0.00302043", "price": "117806.86000000", "time": "2025-07-16T01:19:29.366079Z", "fetched_at": "2025-07-16T01:20:19.943051+00:00", "symbol": "BTC-USD"}, {"trade_id": 850038044, "side": "buy", "size": "0.00005458", "price": "117806.91000000", "time": "2025-07-16T01:19:29.366079Z", "fetched_at": "2025-07-16T01:20:19.943051+00:00", "symbol": "BTC-USD"}, {"trade_id": 850038043, "side": "buy", "size": "0.00044000", "price": "117808.62000000", "time": "2025-07-16T01:19:29.366079Z", "fetched_at": "2025-07-16T01:20:19.943051+00:00", "symbol": "BTC-USD"}, {"trade_id": 850038042, "side": "buy", "size": "0.00000118", "price": "117808.63000000", "time": "2025-07-16T01:19:29.366079Z", "fetched_at": "2025-07-16T01:20:19.943051+00:00", "symbol": "BTC-USD"}, {"trade_id": 850038041, "side": "buy", "size": "0.00497229", "price": "117808.63000000", "time": "2025-07-16T01:19:29.366079Z", "fetched_at": "2025-07-16T01:20:19.943051+00:00", "symbol": "BTC-USD"}, {"trade_id": 850038040, "side": "buy", "size": "0.00002771", "price": "117808.63000000", "time": "2025-07-16T01:19:29.340472Z", "fetched_at": "2025-07-16T01:20:19.943051+00:00", "symbol": "BTC-USD"}, {"trade_id": 850038039, "side": "buy", "size": "0.00001000", "price": "117810.68000000", "time": "2025-07-16T01:19:28.684631Z", "fetched_at": "2025-07-16T01:20:19.943051+00:00", "symbol": "BTC-USD"}, {"trade_id": 850038038, "side": "buy", "size": "0.00002100", "price": "117812.05000000", "time": "2025-07-16T01:19:28.684631Z", "fetched_at": "2025-07-16T01:20:19.943051+00:00", "symbol": "BTC-USD"}, {"trade_id": 850038037, "side": "buy", "size": "0.00000900", "price": "117812.05000000", "time": "2025-07-16T01:19:28.684631Z", "fetched_at": "2025-07-16T01:20:19.943051+00:00", "symbol": "BTC-USD"}, {"trade_id": 850038036, "side": "buy", "size": "0.00408000", "price": "117812.05000000", "time": "2025-07-16T01:19:28.684631Z", "fetched_at": "2025-07-16T01:20:19.943051+00:00", "symbol": "BTC-USD"}, {"trade_id": 850038035, "side": "buy", "size": "0.00000704", "price": "117812.06000000", "time": "2025-07-16T01:19:28.684631Z", "fetched_at": "2025-07-16T01:20:19.943051+00:00", "symbol": "BTC-USD"}, {"trade_id": 850038034, "side": "buy", "size": "0.00000594", "price": "117812.06000000", "time": "2025-07-16T01:19:28.684631Z", "fetched_at": "2025-07-16T01:20:19.943051+00:00", "symbol": "BTC-USD"}, {"trade_id": 850038033, "side": "buy", "size": "0.02411443", "price": "117812.06000000", "time": "2025-07-16T01:19:28.684631Z", "fetched_at": "2025-07-16T01:20:19.943051+00:00", "symbol": "BTC-USD"}, {"trade_id": 850038032, "side": "buy", "size": "0.00033950", "price": "117812.06000000", "time": "2025-07-16T01:19:28.658268Z", "fetched_at": "2025-07-16T01:20:19.943051+00:00", "symbol": "BTC-USD"}, {"trade_id": 850038031, "side": "buy", "size": "0.00018565", "price": "117812.06000000", "time": "2025-07-16T01:19:28.515146Z", "fetched_at": "2025-07-16T01:20:19.943051+00:00", "symbol": "BTC-USD"}, {"trade_id": 850038030, "side": "sell", "size": "0.00260000", "price": "117812.07000000", "time": "2025-07-16T01:19:27.881693Z", "fetched_at": "2025-07-16T01:20:19.943051+00:00", "symbol": "BTC-USD"}, {"trade_id": 850038029, "side": "sell", "size": "0.00167751", "price": "117812.07000000", "time": "2025-07-16T01:19:27.144189Z", "fetched_at": "2025-07-16T01:20:19.943051+00:00", "symbol": "BTC-USD"}, {"trade_id": 850038028, "side": "sell", "size": "0.00000096", "price": "117812.07000000", "time": "2025-07-16T01:19:26.809252Z", "fetched_at": "2025-07-16T01:20:19.943051+00:00", "symbol": "BTC-USD"}, {"trade_id": 850038027, "side": "sell", "size": "0.00101419", "price": "117812.07000000", "time": "2025-07-16T01:19:26.633206Z", "fetched_at": "2025-07-16T01:20:19.943051+00:00", "symbol": "BTC-USD"}, {"trade_id": 850038026, "side": "buy", "size": "0.00001699", "price": "117812.06000000", "time": "2025-07-16T01:19:26.621614Z", "fetched_at": "2025-07-16T01:20:19.943051+00:00", "symbol": "BTC-USD"}, {"trade_id": 850038025, "side": "sell", "size": "0.00024450", "price": "117812.07000000", "time": "2025-07-16T01:19:26.277814Z", "fetched_at": "2025-07-16T01:20:19.943051+00:00", "symbol": "BTC-USD"}, {"trade_id": 850038024, "side": "sell", "size": "0.00040177", "price": "117812.07000000", "time": "2025-07-16T01:19:26.065565Z", "fetched_at": "2025-07-16T01:20:19.943051+00:00", "symbol": "BTC-USD"}, {"trade_id": 850038023, "side": "buy", "size": "0.00025454", "price": "117812.06000000", "time": "2025-07-16T01:19:25.413730Z", "fetched_at": "2025-07-16T01:20:19.943051+00:00", "symbol": "BTC-USD"}, {"trade_id": 850038022, "side": "buy", "size": "0.00008714", "price": "117812.06000000", "time": "2025-07-16T01:19:25.149508Z", "fetched_at": "2025-07-16T01:20:19.943051+00:00", "symbol": "BTC-USD"}, {"trade_id": 850038021, "side": "buy", "size": "0.00000118", "price": "117815.73000000", "time": "2025-07-16T01:19:25.149508Z", "fetched_at": "2025-07-16T01:20:19.943051+00:00", "symbol": "BTC-USD"}, {"trade_id": 850038020, "side": "sell", "size": "0.00006700", "price": "117815.74000000", "time": "2025-07-16T01:19:25.008042Z", "fetched_at": "2025-07-16T01:20:19.943051+00:00", "symbol": "BTC-USD"}, {"trade_id": 850038019, "side": "buy", "size": "0.00000900", "price": "117818.86000000", "time": "2025-07-16T01:19:24.853067Z", "fetched_at": "2025-07-16T01:20:19.943051+00:00", "symbol": "BTC-USD"}, {"trade_id": 850038018, "side": "buy", "size": "0.00316786", "price": "117818.86000000", "time": "2025-07-16T01:19:24.853067Z", "fetched_at": "2025-07-16T01:20:19.943051+00:00", "symbol": "BTC-USD"}, {"trade_id": 850038017, "side": "buy", "size": "0.00635614", "price": "117818.86000000", "time": "2025-07-16T01:19:24.503817Z", "fetched_at": "2025-07-16T01:20:19.943051+00:00", "symbol": "BTC-USD"}, {"trade_id": 850038016, "side": "buy", "size": "0.00009395", "price": "117818.87000000", "time": "2025-07-16T01:19:24.503817Z", "fetched_at": "2025-07-16T01:20:19.943051+00:00", "symbol": "BTC-USD"}, {"trade_id": 850038015, "side": "buy", "size": "0.00000347", "price": "117818.87000000", "time": "2025-07-16T01:19:24.503817Z", "fetched_at": "2025-07-16T01:20:19.943051+00:00", "symbol": "BTC-USD"}, {"trade_id": 850038014, "side": "buy", "size": "0.01367690", "price": "117818.87000000", "time": "2025-07-16T01:19:24.503817Z", "fetched_at": "2025-07-16T01:20:19.943051+00:00", "symbol": "BTC-USD"}, {"trade_id": 850038013, "side": "sell", "size": "0.00000047", "price": "117818.88000000", "time": "2025-07-16T01:19:24.176946Z", "fetched_at": "2025-07-16T01:20:19.943051+00:00", "symbol": "BTC-USD"}, {"trade_id": 850038012, "side": "buy", "size": "0.00255145", "price": "117818.87000000", "time": "2025-07-16T01:19:24.006322Z", "fetched_at": "2025-07-16T01:20:19.943051+00:00", "symbol": "BTC-USD"}, {"trade_id": 850038011, "side": "buy", "size": "0.00248955", "price": "117818.87000000", "time": "2025-07-16T01:19:23.344314Z", "fetched_at": "2025-07-16T01:20:19.943051+00:00", "symbol": "BTC-USD"}, {"trade_id": 850038010, "side": "buy", "size": "0.00012534", "price": "117818.87000000", "time": "2025-07-16T01:19:23.344314Z", "fetched_at": "2025-07-16T01:20:19.943051+00:00", "symbol": "BTC-USD"}, {"trade_id": 850038009, "side": "sell", "size": "0.00001470", "price": "117820.31000000", "time": "2025-07-16T01:19:23.022906Z", "fetched_at": "2025-07-16T01:20:19.943051+00:00", "symbol": "BTC-USD"}, {"trade_id": 850038008, "side": "sell", "size": "0.00083239", "price": "117820.49000000", "time": "2025-07-16T01:19:22.803451Z", "fetched_at": "2025-07-16T01:20:19.943051+00:00", "symbol": "BTC-USD"}, {"trade_id": 850038007, "side": "sell", "size": "0.00009336", "price": "117818.88000000", "time": "2025-07-16T01:19:22.803451Z", "fetched_at": "2025-07-16T01:20:19.943051+00:00", "symbol": "BTC-USD"}, {"trade_id": 850038006, "side": "sell", "size": "0.00008049", "price": "117818.88000000", "time": "2025-07-16T01:19:20.702432Z", "fetched_at": "2025-07-16T01:20:19.943051+00:00", "symbol": "BTC-USD"}, {"trade_id": 850038005, "side": "buy", "size": "0.00003551", "price": "117818.87000000", "time": "2025-07-16T01:19:20.093128Z", "fetched_at": "2025-07-16T01:20:19.943051+00:00", "symbol": "BTC-USD"}, {"trade_id": 850038004, "side": "buy", "size": "0.00057858", "price": "117818.87000000", "time": "2025-07-16T01:19:19.861114Z", "fetched_at": "2025-07-16T01:20:19.943051+00:00", "symbol": "BTC-USD"}, {"trade_id": 850038003, "side": "sell", "size": "0.00000008", "price": "117818.88000000", "time": "2025-07-16T01:19:18.802974Z", "fetched_at": "2025-07-16T01:20:19.943051+00:00", "symbol": "BTC-USD"}, {"trade_id": 850038002, "side": "sell", "size": "0.00000169", "price": "117818.88000000", "time": "2025-07-16T01:19:18.786527Z", "fetched_at": "2025-07-16T01:20:19.943051+00:00", "symbol": "BTC-USD"}, {"trade_id": 850038001, "side": "sell", "size": "0.00419959", "price": "117818.88000000", "time": "2025-07-16T01:19:18.768928Z", "fetched_at": "2025-07-16T01:20:19.943051+00:00", "symbol": "BTC-USD"}, {"trade_id": 850038000, "side": "buy", "size": "0.00016935", "price": "117818.87000000", "time": "2025-07-16T01:19:18.450013Z", "fetched_at": "2025-07-16T01:20:19.943051+00:00", "symbol": "BTC-USD"}, {"trade_id": 850037999, "side": "sell", "size": "0.00747301", "price": "117818.88000000", "time": "2025-07-16T01:19:17.986853Z", "fetched_at": "2025-07-16T01:20:19.943051+00:00", "symbol": "BTC-USD"}, {"trade_id": 850037998, "side": "sell", "size": "0.00022137", "price": "117818.88000000", "time": "2025-07-16T01:19:17.961474Z", "fetched_at": "2025-07-16T01:20:19.943051+00:00", "symbol": "BTC-USD"}, {"trade_id": 850037997, "side": "sell", "size": "0.00659800", "price": "117818.88000000", "time": "2025-07-16T01:19:17.275965Z", "fetched_at": "2025-07-16T01:20:19.943051+00:00", "symbol": "BTC-USD"}, {"trade_id": 850037996, "side": "sell", "size": "0.00835630", "price": "117818.88000000", "time": "2025-07-16T01:19:17.039498Z", "fetched_at": "2025-07-16T01:20:19.943051+00:00", "symbol": "BTC-USD"}, {"trade_id": 850037995, "side": "buy", "size": "0.00128590", "price": "117818.87000000", "time": "2025-07-16T01:19:16.661530Z", "fetched_at": "2025-07-16T01:20:19.943051+00:00", "symbol": "BTC-USD"}, {"trade_id": 850037994, "side": "buy", "size": "0.00848665", "price": "117832.08000000", "time": "2025-07-16T01:19:16.544925Z", "fetched_at": "2025-07-16T01:20:19.943051+00:00", "symbol": "BTC-USD"}, {"trade_id": 850037993, "side": "buy", "size": "0.00808234", "price": "117832.09000000", "time": "2025-07-16T01:19:16.544925Z", "fetched_at": "2025-07-16T01:20:19.943051+00:00", "symbol": "BTC-USD"}, {"trade_id": 850037992, "side": "buy", "size": "0.00000195", "price": "117832.09000000", "time": "2025-07-16T01:19:16.544925Z", "fetched_at": "2025-07-16T01:20:19.943051+00:00", "symbol": "BTC-USD"}, {"trade_id": 850037991, "side": "buy", "size": "0.00000900", "price": "117833.84000000", "time": "2025-07-16T01:19:16.544709Z", "fetched_at": "2025-07-16T01:20:19.943051+00:00", "symbol": "BTC-USD"}, {"trade_id": 850037990, "side": "buy", "size": "0.00369000", "price": "117833.84000000", "time": "2025-07-16T01:19:16.544709Z", "fetched_at": "2025-07-16T01:20:19.943051+00:00", "symbol": "BTC-USD"}, {"trade_id": 850037989, "side": "buy", "size": "0.00103000", "price": "117833.84000000", "time": "2025-07-16T01:19:16.544709Z", "fetched_at": "2025-07-16T01:20:19.943051+00:00", "symbol": "BTC-USD"}, {"trade_id": 850037988, "side": "buy", "size": "0.00002196", "price": "117833.85000000", "time": "2025-07-16T01:19:16.544709Z", "fetched_at": "2025-07-16T01:20:19.943051+00:00", "symbol": "BTC-USD"}, {"trade_id": 850037987, "side": "buy", "size": "0.00000568", "price": "117833.85000000", "time": "2025-07-16T01:19:16.544709Z", "fetched_at": "2025-07-16T01:20:19.943051+00:00", "symbol": "BTC-USD"}, {"trade_id": 850037986, "side": "buy", "size": "0.02541728", "price": "117833.85000000", "time": "2025-07-16T01:19:16.544709Z", "fetched_at": "2025-07-16T01:20:19.943051+00:00", "symbol": "BTC-USD"}, {"trade_id": 850037985, "side": "sell", "size": "0.00040248", "price": "117833.86000000", "time": "2025-07-16T01:19:15.812618Z", "fetched_at": "2025-07-16T01:20:19.943051+00:00", "symbol": "BTC-USD"}, {"trade_id": 850037984, "side": "buy", "size": "0.00004658", "price": "117833.85000000", "time": "2025-07-16T01:19:14.430108Z", "fetched_at": "2025-07-16T01:20:19.943051+00:00", "symbol": "BTC-USD"}, {"trade_id": 850037983, "side": "buy", "size": "0.00281114", "price": "117833.85000000", "time": "2025-07-16T01:19:14.303105Z", "fetched_at": "2025-07-16T01:20:19.943051+00:00", "symbol": "BTC-USD"}, {"trade_id": 850037982, "side": "buy", "size": "0.00009538", "price": "117833.86000000", "time": "2025-07-16T01:19:14.303105Z", "fetched_at": "2025-07-16T01:20:19.943051+00:00", "symbol": "BTC-USD"}, {"trade_id": 850037981, "side": "sell", "size": "0.00000727", "price": "117833.87000000", "time": "2025-07-16T01:19:13.852782Z", "fetched_at": "2025-07-16T01:20:19.943051+00:00", "symbol": "BTC-USD"}, {"trade_id": 850037980, "side": "buy", "size": "0.00003685", "price": "117833.86000000", "time": "2025-07-16T01:19:12.510520Z", "fetched_at": "2025-07-16T01:20:19.943051+00:00", "symbol": "BTC-USD"}, {"trade_id": 850037979, "side": "sell", "size": "0.00122730", "price": "117837.34000000", "time": "2025-07-16T01:19:12.478393Z", "fetched_at": "2025-07-16T01:20:19.943051+00:00", "symbol": "BTC-USD"}, {"trade_id": 850037978, "side": "sell", "size": "0.00001000", "price": "117837.20000000", "time": "2025-07-16T01:19:12.478393Z", "fetched_at": "2025-07-16T01:20:19.943051+00:00", "symbol": "BTC-USD"}, {"trade_id": 850037977, "side": "sell", "size": "0.00056771", "price": "117833.87000000", "time": "2025-07-16T01:19:12.425031Z", "fetched_at": "2025-07-16T01:20:19.943051+00:00", "symbol": "BTC-USD"}, {"trade_id": 850037976, "side": "sell", "size": "0.00016155", "price": "117832.10000000", "time": "2025-07-16T01:19:12.425031Z", "fetched_at": "2025-07-16T01:20:19.943051+00:00", "symbol": "BTC-USD"}, {"trade_id": 850037975, "side": "sell", "size": "0.00000212", "price": "117832.10000000", "time": "2025-07-16T01:19:12.425031Z", "fetched_at": "2025-07-16T01:20:19.943051+00:00", "symbol": "BTC-USD"}, {"trade_id": 850037974, "side": "sell", "size": "0.00009337", "price": "117832.10000000", "time": "2025-07-16T01:19:12.425031Z", "fetched_at": "2025-07-16T01:20:19.943051+00:00", "symbol": "BTC-USD"}, {"trade_id": 850037973, "side": "buy", "size": "0.00014218", "price": "117832.10000000", "time": "2025-07-16T01:19:10.893155Z", "fetched_at": "2025-07-16T01:20:19.943051+00:00", "symbol": "BTC-USD"}, {"trade_id": 850037972, "side": "buy", "size": "0.00001909", "price": "117832.10000000", "time": "2025-07-16T01:19:10.893155Z", "fetched_at": "2025-07-16T01:20:19.943051+00:00", "symbol": "BTC-USD"}, {"trade_id": 850037971, "side": "sell", "size": "0.00012269", "price": "117828.71000000", "time": "2025-07-16T01:19:10.573122Z", "fetched_at": "2025-07-16T01:20:19.943051+00:00", "symbol": "BTC-USD"}, {"trade_id": 850037970, "side": "sell", "size": "0.00029741", "price": "117826.94000000", "time": "2025-07-16T01:19:10.573122Z", "fetched_at": "2025-07-16T01:20:19.943051+00:00", "symbol": "BTC-USD"}, {"trade_id": 850037969, "side": "sell", "size": "0.00000664", "price": "117822.71000000", "time": "2025-07-16T01:19:09.847331Z", "fetched_at": "2025-07-16T01:20:19.943051+00:00", "symbol": "BTC-USD"}, {"trade_id": 850037968, "side": "sell", "size": "0.00424396", "price": "117822.41000000", "time": "2025-07-16T01:19:09.847331Z", "fetched_at": "2025-07-16T01:20:19.943051+00:00", "symbol": "BTC-USD"}, {"trade_id": 850037967, "side": "sell", "size": "0.00848753", "price": "117819.94000000", "time": "2025-07-16T01:19:09.841316Z", "fetched_at": "2025-07-16T01:20:19.943051+00:00", "symbol": "BTC-USD"}, {"trade_id": 850037966, "side": "sell", "size": "0.00001034", "price": "117818.17000000", "time": "2025-07-16T01:19:09.825723Z", "fetched_at": "2025-07-16T01:20:19.943051+00:00", "symbol": "BTC-USD"}, {"trade_id": 850037965, "side": "sell", "size": "0.00806753", "price": "117818.17000000", "time": "2025-07-16T01:19:09.825723Z", "fetched_at": "2025-07-16T01:20:19.943051+00:00", "symbol": "BTC-USD"}, {"trade_id": 850037964, "side": "buy", "size": "0.00017121", "price": "117816.57000000", "time": "2025-07-16T01:19:09.680707Z", "fetched_at": "2025-07-16T01:20:19.943051+00:00", "symbol": "BTC-USD"}, {"trade_id": 850037963, "side": "sell", "size": "0.00042012", "price": "117818.17000000", "time": "2025-07-16T01:19:08.845946Z", "fetched_at": "2025-07-16T01:20:19.943051+00:00", "symbol": "BTC-USD"}, {"trade_id": 850037962, "side": "buy", "size": "0.00042437", "price": "117816.57000000", "time": "2025-07-16T01:19:08.256756Z", "fetched_at": "2025-07-16T01:20:19.943051+00:00", "symbol": "BTC-USD"}, {"trade_id": 850037961, "side": "buy", "size": "0.00004673", "price": "117816.57000000", "time": "2025-07-16T01:19:07.629718Z", "fetched_at": "2025-07-16T01:20:19.943051+00:00", "symbol": "BTC-USD"}, {"trade_id": 850037960, "side": "sell", "size": "0.00084022", "price": "117822.71000000", "time": "2025-07-16T01:19:07.113260Z", "fetched_at": "2025-07-16T01:20:19.943051+00:00", "symbol": "BTC-USD"}, {"trade_id": 850037959, "side": "sell", "size": "0.00031073", "price": "117827.18000000", "time": "2025-07-16T01:19:06.513247Z", "fetched_at": "2025-07-16T01:20:19.943051+00:00", "symbol": "BTC-USD"}, {"trade_id": 850037958, "side": "sell", "size": "0.00009336", "price": "117827.17000000", "time": "2025-07-16T01:19:06.513247Z", "fetched_at": "2025-07-16T01:20:19.943051+00:00", "symbol": "BTC-USD"}, {"trade_id": 850037957, "side": "sell", "size": "0.00008959", "price": "117827.06000000", "time": "2025-07-16T01:19:06.513247Z", "fetched_at": "2025-07-16T01:20:19.943051+00:00", "symbol": "BTC-USD"}, {"trade_id": 850037956, "side": "sell", "size": "0.00000314", "price": "117826.94000000", "time": "2025-07-16T01:19:06.513247Z", "fetched_at": "2025-07-16T01:20:19.943051+00:00", "symbol": "BTC-USD"}, {"trade_id": 850037955, "side": "sell", "size": "0.00001033", "price": "117826.94000000", "time": "2025-07-16T01:19:06.513247Z", "fetched_at": "2025-07-16T01:20:19.943051+00:00", "symbol": "BTC-USD"}, {"trade_id": 850037954, "side": "sell", "size": "0.00098969", "price": "117826.92000000", "time": "2025-07-16T01:19:06.230707Z", "fetched_at": "2025-07-16T01:20:19.943051+00:00", "symbol": "BTC-USD"}, {"trade_id": 850037953, "side": "buy", "size": "0.00035012", "price": "117816.54000000", "time": "2025-07-16T01:19:05.394759Z", "fetched_at": "2025-07-16T01:20:19.943051+00:00", "symbol": "BTC-USD"}, {"trade_id": 850037952, "side": "sell", "size": "0.00041243", "price": "117826.70000000", "time": "2025-07-16T01:19:05.251560Z", "fetched_at": "2025-07-16T01:20:19.943051+00:00", "symbol": "BTC-USD"}, {"trade_id": 850037951, "side": "sell", "size": "0.00012226", "price": "117826.75000000", "time": "2025-07-16T01:19:04.959694Z", "fetched_at": "2025-07-16T01:20:19.943051+00:00", "symbol": "BTC-USD"}, {"trade_id": 850037950, "side": "sell", "size": "0.00050900", "price": "117826.73000000", "time": "2025-07-16T01:19:04.959694Z", "fetched_at": "2025-07-16T01:20:19.943051+00:00", "symbol": "BTC-USD"}, {"trade_id": 850037949, "side": "sell", "size": "0.00009336", "price": "117826.72000000", "time": "2025-07-16T01:19:04.959694Z", "fetched_at": "2025-07-16T01:20:19.943051+00:00", "symbol": "BTC-USD"}, {"trade_id": 850037948, "side": "buy", "size": "0.00003134", "price": "117816.52000000", "time": "2025-07-16T01:19:04.706206Z", "fetched_at": "2025-07-16T01:20:19.943051+00:00", "symbol": "BTC-USD"}, {"trade_id": 850037947, "side": "buy", "size": "0.00288998", "price": "117816.50000000", "time": "2025-07-16T01:19:04.249393Z", "fetched_at": "2025-07-16T01:20:19.943051+00:00", "symbol": "BTC-USD"}, {"trade_id": 850037946, "side": "buy", "size": "0.00050900", "price": "117816.50000000", "time": "2025-07-16T01:19:04.249393Z", "fetched_at": "2025-07-16T01:20:19.943051+00:00", "symbol": "BTC-USD"}, {"trade_id": 850037945, "side": "buy", "size": "0.00848700", "price": "117816.50000000", "time": "2025-07-16T01:19:04.249393Z", "fetched_at": "2025-07-16T01:20:19.943051+00:00", "symbol": "BTC-USD"}, {"trade_id": 850037944, "side": "buy", "size": "0.02206617", "price": "117816.50000000", "time": "2025-07-16T01:19:04.249393Z", "fetched_at": "2025-07-16T01:20:19.943051+00:00", "symbol": "BTC-USD"}, {"trade_id": 850037943, "side": "sell", "size": "0.00010013", "price": "117827.06000000", "time": "2025-07-16T01:19:03.616808Z", "fetched_at": "2025-07-16T01:20:19.943051+00:00", "symbol": "BTC-USD"}, {"trade_id": 850037942, "side": "sell", "size": "0.00009336", "price": "117827.05000000", "time": "2025-07-16T01:19:03.616808Z", "fetched_at": "2025-07-16T01:20:19.943051+00:00", "symbol": "BTC-USD"}, {"trade_id": 850037941, "side": "sell", "size": "0.00000664", "price": "117824.11000000", "time": "2025-07-16T01:19:03.616808Z", "fetched_at": "2025-07-16T01:20:19.943051+00:00", "symbol": "BTC-USD"}, {"trade_id": 850037940, "side": "sell", "size": "0.00000110", "price": "117824.11000000", "time": "2025-07-16T01:19:03.616808Z", "fetched_at": "2025-07-16T01:20:19.943051+00:00", "symbol": "BTC-USD"}, {"trade_id": 850037939, "side": "sell", "size": "0.00123731", "price": "117821.97000000", "time": "2025-07-16T01:19:02.655497Z", "fetched_at": "2025-07-16T01:20:19.943051+00:00", "symbol": "BTC-USD"}, {"trade_id": 850037938, "side": "sell", "size": "0.00008193", "price": "117821.71000000", "time": "2025-07-16T01:19:02.481425Z", "fetched_at": "2025-07-16T01:20:19.943051+00:00", "symbol": "BTC-USD"}, {"trade_id": 850037937, "side": "sell", "size": "0.00082486", "price": "117821.71000000", "time": "2025-07-16T01:19:02.418920Z", "fetched_at": "2025-07-16T01:20:19.943051+00:00", "symbol": "BTC-USD"}, {"trade_id": 850037936, "side": "buy", "size": "0.00003054", "price": "117816.44000000", "time": "2025-07-16T01:19:01.466060Z", "fetched_at": "2025-07-16T01:20:19.943051+00:00", "symbol": "BTC-USD"}, {"trade_id": 850037935, "side": "sell", "size": "0.00023252", "price": "117821.77000000", "time": "2025-07-16T01:19:01.452992Z", "fetched_at": "2025-07-16T01:20:19.943051+00:00", "symbol": "BTC-USD"}, {"trade_id": 850037934, "side": "sell", "size": "0.00004202", "price": "117821.77000000", "time": "2025-07-16T01:19:01.325023Z", "fetched_at": "2025-07-16T01:20:19.943051+00:00", "symbol": "BTC-USD"}, {"trade_id": 850037933, "side": "buy", "size": "0.00064294", "price": "117816.44000000", "time": "2025-07-16T01:19:01.114123Z", "fetched_at": "2025-07-16T01:20:19.943051+00:00", "symbol": "BTC-USD"}, {"trade_id": 850037932, "side": "sell", "size": "0.00061866", "price": "117821.77000000", "time": "2025-07-16T01:19:00.841286Z", "fetched_at": "2025-07-16T01:20:19.943051+00:00", "symbol": "BTC-USD"}, {"trade_id": 850037931, "side": "sell", "size": "0.00016496", "price": "117821.77000000", "time": "2025-07-16T01:19:00.840192Z", "fetched_at": "2025-07-16T01:20:19.943051+00:00", "symbol": "BTC-USD"}, {"trade_id": 850037930, "side": "sell", "size": "0.00001049", "price": "117821.77000000", "time": "2025-07-16T01:19:00.683406Z", "fetched_at": "2025-07-16T01:20:19.943051+00:00", "symbol": "BTC-USD"}, {"trade_id": 850037929, "side": "sell", "size": "0.00428577", "price": "117824.10000000", "time": "2025-07-16T01:19:00.439805Z", "fetched_at": "2025-07-16T01:20:19.943051+00:00", "symbol": "BTC-USD"}, {"trade_id": 850037928, "side": "sell", "size": "0.00020621", "price": "117824.10000000", "time": "2025-07-16T01:19:00.271722Z", "fetched_at": "2025-07-16T01:20:19.943051+00:00", "symbol": "BTC-USD"}, {"trade_id": 850037927, "side": "sell", "size": "0.00040251", "price": "117824.10000000", "time": "2025-07-16T01:19:00.236607Z", "fetched_at": "2025-07-16T01:20:19.943051+00:00", "symbol": "BTC-USD"}, {"trade_id": 850037926, "side": "buy", "size": "0.00068000", "price": "117824.10000000", "time": "2025-07-16T01:18:59.919057Z", "fetched_at": "2025-07-16T01:20:19.943051+00:00", "symbol": "BTC-USD"}, {"trade_id": 850037925, "side": "sell", "size": "0.00197015", "price": "117826.39000000", "time": "2025-07-16T01:18:59.053998Z", "fetched_at": "2025-07-16T01:20:19.943051+00:00", "symbol": "BTC-USD"}, {"trade_id": 850037924, "side": "sell", "size": "0.00000220", "price": "117824.31000000", "time": "2025-07-16T01:18:59.053998Z", "fetched_at": "2025-07-16T01:20:19.943051+00:00", "symbol": "BTC-USD"}, {"trade_id": 850037923, "side": "sell", "size": "0.00001034", "price": "117824.11000000", "time": "2025-07-16T01:18:59.053998Z", "fetched_at": "2025-07-16T01:20:19.943051+00:00", "symbol": "BTC-USD"}, {"trade_id": 850037922, "side": "sell", "size": "0.00000664", "price": "117824.11000000", "time": "2025-07-16T01:18:59.053998Z", "fetched_at": "2025-07-16T01:20:19.943051+00:00", "symbol": "BTC-USD"}, {"trade_id": 850037921, "side": "buy", "size": "0.02231000", "price": "117815.54000000", "time": "2025-07-16T01:18:58.164165Z", "fetched_at": "2025-07-16T01:20:19.943051+00:00", "symbol": "BTC-USD"}, {"trade_id": 850037920, "side": "sell", "size": "0.00144352", "price": "117824.11000000", "time": "2025-07-16T01:18:57.953352Z", "fetched_at": "2025-07-16T01:20:19.943051+00:00", "symbol": "BTC-USD"}, {"trade_id": 850037919, "side": "sell", "size": "0.00007471", "price": "117824.29000000", "time": "2025-07-16T01:18:57.426060Z", "fetched_at": "2025-07-16T01:20:19.943051+00:00", "symbol": "BTC-USD"}, {"trade_id": 850037918, "side": "sell", "size": "0.00009336", "price": "117824.28000000", "time": "2025-07-16T01:18:57.426060Z", "fetched_at": "2025-07-16T01:20:19.943051+00:00", "symbol": "BTC-USD"}, {"trade_id": 850037917, "side": "sell", "size": "0.00001314", "price": "117824.29000000", "time": "2025-07-16T01:18:57.371246Z", "fetched_at": "2025-07-16T01:20:19.943051+00:00", "symbol": "BTC-USD"}, {"trade_id": 850037916, "side": "sell", "size": "0.00001143", "price": "117824.28000000", "time": "2025-07-16T01:18:57.371246Z", "fetched_at": "2025-07-16T01:20:19.943051+00:00", "symbol": "BTC-USD"}, {"trade_id": 850037915, "side": "sell", "size": "0.00008193", "price": "117824.28000000", "time": "2025-07-16T01:18:57.367687Z", "fetched_at": "2025-07-16T01:20:19.943051+00:00", "symbol": "BTC-USD"}, {"trade_id": 850037914, "side": "sell", "size": "0.00021009", "price": "117824.17000000", "time": "2025-07-16T01:18:57.352570Z", "fetched_at": "2025-07-16T01:20:19.943051+00:00", "symbol": "BTC-USD"}, {"trade_id": 850037913, "side": "buy", "size": "0.05017598", "price": "117812.51000000", "time": "2025-07-16T01:18:57.320661Z", "fetched_at": "2025-07-16T01:20:19.943051+00:00", "symbol": "BTC-USD"}, {"trade_id": 850037912, "side": "buy", "size": "0.00848752", "price": "117812.97000000", "time": "2025-07-16T01:18:57.320661Z", "fetched_at": "2025-07-16T01:20:19.943051+00:00", "symbol": "BTC-USD"}, {"trade_id": 850037911, "side": "buy", "size": "0.00848799", "price": "117813.47000000", "time": "2025-07-16T01:18:57.320661Z", "fetched_at": "2025-07-16T01:20:19.943051+00:00", "symbol": "BTC-USD"}, {"trade_id": 850037910, "side": "buy", "size": "0.00848797", "price": "117813.77000000", "time": "2025-07-16T01:18:57.320661Z", "fetched_at": "2025-07-16T01:20:19.943051+00:00", "symbol": "BTC-USD"}, {"trade_id": 850037909, "side": "buy", "size": "0.02000000", "price": "117813.78000000", "time": "2025-07-16T01:18:57.320661Z", "fetched_at": "2025-07-16T01:20:19.943051+00:00", "symbol": "BTC-USD"}, {"trade_id": 850037908, "side": "buy", "size": "0.00424387", "price": "117815.48000000", "time": "2025-07-16T01:18:57.320661Z", "fetched_at": "2025-07-16T01:20:19.943051+00:00", "symbol": "BTC-USD"}, {"trade_id": 850037907, "side": "buy", "size": "0.00003028", "price": "117815.49000000", "time": "2025-07-16T01:18:57.320661Z", "fetched_at": "2025-07-16T01:20:19.943051+00:00", "symbol": "BTC-USD"}, {"trade_id": 850037906, "side": "buy", "size": "0.03000000", "price": "117815.49000000", "time": "2025-07-16T01:18:57.320661Z", "fetched_at": "2025-07-16T01:20:19.943051+00:00", "symbol": "BTC-USD"}, {"trade_id": 850037905, "side": "buy", "size": "0.02000000", "price": "117815.49000000", "time": "2025-07-16T01:18:57.320661Z", "fetched_at": "2025-07-16T01:20:19.943051+00:00", "symbol": "BTC-USD"}, {"trade_id": 850037904, "side": "buy", "size": "0.00000101", "price": "117824.30000000", "time": "2025-07-16T01:18:57.320661Z", "fetched_at": "2025-07-16T01:20:19.943051+00:00", "symbol": "BTC-USD"}, {"trade_id": 850037903, "side": "sell", "size": "0.00413641", "price": "117824.90000000", "time": "2025-07-16T01:18:57.145068Z", "fetched_at": "2025-07-16T01:20:19.943051+00:00", "symbol": "BTC-USD"}, {"trade_id": 850037902, "side": "sell", "size": "0.00006527", "price": "117824.31000000", "time": "2025-07-16T01:18:57.145068Z", "fetched_at": "2025-07-16T01:20:19.943051+00:00", "symbol": "BTC-USD"}, {"trade_id": 850037901, "side": "sell", "size": "0.00012370", "price": "117824.91000000", "time": "2025-07-16T01:18:56.889155Z", "fetched_at": "2025-07-16T01:20:19.943051+00:00", "symbol": "BTC-USD"}, {"trade_id": 850037900, "side": "sell", "size": "0.00001666", "price": "117824.92000000", "time": "2025-07-16T01:18:56.873123Z", "fetched_at": "2025-07-16T01:20:19.943051+00:00", "symbol": "BTC-USD"}, {"trade_id": 850037899, "side": "sell", "size": "0.00006527", "price": "117824.31000000", "time": "2025-07-16T01:18:56.873123Z", "fetched_at": "2025-07-16T01:20:19.943051+00:00", "symbol": "BTC-USD"}, {"trade_id": 850037898, "side": "sell", "size": "0.00117807", "price": "117824.93000000", "time": "2025-07-16T01:18:56.492999Z", "fetched_at": "2025-07-16T01:20:19.943051+00:00", "symbol": "BTC-USD"}, {"trade_id": 850037897, "side": "sell", "size": "0.00027732", "price": "117824.93000000", "time": "2025-07-16T01:18:56.482358Z", "fetched_at": "2025-07-16T01:20:19.943051+00:00", "symbol": "BTC-USD"}, {"trade_id": 850037896, "side": "sell", "size": "0.00041243", "price": "117824.93000000", "time": "2025-07-16T01:18:56.390528Z", "fetched_at": "2025-07-16T01:20:19.943051+00:00", "symbol": "BTC-USD"}, {"trade_id": 850037895, "side": "sell", "size": "0.00002699", "price": "117829.94000000", "time": "2025-07-16T01:18:56.299614Z", "fetched_at": "2025-07-16T01:20:19.943051+00:00", "symbol": "BTC-USD"}, {"trade_id": 850037894, "side": "sell", "size": "0.00005136", "price": "117827.06000000", "time": "2025-07-16T01:18:56.299614Z", "fetched_at": "2025-07-16T01:20:19.943051+00:00", "symbol": "BTC-USD"}, {"trade_id": 850037893, "side": "sell", "size": "0.00000568", "price": "117827.06000000", "time": "2025-07-16T01:18:56.299614Z", "fetched_at": "2025-07-16T01:20:19.943051+00:00", "symbol": "BTC-USD"}, {"trade_id": 850037892, "side": "sell", "size": "0.00008385", "price": "117826.74000000", "time": "2025-07-16T01:18:56.267718Z", "fetched_at": "2025-07-16T01:20:19.943051+00:00", "symbol": "BTC-USD"}, {"trade_id": 850037891, "side": "sell", "size": "0.00016495", "price": "117826.93000000", "time": "2025-07-16T01:18:55.673800Z", "fetched_at": "2025-07-16T01:20:19.943051+00:00", "symbol": "BTC-USD"}, {"trade_id": 850037890, "side": "sell", "size": "0.00021008", "price": "117826.94000000", "time": "2025-07-16T01:18:55.639921Z", "fetched_at": "2025-07-16T01:20:19.943051+00:00", "symbol": "BTC-USD"}, {"trade_id": 850037889, "side": "buy", "size": "0.00000017", "price": "117824.30000000", "time": "2025-07-16T01:18:55.023506Z", "fetched_at": "2025-07-16T01:20:19.943051+00:00", "symbol": "BTC-USD"}, {"trade_id": 850037888, "side": "sell", "size": "0.00164973", "price": "117824.31000000", "time": "2025-07-16T01:18:54.900220Z", "fetched_at": "2025-07-16T01:20:19.943051+00:00", "symbol": "BTC-USD"}, {"trade_id": 850037887, "side": "buy", "size": "0.06661000", "price": "117826.46000000", "time": "2025-07-16T01:18:54.413214Z", "fetched_at": "2025-07-16T01:20:19.943051+00:00", "symbol": "BTC-USD"}, {"trade_id": 850037886, "side": "sell", "size": "0.00563127", "price": "117826.47000000", "time": "2025-07-16T01:18:54.367683Z", "fetched_at": "2025-07-16T01:20:19.943051+00:00", "symbol": "BTC-USD"}, {"trade_id": 850037885, "side": "sell", "size": "0.00001033", "price": "117824.31000000", "time": "2025-07-16T01:18:54.367683Z", "fetched_at": "2025-07-16T01:20:19.943051+00:00", "symbol": "BTC-USD"}, {"trade_id": 850037884, "side": "sell", "size": "0.00012552", "price": "117824.31000000", "time": "2025-07-16T01:18:54.367683Z", "fetched_at": "2025-07-16T01:20:19.943051+00:00", "symbol": "BTC-USD"}, {"trade_id": 850037883, "side": "sell", "size": "0.00000664", "price": "117824.31000000", "time": "2025-07-16T01:18:54.367683Z", "fetched_at": "2025-07-16T01:20:19.943051+00:00", "symbol": "BTC-USD"}, {"trade_id": 850037882, "side": "sell", "size": "0.00082487", "price": "117824.31000000", "time": "2025-07-16T01:18:52.935286Z", "fetched_at": "2025-07-16T01:20:19.943051+00:00", "symbol": "BTC-USD"}, {"trade_id": 850037881, "side": "sell", "size": "0.00000840", "price": "117824.31000000", "time": "2025-07-16T01:18:52.854405Z", "fetched_at": "2025-07-16T01:20:19.943051+00:00", "symbol": "BTC-USD"}, {"trade_id": 850037880, "side": "sell", "size": "0.00164970", "price": "117827.06000000", "time": "2025-07-16T01:18:52.384034Z", "fetched_at": "2025-07-16T01:20:19.943051+00:00", "symbol": "BTC-USD"}, {"trade_id": 850037879, "side": "sell", "size": "0.00003992", "price": "117827.06000000", "time": "2025-07-16T01:18:52.175115Z", "fetched_at": "2025-07-16T01:20:19.943051+00:00", "symbol": "BTC-USD"}, {"trade_id": 850037878, "side": "sell", "size": "0.00011977", "price": "117828.14000000", "time": "2025-07-16T01:18:52.056584Z", "fetched_at": "2025-07-16T01:20:19.943051+00:00", "symbol": "BTC-USD"}, {"trade_id": 850037877, "side": "sell", "size": "0.00008645", "price": "117821.00000000", "time": "2025-07-16T01:18:52.056584Z", "fetched_at": "2025-07-16T01:20:19.943051+00:00", "symbol": "BTC-USD"}, {"trade_id": 850037876, "side": "sell", "size": "0.01033341", "price": "117828.25000000", "time": "2025-07-16T01:18:51.790558Z", "fetched_at": "2025-07-16T01:20:19.943051+00:00", "symbol": "BTC-USD"}, {"trade_id": 850037875, "side": "sell", "size": "0.00165538", "price": "117824.44000000", "time": "2025-07-16T01:18:51.790558Z", "fetched_at": "2025-07-16T01:20:19.943051+00:00", "symbol": "BTC-USD"}, {"trade_id": 850037874, "side": "sell", "size": "0.00009337", "price": "117821.11000000", "time": "2025-07-16T01:18:51.790558Z", "fetched_at": "2025-07-16T01:20:19.943051+00:00", "symbol": "BTC-USD"}, {"trade_id": 850037873, "side": "sell", "size": "0.00258858", "price": "117824.44000000", "time": "2025-07-16T01:18:51.710619Z", "fetched_at": "2025-07-16T01:20:19.943051+00:00", "symbol": "BTC-USD"}, {"trade_id": 850037872, "side": "sell", "size": "0.00848755", "price": "117819.54000000", "time": "2025-07-16T01:18:51.710619Z", "fetched_at": "2025-07-16T01:20:19.943051+00:00", "symbol": "BTC-USD"}, {"trade_id": 850037871, "side": "sell", "size": "0.00848761", "price": "117818.84000000", "time": "2025-07-16T01:18:51.710619Z", "fetched_at": "2025-07-16T01:20:19.943051+00:00", "symbol": "BTC-USD"}, {"trade_id": 850037870, "side": "sell", "size": "0.01024112", "price": "117818.83000000", "time": "2025-07-16T01:18:51.710619Z", "fetched_at": "2025-07-16T01:20:19.943051+00:00", "symbol": "BTC-USD"}, {"trade_id": 850037869, "side": "sell", "size": "0.00009337", "price": "117818.82000000", "time": "2025-07-16T01:18:51.710619Z", "fetched_at": "2025-07-16T01:20:19.943051+00:00", "symbol": "BTC-USD"}, {"trade_id": 850037868, "side": "sell", "size": "0.00035375", "price": "117817.07000000", "time": "2025-07-16T01:18:51.710619Z", "fetched_at": "2025-07-16T01:20:19.943051+00:00", "symbol": "BTC-USD"}, {"trade_id": 850037867, "side": "sell", "size": "0.03299513", "price": "117830.46000000", "time": "2025-07-16T01:18:51.467123Z", "fetched_at": "2025-07-16T01:20:19.943051+00:00", "symbol": "BTC-USD"}, {"trade_id": 850037866, "side": "sell", "size": "0.13230000", "price": "117828.84000000", "time": "2025-07-16T01:18:51.467123Z", "fetched_at": "2025-07-16T01:20:19.943051+00:00", "symbol": "BTC-USD"}, {"trade_id": 850037865, "side": "sell", "size": "0.00001000", "price": "117828.36000000", "time": "2025-07-16T01:18:51.467123Z", "fetched_at": "2025-07-16T01:20:19.943051+00:00", "symbol": "BTC-USD"}, {"trade_id": 850037864, "side": "sell", "size": "0.00000059", "price": "117828.36000000", "time": "2025-07-16T01:18:51.467123Z", "fetched_at": "2025-07-16T01:20:19.943051+00:00", "symbol": "BTC-USD"}, {"trade_id": 850037863, "side": "sell", "size": "0.00030240", "price": "117828.36000000", "time": "2025-07-16T01:18:51.467123Z", "fetched_at": "2025-07-16T01:20:19.943051+00:00", "symbol": "BTC-USD"}, {"trade_id": 850037862, "side": "sell", "size": "0.00034000", "price": "117823.27000000", "time": "2025-07-16T01:18:51.467123Z", "fetched_at": "2025-07-16T01:20:19.943051+00:00", "symbol": "BTC-USD"}, {"trade_id": 850037861, "side": "sell", "size": "0.03299517", "price": "117822.12000000", "time": "2025-07-16T01:18:51.467123Z", "fetched_at": "2025-07-16T01:20:19.943051+00:00", "symbol": "BTC-USD"}, {"trade_id": 850037860, "side": "sell", "size": "0.00424408", "price": "117821.04000000", "time": "2025-07-16T01:18:51.467123Z", "fetched_at": "2025-07-16T01:20:19.943051+00:00", "symbol": "BTC-USD"}, {"trade_id": 850037859, "side": "sell", "size": "0.03016441", "price": "117820.32000000", "time": "2025-07-16T01:18:51.467123Z", "fetched_at": "2025-07-16T01:20:19.943051+00:00", "symbol": "BTC-USD"}, {"trade_id": 850037858, "side": "sell", "size": "0.04270198", "price": "117819.96000000", "time": "2025-07-16T01:18:51.467123Z", "fetched_at": "2025-07-16T01:20:19.943051+00:00", "symbol": "BTC-USD"}, {"trade_id": 850037857, "side": "sell", "size": "0.04564570", "price": "117819.79000000", "time": "2025-07-16T01:18:51.467123Z", "fetched_at": "2025-07-16T01:20:19.943051+00:00", "symbol": "BTC-USD"}, {"trade_id": 850037856, "side": "sell", "size": "0.02732771", "price": "117817.10000000", "time": "2025-07-16T01:18:51.467123Z", "fetched_at": "2025-07-16T01:20:19.943051+00:00", "symbol": "BTC-USD"}, {"trade_id": 850037855, "side": "sell", "size": "0.06782962", "price": "117817.10000000", "time": "2025-07-16T01:18:51.467123Z", "fetched_at": "2025-07-16T01:20:19.943051+00:00", "symbol": "BTC-USD"}, {"trade_id": 850037854, "side": "sell", "size": "0.04866677", "price": "117817.08000000", "time": "2025-07-16T01:18:51.467123Z", "fetched_at": "2025-07-16T01:20:19.943051+00:00", "symbol": "BTC-USD"}, {"trade_id": 850037853, "side": "sell", "size": "0.02920006", "price": "117817.07000000", "time": "2025-07-16T01:18:51.467123Z", "fetched_at": "2025-07-16T01:20:19.943051+00:00", "symbol": "BTC-USD"}, {"trade_id": 850037852, "side": "sell", "size": "0.00003097", "price": "117817.07000000", "time": "2025-07-16T01:18:51.467123Z", "fetched_at": "2025-07-16T01:20:19.943051+00:00", "symbol": "BTC-USD"}