[{"trade_id": 850016567, "side": "sell", "size": "0.00082614", "price": "117631.24000000", "time": "2025-07-16T00:23:24.528022Z", "fetched_at": "2025-07-16T00:23:25.199716+00:00", "symbol": "BTC-USD"}, {"trade_id": 850016566, "side": "sell", "size": "0.00007753", "price": "117631.24000000", "time": "2025-07-16T00:23:24.445867Z", "fetched_at": "2025-07-16T00:23:25.199716+00:00", "symbol": "BTC-USD"}, {"trade_id": 850016565, "side": "buy", "size": "0.04800000", "price": "117632.48000000", "time": "2025-07-16T00:23:24.312728Z", "fetched_at": "2025-07-16T00:23:25.199716+00:00", "symbol": "BTC-USD"}, {"trade_id": 850016564, "side": "buy", "size": "0.00574968", "price": "117639.50000000", "time": "2025-07-16T00:23:24.274835Z", "fetched_at": "2025-07-16T00:23:25.199716+00:00", "symbol": "BTC-USD"}, {"trade_id": 850016563, "side": "buy", "size": "0.00090794", "price": "117639.50000000", "time": "2025-07-16T00:23:24.274835Z", "fetched_at": "2025-07-16T00:23:25.199716+00:00", "symbol": "BTC-USD"}, {"trade_id": 850016562, "side": "buy", "size": "0.00191772", "price": "117639.54000000", "time": "2025-07-16T00:23:24.274835Z", "fetched_at": "2025-07-16T00:23:25.199716+00:00", "symbol": "BTC-USD"}, {"trade_id": 850016561, "side": "sell", "size": "0.00413071", "price": "117639.55000000", "time": "2025-07-16T00:23:24.194160Z", "fetched_at": "2025-07-16T00:23:25.199716+00:00", "symbol": "BTC-USD"}, {"trade_id": 850016560, "side": "sell", "size": "0.00881100", "price": "117639.55000000", "time": "2025-07-16T00:23:24.154407Z", "fetched_at": "2025-07-16T00:23:25.199716+00:00", "symbol": "BTC-USD"}, {"trade_id": 850016559, "side": "buy", "size": "0.04900000", "price": "117641.18000000", "time": "2025-07-16T00:23:24.146714Z", "fetched_at": "2025-07-16T00:23:25.199716+00:00", "symbol": "BTC-USD"}, {"trade_id": 850016558, "side": "buy", "size": "0.00009351", "price": "117641.19000000", "time": "2025-07-16T00:23:24.146714Z", "fetched_at": "2025-07-16T00:23:25.199716+00:00", "symbol": "BTC-USD"}, {"trade_id": 850016557, "side": "buy", "size": "0.00064092", "price": "117642.21000000", "time": "2025-07-16T00:23:24.146714Z", "fetched_at": "2025-07-16T00:23:25.199716+00:00", "symbol": "BTC-USD"}, {"trade_id": 850016556, "side": "buy", "size": "0.00850035", "price": "117642.22000000", "time": "2025-07-16T00:23:24.146714Z", "fetched_at": "2025-07-16T00:23:25.199716+00:00", "symbol": "BTC-USD"}, {"trade_id": 850016555, "side": "buy", "size": "0.00071874", "price": "117643.98000000", "time": "2025-07-16T00:23:24.146714Z", "fetched_at": "2025-07-16T00:23:25.199716+00:00", "symbol": "BTC-USD"}, {"trade_id": 850016554, "side": "sell", "size": "0.05755737", "price": "117643.99000000", "time": "2025-07-16T00:23:23.949320Z", "fetched_at": "2025-07-16T00:23:25.199716+00:00", "symbol": "BTC-USD"}, {"trade_id": 850016553, "side": "sell", "size": "0.01983000", "price": "117643.99000000", "time": "2025-07-16T00:23:23.949320Z", "fetched_at": "2025-07-16T00:23:25.199716+00:00", "symbol": "BTC-USD"}, {"trade_id": 850016552, "side": "sell", "size": "0.18477000", "price": "117643.99000000", "time": "2025-07-16T00:23:23.949320Z", "fetched_at": "2025-07-16T00:23:25.199716+00:00", "symbol": "BTC-USD"}, {"trade_id": 850016551, "side": "buy", "size": "0.00032478", "price": "117645.94000000", "time": "2025-07-16T00:23:23.866359Z", "fetched_at": "2025-07-16T00:23:25.199716+00:00", "symbol": "BTC-USD"}, {"trade_id": 850016550, "side": "buy", "size": "0.00000900", "price": "117645.94000000", "time": "2025-07-16T00:23:23.866359Z", "fetched_at": "2025-07-16T00:23:25.199716+00:00", "symbol": "BTC-USD"}, {"trade_id": 850016549, "side": "buy", "size": "0.00097172", "price": "117645.94000000", "time": "2025-07-16T00:23:23.866359Z", "fetched_at": "2025-07-16T00:23:25.199716+00:00", "symbol": "BTC-USD"}, {"trade_id": 850016548, "side": "buy", "size": "0.02785700", "price": "117645.94000000", "time": "2025-07-16T00:23:23.866359Z", "fetched_at": "2025-07-16T00:23:25.199716+00:00", "symbol": "BTC-USD"}, {"trade_id": 850016547, "side": "buy", "size": "0.00002200", "price": "117645.94000000", "time": "2025-07-16T00:23:23.866359Z", "fetched_at": "2025-07-16T00:23:25.199716+00:00", "symbol": "BTC-USD"}, {"trade_id": 850016546, "side": "buy", "size": "0.00021471", "price": "117645.94000000", "time": "2025-07-16T00:23:23.866359Z", "fetched_at": "2025-07-16T00:23:25.199716+00:00", "symbol": "BTC-USD"}, {"trade_id": 850016545, "side": "sell", "size": "0.00001991", "price": "117645.95000000", "time": "2025-07-16T00:23:23.408062Z", "fetched_at": "2025-07-16T00:23:25.199716+00:00", "symbol": "BTC-USD"}, {"trade_id": 850016544, "side": "sell", "size": "0.00012389", "price": "117645.95000000", "time": "2025-07-16T00:23:23.359946Z", "fetched_at": "2025-07-16T00:23:25.199716+00:00", "symbol": "BTC-USD"}, {"trade_id": 850016543, "side": "sell", "size": "0.00082614", "price": "117645.95000000", "time": "2025-07-16T00:23:23.190278Z", "fetched_at": "2025-07-16T00:23:25.199716+00:00", "symbol": "BTC-USD"}, {"trade_id": 850016542, "side": "sell", "size": "0.00020654", "price": "117645.95000000", "time": "2025-07-16T00:23:22.882289Z", "fetched_at": "2025-07-16T00:23:25.199716+00:00", "symbol": "BTC-USD"}, {"trade_id": 850016541, "side": "sell", "size": "0.00004029", "price": "117645.95000000", "time": "2025-07-16T00:23:22.749080Z", "fetched_at": "2025-07-16T00:23:25.199716+00:00", "symbol": "BTC-USD"}, {"trade_id": 850016540, "side": "sell", "size": "0.00004031", "price": "117645.95000000", "time": "2025-07-16T00:23:22.736645Z", "fetched_at": "2025-07-16T00:23:25.199716+00:00", "symbol": "BTC-USD"}, {"trade_id": 850016539, "side": "buy", "size": "0.00001717", "price": "117645.94000000", "time": "2025-07-16T00:23:22.257048Z", "fetched_at": "2025-07-16T00:23:25.199716+00:00", "symbol": "BTC-USD"}, {"trade_id": 850016538, "side": "buy", "size": "0.00281840", "price": "117645.94000000", "time": "2025-07-16T00:23:22.064620Z", "fetched_at": "2025-07-16T00:23:25.199716+00:00", "symbol": "BTC-USD"}, {"trade_id": 850016537, "side": "sell", "size": "0.00020654", "price": "117645.95000000", "time": "2025-07-16T00:23:21.847757Z", "fetched_at": "2025-07-16T00:23:25.199716+00:00", "symbol": "BTC-USD"}, {"trade_id": 850016536, "side": "sell", "size": "0.00008063", "price": "117645.95000000", "time": "2025-07-16T00:23:21.780241Z", "fetched_at": "2025-07-16T00:23:25.199716+00:00", "symbol": "BTC-USD"}, {"trade_id": 850016535, "side": "buy", "size": "0.00170021", "price": "117645.94000000", "time": "2025-07-16T00:23:21.374172Z", "fetched_at": "2025-07-16T00:23:25.199716+00:00", "symbol": "BTC-USD"}, {"trade_id": 850016534, "side": "buy", "size": "0.00466210", "price": "117645.94000000", "time": "2025-07-16T00:23:21.370067Z", "fetched_at": "2025-07-16T00:23:25.199716+00:00", "symbol": "BTC-USD"}, {"trade_id": 850016533, "side": "sell", "size": "0.00020157", "price": "117645.95000000", "time": "2025-07-16T00:23:21.331649Z", "fetched_at": "2025-07-16T00:23:25.199716+00:00", "symbol": "BTC-USD"}, {"trade_id": 850016532, "side": "sell", "size": "0.00012625", "price": "117645.95000000", "time": "2025-07-16T00:23:21.076233Z", "fetched_at": "2025-07-16T00:23:25.199716+00:00", "symbol": "BTC-USD"}, {"trade_id": 850016531, "side": "sell", "size": "0.00041307", "price": "117645.95000000", "time": "2025-07-16T00:23:21.027839Z", "fetched_at": "2025-07-16T00:23:25.199716+00:00", "symbol": "BTC-USD"}, {"trade_id": 850016530, "side": "sell", "size": "0.00041307", "price": "117645.82000000", "time": "2025-07-16T00:23:21.009676Z", "fetched_at": "2025-07-16T00:23:25.199716+00:00", "symbol": "BTC-USD"}, {"trade_id": 850016529, "side": "sell", "size": "0.00016521", "price": "117643.98000000", "time": "2025-07-16T00:23:20.923556Z", "fetched_at": "2025-07-16T00:23:25.199716+00:00", "symbol": "BTC-USD"}, {"trade_id": 850016528, "side": "sell", "size": "0.01992031", "price": "117642.22000000", "time": "2025-07-16T00:23:20.904647Z", "fetched_at": "2025-07-16T00:23:25.199716+00:00", "symbol": "BTC-USD"}, {"trade_id": 850016527, "side": "sell", "size": "0.00008206", "price": "117642.22000000", "time": "2025-07-16T00:23:20.736794Z", "fetched_at": "2025-07-16T00:23:25.199716+00:00", "symbol": "BTC-USD"}, {"trade_id": 850016526, "side": "sell", "size": "0.00082614", "price": "117642.22000000", "time": "2025-07-16T00:23:20.735687Z", "fetched_at": "2025-07-16T00:23:25.199716+00:00", "symbol": "BTC-USD"}, {"trade_id": 850016525, "side": "sell", "size": "0.00041307", "price": "117642.22000000", "time": "2025-07-16T00:23:20.595293Z", "fetched_at": "2025-07-16T00:23:25.199716+00:00", "symbol": "BTC-USD"}, {"trade_id": 850016524, "side": "sell", "size": "0.00016521", "price": "117642.22000000", "time": "2025-07-16T00:23:20.517753Z", "fetched_at": "2025-07-16T00:23:25.199716+00:00", "symbol": "BTC-USD"}, {"trade_id": 850016523, "side": "sell", "size": "0.00230036", "price": "117642.22000000", "time": "2025-07-16T00:23:20.451334Z", "fetched_at": "2025-07-16T00:23:25.199716+00:00", "symbol": "BTC-USD"}, {"trade_id": 850016522, "side": "sell", "size": "0.00830416", "price": "117641.31000000", "time": "2025-07-16T00:23:20.451334Z", "fetched_at": "2025-07-16T00:23:25.199716+00:00", "symbol": "BTC-USD"}, {"trade_id": 850016521, "side": "sell", "size": "0.00019626", "price": "117641.31000000", "time": "2025-07-16T00:23:20.448363Z", "fetched_at": "2025-07-16T00:23:25.199716+00:00", "symbol": "BTC-USD"}, {"trade_id": 850016520, "side": "sell", "size": "0.00001028", "price": "117639.55000000", "time": "2025-07-16T00:23:20.448363Z", "fetched_at": "2025-07-16T00:23:25.199716+00:00", "symbol": "BTC-USD"}, {"trade_id": 850016519, "side": "sell", "size": "0.00413071", "price": "117639.55000000", "time": "2025-07-16T00:23:20.437286Z", "fetched_at": "2025-07-16T00:23:25.199716+00:00", "symbol": "BTC-USD"}, {"trade_id": 850016518, "side": "sell", "size": "0.00004208", "price": "117639.55000000", "time": "2025-07-16T00:23:20.409520Z", "fetched_at": "2025-07-16T00:23:25.199716+00:00", "symbol": "BTC-USD"}, {"trade_id": 850016517, "side": "sell", "size": "0.00294570", "price": "117639.55000000", "time": "2025-07-16T00:23:20.290797Z", "fetched_at": "2025-07-16T00:23:25.199716+00:00", "symbol": "BTC-USD"}, {"trade_id": 850016516, "side": "sell", "size": "0.00041307", "price": "117642.22000000", "time": "2025-07-16T00:23:20.126770Z", "fetched_at": "2025-07-16T00:23:25.199716+00:00", "symbol": "BTC-USD"}, {"trade_id": 850016515, "side": "sell", "size": "0.00020659", "price": "117642.22000000", "time": "2025-07-16T00:23:20.103297Z", "fetched_at": "2025-07-16T00:23:25.199716+00:00", "symbol": "BTC-USD"}, {"trade_id": 850016514, "side": "sell", "size": "0.00008206", "price": "117642.22000000", "time": "2025-07-16T00:23:20.039888Z", "fetched_at": "2025-07-16T00:23:25.199716+00:00", "symbol": "BTC-USD"}, {"trade_id": 850016513, "side": "sell", "size": "0.00035916", "price": "117642.22000000", "time": "2025-07-16T00:23:19.847911Z", "fetched_at": "2025-07-16T00:23:25.199716+00:00", "symbol": "BTC-USD"}, {"trade_id": 850016512, "side": "sell", "size": "0.00001957", "price": "117639.58000000", "time": "2025-07-16T00:23:19.847911Z", "fetched_at": "2025-07-16T00:23:25.199716+00:00", "symbol": "BTC-USD"}, {"trade_id": 850016511, "side": "buy", "size": "0.00146606", "price": "117639.57000000", "time": "2025-07-16T00:23:19.844912Z", "fetched_at": "2025-07-16T00:23:25.199716+00:00", "symbol": "BTC-USD"}, {"trade_id": 850016510, "side": "sell", "size": "0.00021041", "price": "117642.22000000", "time": "2025-07-16T00:23:19.791540Z", "fetched_at": "2025-07-16T00:23:25.199716+00:00", "symbol": "BTC-USD"}, {"trade_id": 850016509, "side": "sell", "size": "0.00083682", "price": "117641.27000000", "time": "2025-07-16T00:23:19.511231Z", "fetched_at": "2025-07-16T00:23:25.199716+00:00", "symbol": "BTC-USD"}, {"trade_id": 850016508, "side": "sell", "size": "0.00001000", "price": "117641.16000000", "time": "2025-07-16T00:23:19.511231Z", "fetched_at": "2025-07-16T00:23:25.199716+00:00", "symbol": "BTC-USD"}, {"trade_id": 850016507, "side": "sell", "size": "0.00001937", "price": "117639.51000000", "time": "2025-07-16T00:23:19.511231Z", "fetched_at": "2025-07-16T00:23:25.199716+00:00", "symbol": "BTC-USD"}, {"trade_id": 850016506, "side": "sell", "size": "0.00001034", "price": "117639.51000000", "time": "2025-07-16T00:23:19.511231Z", "fetched_at": "2025-07-16T00:23:25.199716+00:00", "symbol": "BTC-USD"}, {"trade_id": 850016505, "side": "sell", "size": "0.00000664", "price": "117639.51000000", "time": "2025-07-16T00:23:19.511231Z", "fetched_at": "2025-07-16T00:23:25.199716+00:00", "symbol": "BTC-USD"}, {"trade_id": 850016504, "side": "sell", "size": "0.00080009", "price": "117639.51000000", "time": "2025-07-16T00:23:19.511231Z", "fetched_at": "2025-07-16T00:23:25.199716+00:00", "symbol": "BTC-USD"}, {"trade_id": 850016503, "side": "sell", "size": "0.00006196", "price": "117639.51000000", "time": "2025-07-16T00:23:19.157056Z", "fetched_at": "2025-07-16T00:23:25.199716+00:00", "symbol": "BTC-USD"}, {"trade_id": 850016502, "side": "sell", "size": "0.00000842", "price": "117639.51000000", "time": "2025-07-16T00:23:18.689005Z", "fetched_at": "2025-07-16T00:23:25.199716+00:00", "symbol": "BTC-USD"}, {"trade_id": 850016501, "side": "sell", "size": "0.00165229", "price": "117639.51000000", "time": "2025-07-16T00:23:18.365657Z", "fetched_at": "2025-07-16T00:23:25.199716+00:00", "symbol": "BTC-USD"}, {"trade_id": 850016500, "side": "buy", "size": "0.00011703", "price": "117639.50000000", "time": "2025-07-16T00:23:18.254144Z", "fetched_at": "2025-07-16T00:23:25.199716+00:00", "symbol": "BTC-USD"}, {"trade_id": 850016499, "side": "sell", "size": "0.00082614", "price": "117639.51000000", "time": "2025-07-16T00:23:18.251994Z", "fetched_at": "2025-07-16T00:23:25.199716+00:00", "symbol": "BTC-USD"}, {"trade_id": 850016498, "side": "sell", "size": "0.00123921", "price": "117639.51000000", "time": "2025-07-16T00:23:18.233981Z", "fetched_at": "2025-07-16T00:23:25.199716+00:00", "symbol": "BTC-USD"}, {"trade_id": 850016497, "side": "sell", "size": "0.00005639", "price": "117639.51000000", "time": "2025-07-16T00:23:18.172205Z", "fetched_at": "2025-07-16T00:23:25.199716+00:00", "symbol": "BTC-USD"}, {"trade_id": 850016496, "side": "sell", "size": "0.00082614", "price": "117639.51000000", "time": "2025-07-16T00:23:17.968831Z", "fetched_at": "2025-07-16T00:23:25.199716+00:00", "symbol": "BTC-USD"}, {"trade_id": 850016495, "side": "sell", "size": "0.00082614", "price": "117639.51000000", "time": "2025-07-16T00:23:17.872296Z", "fetched_at": "2025-07-16T00:23:25.199716+00:00", "symbol": "BTC-USD"}, {"trade_id": 850016494, "side": "buy", "size": "0.00595402", "price": "117639.50000000", "time": "2025-07-16T00:23:17.848105Z", "fetched_at": "2025-07-16T00:23:25.199716+00:00", "symbol": "BTC-USD"}, {"trade_id": 850016493, "side": "buy", "size": "0.00012283", "price": "117639.50000000", "time": "2025-07-16T00:23:17.848105Z", "fetched_at": "2025-07-16T00:23:25.199716+00:00", "symbol": "BTC-USD"}, {"trade_id": 850016492, "side": "sell", "size": "0.00041307", "price": "117639.51000000", "time": "2025-07-16T00:23:17.847862Z", "fetched_at": "2025-07-16T00:23:25.199716+00:00", "symbol": "BTC-USD"}, {"trade_id": 850016491, "side": "sell", "size": "0.00041307", "price": "117639.51000000", "time": "2025-07-16T00:23:17.626015Z", "fetched_at": "2025-07-16T00:23:25.199716+00:00", "symbol": "BTC-USD"}, {"trade_id": 850016490, "side": "buy", "size": "0.00009754", "price": "117639.50000000", "time": "2025-07-16T00:23:17.589641Z", "fetched_at": "2025-07-16T00:23:25.199716+00:00", "symbol": "BTC-USD"}, {"trade_id": 850016489, "side": "sell", "size": "0.00016833", "price": "117639.51000000", "time": "2025-07-16T00:23:17.427659Z", "fetched_at": "2025-07-16T00:23:25.199716+00:00", "symbol": "BTC-USD"}, {"trade_id": 850016488, "side": "sell", "size": "0.00082614", "price": "117639.51000000", "time": "2025-07-16T00:23:17.367551Z", "fetched_at": "2025-07-16T00:23:25.199716+00:00", "symbol": "BTC-USD"}, {"trade_id": 850016487, "side": "sell", "size": "0.00024019", "price": "117639.51000000", "time": "2025-07-16T00:23:17.333812Z", "fetched_at": "2025-07-16T00:23:25.199716+00:00", "symbol": "BTC-USD"}, {"trade_id": 850016486, "side": "sell", "size": "0.00002387", "price": "117639.50000000", "time": "2025-07-16T00:23:17.333812Z", "fetched_at": "2025-07-16T00:23:25.199716+00:00", "symbol": "BTC-USD"}, {"trade_id": 850016485, "side": "sell", "size": "0.00014901", "price": "117631.33000000", "time": "2025-07-16T00:23:17.333812Z", "fetched_at": "2025-07-16T00:23:25.199716+00:00", "symbol": "BTC-USD"}, {"trade_id": 850016484, "side": "sell", "size": "0.00071781", "price": "117639.51000000", "time": "2025-07-16T00:23:17.089041Z", "fetched_at": "2025-07-16T00:23:25.199716+00:00", "symbol": "BTC-USD"}, {"trade_id": 850016483, "side": "sell", "size": "0.00008351", "price": "117631.25000000", "time": "2025-07-16T00:23:17.089041Z", "fetched_at": "2025-07-16T00:23:25.199716+00:00", "symbol": "BTC-USD"}, {"trade_id": 850016482, "side": "sell", "size": "0.00000357", "price": "117631.24000000", "time": "2025-07-16T00:23:17.089041Z", "fetched_at": "2025-07-16T00:23:25.199716+00:00", "symbol": "BTC-USD"}, {"trade_id": 850016481, "side": "sell", "size": "0.00002125", "price": "117631.24000000", "time": "2025-07-16T00:23:17.089041Z", "fetched_at": "2025-07-16T00:23:25.199716+00:00", "symbol": "BTC-USD"}, {"trade_id": 850016480, "side": "buy", "size": "0.00005809", "price": "117631.23000000", "time": "2025-07-16T00:23:16.985897Z", "fetched_at": "2025-07-16T00:23:25.199716+00:00", "symbol": "BTC-USD"}, {"trade_id": 850016479, "side": "sell", "size": "0.00082614", "price": "117631.24000000", "time": "2025-07-16T00:23:16.404389Z", "fetched_at": "2025-07-16T00:23:25.199716+00:00", "symbol": "BTC-USD"}, {"trade_id": 850016478, "side": "sell", "size": "0.02476343", "price": "117631.24000000", "time": "2025-07-16T00:23:16.192312Z", "fetched_at": "2025-07-16T00:23:25.199716+00:00", "symbol": "BTC-USD"}, {"trade_id": 850016477, "side": "sell", "size": "0.00002188", "price": "117631.12000000", "time": "2025-07-16T00:23:16.192312Z", "fetched_at": "2025-07-16T00:23:25.199716+00:00", "symbol": "BTC-USD"}, {"trade_id": 850016476, "side": "buy", "size": "0.00009288", "price": "117631.11000000", "time": "2025-07-16T00:23:16.142954Z", "fetched_at": "2025-07-16T00:23:25.199716+00:00", "symbol": "BTC-USD"}, {"trade_id": 850016475, "side": "sell", "size": "0.00006018", "price": "117631.25000000", "time": "2025-07-16T00:23:16.113559Z", "fetched_at": "2025-07-16T00:23:25.199716+00:00", "symbol": "BTC-USD"}, {"trade_id": 850016474, "side": "sell", "size": "0.00002188", "price": "117629.23000000", "time": "2025-07-16T00:23:16.113559Z", "fetched_at": "2025-07-16T00:23:25.199716+00:00", "symbol": "BTC-USD"}, {"trade_id": 850016473, "side": "sell", "size": "0.00015579", "price": "117631.25000000", "time": "2025-07-16T00:23:15.498571Z", "fetched_at": "2025-07-16T00:23:25.199716+00:00", "symbol": "BTC-USD"}, {"trade_id": 850016472, "side": "sell", "size": "0.00021360", "price": "117635.99000000", "time": "2025-07-16T00:23:15.159691Z", "fetched_at": "2025-07-16T00:23:25.199716+00:00", "symbol": "BTC-USD"}, {"trade_id": 850016471, "side": "sell", "size": "0.00001000", "price": "117632.34000000", "time": "2025-07-16T00:23:15.159691Z", "fetched_at": "2025-07-16T00:23:25.199716+00:00", "symbol": "BTC-USD"}, {"trade_id": 850016470, "side": "sell", "size": "0.00002426", "price": "117629.22000000", "time": "2025-07-16T00:23:15.159691Z", "fetched_at": "2025-07-16T00:23:25.199716+00:00", "symbol": "BTC-USD"}, {"trade_id": 850016469, "side": "buy", "size": "0.00581058", "price": "117629.21000000", "time": "2025-07-16T00:23:14.864079Z", "fetched_at": "2025-07-16T00:23:25.199716+00:00", "symbol": "BTC-USD"}, {"trade_id": 850016468, "side": "buy", "size": "0.00010337", "price": "117629.21000000", "time": "2025-07-16T00:23:14.864079Z", "fetched_at": "2025-07-16T00:23:25.199716+00:00", "symbol": "BTC-USD"}, {"trade_id": 850016467, "side": "sell", "size": "0.00000842", "price": "117629.22000000", "time": "2025-07-16T00:23:14.859005Z", "fetched_at": "2025-07-16T00:23:25.199716+00:00", "symbol": "BTC-USD"}, {"trade_id": 850016466, "side": "sell", "size": "0.00328132", "price": "117630.95000000", "time": "2025-07-16T00:23:14.084059Z", "fetched_at": "2025-07-16T00:23:25.199716+00:00", "symbol": "BTC-USD"}, {"trade_id": 850016465, "side": "sell", "size": "0.00001430", "price": "117629.19000000", "time": "2025-07-16T00:23:14.084059Z", "fetched_at": "2025-07-16T00:23:25.199716+00:00", "symbol": "BTC-USD"}, {"trade_id": 850016464, "side": "sell", "size": "0.00001348", "price": "117629.19000000", "time": "2025-07-16T00:23:14.084059Z", "fetched_at": "2025-07-16T00:23:25.199716+00:00", "symbol": "BTC-USD"}, {"trade_id": 850016463, "side": "sell", "size": "0.00005888", "price": "117629.19000000", "time": "2025-07-16T00:23:14.084059Z", "fetched_at": "2025-07-16T00:23:25.199716+00:00", "symbol": "BTC-USD"}, {"trade_id": 850016462, "side": "sell", "size": "0.00000739", "price": "117629.19000000", "time": "2025-07-16T00:23:14.084059Z", "fetched_at": "2025-07-16T00:23:25.199716+00:00", "symbol": "BTC-USD"}, {"trade_id": 850016461, "side": "sell", "size": "0.00005619", "price": "117629.19000000", "time": "2025-07-16T00:23:14.084059Z", "fetched_at": "2025-07-16T00:23:25.199716+00:00", "symbol": "BTC-USD"}, {"trade_id": 850016460, "side": "buy", "size": "0.00060107", "price": "117629.18000000", "time": "2025-07-16T00:23:13.850654Z", "fetched_at": "2025-07-16T00:23:25.199716+00:00", "symbol": "BTC-USD"}, {"trade_id": 850016459, "side": "sell", "size": "0.00002862", "price": "117629.19000000", "time": "2025-07-16T00:23:13.671544Z", "fetched_at": "2025-07-16T00:23:25.199716+00:00", "symbol": "BTC-USD"}, {"trade_id": 850016458, "side": "buy", "size": "0.00028411", "price": "117629.18000000", "time": "2025-07-16T00:23:13.095615Z", "fetched_at": "2025-07-16T00:23:25.199716+00:00", "symbol": "BTC-USD"}, {"trade_id": 850016457, "side": "buy", "size": "0.00005602", "price": "117629.18000000", "time": "2025-07-16T00:23:13.095615Z", "fetched_at": "2025-07-16T00:23:25.199716+00:00", "symbol": "BTC-USD"}, {"trade_id": 850016456, "side": "sell", "size": "0.00007744", "price": "117629.19000000", "time": "2025-07-16T00:23:12.846597Z", "fetched_at": "2025-07-16T00:23:25.199716+00:00", "symbol": "BTC-USD"}, {"trade_id": 850016455, "side": "sell", "size": "0.00003838", "price": "117629.19000000", "time": "2025-07-16T00:23:12.162641Z", "fetched_at": "2025-07-16T00:23:25.199716+00:00", "symbol": "BTC-USD"}, {"trade_id": 850016454, "side": "sell", "size": "0.00000191", "price": "117629.19000000", "time": "2025-07-16T00:23:12.162641Z", "fetched_at": "2025-07-16T00:23:25.199716+00:00", "symbol": "BTC-USD"}, {"trade_id": 850016453, "side": "buy", "size": "0.00017177", "price": "117629.18000000", "time": "2025-07-16T00:23:10.618390Z", "fetched_at": "2025-07-16T00:23:25.199716+00:00", "symbol": "BTC-USD"}, {"trade_id": 850016452, "side": "sell", "size": "0.00001111", "price": "117629.19000000", "time": "2025-07-16T00:23:10.226937Z", "fetched_at": "2025-07-16T00:23:25.199716+00:00", "symbol": "BTC-USD"}, {"trade_id": 850016451, "side": "sell", "size": "0.00413173", "price": "117629.19000000", "time": "2025-07-16T00:23:10.021897Z", "fetched_at": "2025-07-16T00:23:25.199716+00:00", "symbol": "BTC-USD"}, {"trade_id": 850016450, "side": "buy", "size": "0.01391803", "price": "117629.18000000", "time": "2025-07-16T00:23:09.852210Z", "fetched_at": "2025-07-16T00:23:25.199716+00:00", "symbol": "BTC-USD"}, {"trade_id": 850016449, "side": "sell", "size": "0.00020306", "price": "117629.19000000", "time": "2025-07-16T00:23:09.768259Z", "fetched_at": "2025-07-16T00:23:25.199716+00:00", "symbol": "BTC-USD"}, {"trade_id": 850016448, "side": "buy", "size": "0.00009352", "price": "117629.18000000", "time": "2025-07-16T00:23:09.657036Z", "fetched_at": "2025-07-16T00:23:25.199716+00:00", "symbol": "BTC-USD"}, {"trade_id": 850016447, "side": "sell", "size": "0.00016525", "price": "117629.19000000", "time": "2025-07-16T00:23:09.578208Z", "fetched_at": "2025-07-16T00:23:25.199716+00:00", "symbol": "BTC-USD"}, {"trade_id": 850016446, "side": "sell", "size": "0.03281468", "price": "117629.19000000", "time": "2025-07-16T00:23:09.577554Z", "fetched_at": "2025-07-16T00:23:25.199716+00:00", "symbol": "BTC-USD"}, {"trade_id": 850016445, "side": "sell", "size": "0.00019873", "price": "117629.09000000", "time": "2025-07-16T00:23:09.577554Z", "fetched_at": "2025-07-16T00:23:25.199716+00:00", "symbol": "BTC-USD"}, {"trade_id": 850016444, "side": "sell", "size": "0.00000068", "price": "117629.09000000", "time": "2025-07-16T00:23:09.577554Z", "fetched_at": "2025-07-16T00:23:25.199716+00:00", "symbol": "BTC-USD"}, {"trade_id": 850016443, "side": "sell", "size": "0.00000589", "price": "117629.09000000", "time": "2025-07-16T00:23:09.577554Z", "fetched_at": "2025-07-16T00:23:25.199716+00:00", "symbol": "BTC-USD"}, {"trade_id": 850016442, "side": "sell", "size": "0.00000718", "price": "117629.09000000", "time": "2025-07-16T00:23:09.577554Z", "fetched_at": "2025-07-16T00:23:25.199716+00:00", "symbol": "BTC-USD"}, {"trade_id": 850016441, "side": "sell", "size": "0.00002735", "price": "117625.81000000", "time": "2025-07-16T00:23:09.577554Z", "fetched_at": "2025-07-16T00:23:25.199716+00:00", "symbol": "BTC-USD"}, {"trade_id": 850016440, "side": "sell", "size": "0.00368403", "price": "117629.09000000", "time": "2025-07-16T00:23:09.277216Z", "fetched_at": "2025-07-16T00:23:25.199716+00:00", "symbol": "BTC-USD"}, {"trade_id": 850016439, "side": "sell", "size": "0.00002633", "price": "117625.76000000", "time": "2025-07-16T00:23:09.277216Z", "fetched_at": "2025-07-16T00:23:25.199716+00:00", "symbol": "BTC-USD"}, {"trade_id": 850016438, "side": "sell", "size": "0.00060505", "price": "117629.09000000", "time": "2025-07-16T00:23:08.801762Z", "fetched_at": "2025-07-16T00:23:25.199716+00:00", "symbol": "BTC-USD"}, {"trade_id": 850016437, "side": "sell", "size": "0.00002633", "price": "117625.76000000", "time": "2025-07-16T00:23:08.801762Z", "fetched_at": "2025-07-16T00:23:25.199716+00:00", "symbol": "BTC-USD"}, {"trade_id": 850016436, "side": "sell", "size": "0.00004171", "price": "117629.09000000", "time": "2025-07-16T00:23:08.274048Z", "fetched_at": "2025-07-16T00:23:25.199716+00:00", "symbol": "BTC-USD"}, {"trade_id": 850016435, "side": "sell", "size": "0.00000008", "price": "117629.09000000", "time": "2025-07-16T00:23:08.228564Z", "fetched_at": "2025-07-16T00:23:25.199716+00:00", "symbol": "BTC-USD"}, {"trade_id": 850016434, "side": "sell", "size": "0.00006399", "price": "117629.09000000", "time": "2025-07-16T00:23:08.209656Z", "fetched_at": "2025-07-16T00:23:25.199716+00:00", "symbol": "BTC-USD"}, {"trade_id": 850016433, "side": "sell", "size": "0.00002005", "price": "117625.76000000", "time": "2025-07-16T00:23:08.209656Z", "fetched_at": "2025-07-16T00:23:25.199716+00:00", "symbol": "BTC-USD"}, {"trade_id": 850016432, "side": "sell", "size": "0.00000900", "price": "117625.76000000", "time": "2025-07-16T00:23:08.207995Z", "fetched_at": "2025-07-16T00:23:25.199716+00:00", "symbol": "BTC-USD"}, {"trade_id": 850016431, "side": "sell", "size": "0.00037324", "price": "117629.09000000", "time": "2025-07-16T00:23:07.967372Z", "fetched_at": "2025-07-16T00:23:25.199716+00:00", "symbol": "BTC-USD"}, {"trade_id": 850016430, "side": "sell", "size": "0.00000212", "price": "117624.38000000", "time": "2025-07-16T00:23:07.967372Z", "fetched_at": "2025-07-16T00:23:25.199716+00:00", "symbol": "BTC-USD"}, {"trade_id": 850016429, "side": "sell", "size": "0.00002788", "price": "117624.38000000", "time": "2025-07-16T00:23:07.967372Z", "fetched_at": "2025-07-16T00:23:25.199716+00:00", "symbol": "BTC-USD"}, {"trade_id": 850016428, "side": "sell", "size": "0.00037419", "price": "117629.09000000", "time": "2025-07-16T00:23:07.290214Z", "fetched_at": "2025-07-16T00:23:25.199716+00:00", "symbol": "BTC-USD"}, {"trade_id": 850016427, "side": "sell", "size": "0.00002905", "price": "117624.38000000", "time": "2025-07-16T00:23:07.290214Z", "fetched_at": "2025-07-16T00:23:25.199716+00:00", "symbol": "BTC-USD"}, {"trade_id": 850016426, "side": "sell", "size": "0.00100095", "price": "117629.09000000", "time": "2025-07-16T00:23:06.923837Z", "fetched_at": "2025-07-16T00:23:25.199716+00:00", "symbol": "BTC-USD"}, {"trade_id": 850016425, "side": "sell", "size": "0.00031234", "price": "117629.09000000", "time": "2025-07-16T00:23:06.918856Z", "fetched_at": "2025-07-16T00:23:25.199716+00:00", "symbol": "BTC-USD"}, {"trade_id": 850016424, "side": "sell", "size": "0.00850155", "price": "117625.55000000", "time": "2025-07-16T00:23:06.918856Z", "fetched_at": "2025-07-16T00:23:25.199716+00:00", "symbol": "BTC-USD"}, {"trade_id": 850016423, "side": "sell", "size": "0.00002434", "price": "117623.79000000", "time": "2025-07-16T00:23:06.918856Z", "fetched_at": "2025-07-16T00:23:25.199716+00:00", "symbol": "BTC-USD"}, {"trade_id": 850016422, "side": "sell", "size": "0.00012559", "price": "117623.79000000", "time": "2025-07-16T00:23:06.918856Z", "fetched_at": "2025-07-16T00:23:25.199716+00:00", "symbol": "BTC-USD"}, {"trade_id": 850016421, "side": "sell", "size": "0.00007314", "price": "117623.79000000", "time": "2025-07-16T00:23:06.903839Z", "fetched_at": "2025-07-16T00:23:25.199716+00:00", "symbol": "BTC-USD"}, {"trade_id": 850016420, "side": "sell", "size": "0.00003984", "price": "117623.79000000", "time": "2025-07-16T00:23:06.903839Z", "fetched_at": "2025-07-16T00:23:25.199716+00:00", "symbol": "BTC-USD"}, {"trade_id": 850016419, "side": "sell", "size": "0.00007235", "price": "117623.79000000", "time": "2025-07-16T00:23:06.903839Z", "fetched_at": "2025-07-16T00:23:25.199716+00:00", "symbol": "BTC-USD"}, {"trade_id": 850016418, "side": "sell", "size": "0.00001275", "price": "117623.79000000", "time": "2025-07-16T00:23:06.903839Z", "fetched_at": "2025-07-16T00:23:25.199716+00:00", "symbol": "BTC-USD"}, {"trade_id": 850016417, "side": "sell", "size": "0.00082635", "price": "117623.79000000", "time": "2025-07-16T00:23:06.207285Z", "fetched_at": "2025-07-16T00:23:25.199716+00:00", "symbol": "BTC-USD"}, {"trade_id": 850016416, "side": "sell", "size": "0.00161313", "price": "117623.79000000", "time": "2025-07-16T00:23:05.829045Z", "fetched_at": "2025-07-16T00:23:25.199716+00:00", "symbol": "BTC-USD"}, {"trade_id": 850016415, "side": "sell", "size": "0.00249062", "price": "117623.79000000", "time": "2025-07-16T00:23:05.630001Z", "fetched_at": "2025-07-16T00:23:25.199716+00:00", "symbol": "BTC-USD"}, {"trade_id": 850016414, "side": "buy", "size": "0.03435374", "price": "117623.78000000", "time": "2025-07-16T00:23:05.565907Z", "fetched_at": "2025-07-16T00:23:25.199716+00:00", "symbol": "BTC-USD"}, {"trade_id": 850016413, "side": "sell", "size": "0.00036812", "price": "117623.79000000", "time": "2025-07-16T00:23:05.497896Z", "fetched_at": "2025-07-16T00:23:25.199716+00:00", "symbol": "BTC-USD"}, {"trade_id": 850016412, "side": "sell", "size": "0.00826347", "price": "117623.79000000", "time": "2025-07-16T00:23:05.106365Z", "fetched_at": "2025-07-16T00:23:25.199716+00:00", "symbol": "BTC-USD"}, {"trade_id": 850016411, "side": "sell", "size": "0.00012207", "price": "117623.79000000", "time": "2025-07-16T00:23:04.692853Z", "fetched_at": "2025-07-16T00:23:25.199716+00:00", "symbol": "BTC-USD"}, {"trade_id": 850016410, "side": "sell", "size": "0.00074368", "price": "117623.79000000", "time": "2025-07-16T00:23:04.408392Z", "fetched_at": "2025-07-16T00:23:25.199716+00:00", "symbol": "BTC-USD"}, {"trade_id": 850016409, "side": "sell", "size": "0.00030919", "price": "117623.79000000", "time": "2025-07-16T00:23:04.247198Z", "fetched_at": "2025-07-16T00:23:25.199716+00:00", "symbol": "BTC-USD"}, {"trade_id": 850016408, "side": "buy", "size": "0.00006809", "price": "117623.78000000", "time": "2025-07-16T00:23:03.965091Z", "fetched_at": "2025-07-16T00:23:25.199716+00:00", "symbol": "BTC-USD"}, {"trade_id": 850016407, "side": "sell", "size": "0.00020162", "price": "117623.79000000", "time": "2025-07-16T00:23:03.931602Z", "fetched_at": "2025-07-16T00:23:25.199716+00:00", "symbol": "BTC-USD"}, {"trade_id": 850016406, "side": "buy", "size": "0.00021585", "price": "117622.53000000", "time": "2025-07-16T00:23:03.630513Z", "fetched_at": "2025-07-16T00:23:25.199716+00:00", "symbol": "BTC-USD"}, {"trade_id": 850016405, "side": "buy", "size": "0.00003449", "price": "117622.53000000", "time": "2025-07-16T00:23:03.630513Z", "fetched_at": "2025-07-16T00:23:25.199716+00:00", "symbol": "BTC-USD"}, {"trade_id": 850016404, "side": "buy", "size": "0.00009352", "price": "117623.78000000", "time": "2025-07-16T00:23:03.630513Z", "fetched_at": "2025-07-16T00:23:25.199716+00:00", "symbol": "BTC-USD"}, {"trade_id": 850016403, "side": "buy", "size": "0.00012798", "price": "117622.53000000", "time": "2025-07-16T00:23:03.492073Z", "fetched_at": "2025-07-16T00:23:25.199716+00:00", "symbol": "BTC-USD"}, {"trade_id": 850016402, "side": "sell", "size": "0.00081559", "price": "117623.79000000", "time": "2025-07-16T00:23:03.325552Z", "fetched_at": "2025-07-16T00:23:25.199716+00:00", "symbol": "BTC-USD"}, {"trade_id": 850016401, "side": "sell", "size": "0.00000345", "price": "117623.52000000", "time": "2025-07-16T00:23:03.325552Z", "fetched_at": "2025-07-16T00:23:25.199716+00:00", "symbol": "BTC-USD"}, {"trade_id": 850016400, "side": "sell", "size": "0.00002785", "price": "117622.03000000", "time": "2025-07-16T00:23:03.325552Z", "fetched_at": "2025-07-16T00:23:25.199716+00:00", "symbol": "BTC-USD"}, {"trade_id": 850016399, "side": "sell", "size": "0.00000655", "price": "117623.52000000", "time": "2025-07-16T00:23:03.099439Z", "fetched_at": "2025-07-16T00:23:25.199716+00:00", "symbol": "BTC-USD"}, {"trade_id": 850016398, "side": "sell", "size": "0.00001000", "price": "117614.70000000", "time": "2025-07-16T00:23:03.099439Z", "fetched_at": "2025-07-16T00:23:25.199716+00:00", "symbol": "BTC-USD"}, {"trade_id": 850016397, "side": "sell", "size": "0.00002785", "price": "117605.88000000", "time": "2025-07-16T00:23:03.042373Z", "fetched_at": "2025-07-16T00:23:25.199716+00:00", "symbol": "BTC-USD"}, {"trade_id": 850016396, "side": "sell", "size": "0.00001000", "price": "117605.88000000", "time": "2025-07-16T00:23:03.040306Z", "fetched_at": "2025-07-16T00:23:25.199716+00:00", "symbol": "BTC-USD"}, {"trade_id": 850016395, "side": "sell", "size": "0.00850314", "price": "117603.61000000", "time": "2025-07-16T00:23:03.021930Z", "fetched_at": "2025-07-16T00:23:25.199716+00:00", "symbol": "BTC-USD"}, {"trade_id": 850016394, "side": "sell", "size": "0.00150000", "price": "117601.85000000", "time": "2025-07-16T00:23:03.021930Z", "fetched_at": "2025-07-16T00:23:25.199716+00:00", "symbol": "BTC-USD"}, {"trade_id": 850016393, "side": "sell", "size": "0.32227474", "price": "117600.00000000", "time": "2025-07-16T00:23:02.644990Z", "fetched_at": "2025-07-16T00:23:25.199716+00:00", "symbol": "BTC-USD"}, {"trade_id": 850016392, "side": "sell", "size": "0.00001034", "price": "117600.00000000", "time": "2025-07-16T00:23:02.644990Z", "fetched_at": "2025-07-16T00:23:25.199716+00:00", "symbol": "BTC-USD"}, {"trade_id": 850016391, "side": "sell", "size": "0.00000425", "price": "117600.00000000", "time": "2025-07-16T00:23:02.644990Z", "fetched_at": "2025-07-16T00:23:25.199716+00:00", "symbol": "BTC-USD"}, {"trade_id": 850016390, "side": "sell", "size": "0.00017191", "price": "117600.00000000", "time": "2025-07-16T00:23:02.644990Z", "fetched_at": "2025-07-16T00:23:25.199716+00:00", "symbol": "BTC-USD"}, {"trade_id": 850016389, "side": "sell", "size": "0.00000664", "price": "117600.00000000", "time": "2025-07-16T00:23:02.644990Z", "fetched_at": "2025-07-16T00:23:25.199716+00:00", "symbol": "BTC-USD"}, {"trade_id": 850016388, "side": "sell", "size": "0.02524560", "price": "117600.00000000", "time": "2025-07-16T00:23:02.644990Z", "fetched_at": "2025-07-16T00:23:25.199716+00:00", "symbol": "BTC-USD"}, {"trade_id": 850016387, "side": "sell", "size": "0.04148904", "price": "117600.00000000", "time": "2025-07-16T00:23:02.593145Z", "fetched_at": "2025-07-16T00:23:25.199716+00:00", "symbol": "BTC-USD"}, {"trade_id": 850016386, "side": "sell", "size": "0.00016525", "price": "117600.00000000", "time": "2025-07-16T00:23:01.643361Z", "fetched_at": "2025-07-16T00:23:25.199716+00:00", "symbol": "BTC-USD"}, {"trade_id": 850016385, "side": "sell", "size": "0.00700000", "price": "117600.00000000", "time": "2025-07-16T00:23:01.057184Z", "fetched_at": "2025-07-16T00:23:25.199716+00:00", "symbol": "BTC-USD"}, {"trade_id": 850016384, "side": "sell", "size": "0.00007746", "price": "117600.00000000", "time": "2025-07-16T00:23:00.922934Z", "fetched_at": "2025-07-16T00:23:25.199716+00:00", "symbol": "BTC-USD"}, {"trade_id": 850016383, "side": "sell", "size": "0.00041300", "price": "117600.00000000", "time": "2025-07-16T00:23:00.274611Z", "fetched_at": "2025-07-16T00:23:25.199716+00:00", "symbol": "BTC-USD"}, {"trade_id": 850016382, "side": "sell", "size": "0.00008418", "price": "117600.00000000", "time": "2025-07-16T00:22:59.648664Z", "fetched_at": "2025-07-16T00:23:25.199716+00:00", "symbol": "BTC-USD"}, {"trade_id": 850016381, "side": "sell", "size": "0.00004030", "price": "117600.00000000", "time": "2025-07-16T00:22:59.041871Z", "fetched_at": "2025-07-16T00:23:25.199716+00:00", "symbol": "BTC-USD"}, {"trade_id": 850016380, "side": "buy", "size": "0.00073382", "price": "117599.99000000", "time": "2025-07-16T00:22:58.845069Z", "fetched_at": "2025-07-16T00:23:25.199716+00:00", "symbol": "BTC-USD"}, {"trade_id": 850016379, "side": "buy", "size": "0.00011828", "price": "117599.99000000", "time": "2025-07-16T00:22:58.845069Z", "fetched_at": "2025-07-16T00:23:25.199716+00:00", "symbol": "BTC-USD"}, {"trade_id": 850016378, "side": "buy", "size": "0.01472000", "price": "117599.99000000", "time": "2025-07-16T00:22:58.845069Z", "fetched_at": "2025-07-16T00:23:25.199716+00:00", "symbol": "BTC-USD"}, {"trade_id": 850016377, "side": "buy", "size": "0.00092148", "price": "117599.99000000", "time": "2025-07-16T00:22:57.540387Z", "fetched_at": "2025-07-16T00:23:25.199716+00:00", "symbol": "BTC-USD"}, {"trade_id": 850016376, "side": "buy", "size": "0.00035178", "price": "117599.99000000", "time": "2025-07-16T00:22:57.540387Z", "fetched_at": "2025-07-16T00:23:25.199716+00:00", "symbol": "BTC-USD"}, {"trade_id": 850016375, "side": "sell", "size": "0.00177249", "price": "117600.00000000", "time": "2025-07-16T00:22:57.468118Z", "fetched_at": "2025-07-16T00:23:25.199716+00:00", "symbol": "BTC-USD"}, {"trade_id": 850016374, "side": "sell", "size": "0.00127440", "price": "117600.00000000", "time": "2025-07-16T00:22:57.129060Z", "fetched_at": "2025-07-16T00:23:25.199716+00:00", "symbol": "BTC-USD"}, {"trade_id": 850016373, "side": "buy", "size": "0.00079083", "price": "117599.99000000", "time": "2025-07-16T00:22:57.049172Z", "fetched_at": "2025-07-16T00:23:25.199716+00:00", "symbol": "BTC-USD"}, {"trade_id": 850016372, "side": "sell", "size": "0.00084186", "price": "117600.00000000", "time": "2025-07-16T00:22:56.916499Z", "fetched_at": "2025-07-16T00:23:25.199716+00:00", "symbol": "BTC-USD"}, {"trade_id": 850016371, "side": "buy", "size": "0.00004263", "price": "117599.99000000", "time": "2025-07-16T00:22:56.729239Z", "fetched_at": "2025-07-16T00:23:25.199716+00:00", "symbol": "BTC-USD"}, {"trade_id": 850016370, "side": "sell", "size": "0.00016879", "price": "117600.00000000", "time": "2025-07-16T00:22:54.800517Z", "fetched_at": "2025-07-16T00:23:25.199716+00:00", "symbol": "BTC-USD"}, {"trade_id": 850016369, "side": "sell", "size": "0.00082637", "price": "117600.00000000", "time": "2025-07-16T00:22:52.651624Z", "fetched_at": "2025-07-16T00:23:25.199716+00:00", "symbol": "BTC-USD"}, {"trade_id": 850016368, "side": "sell", "size": "0.04187668", "price": "117600.00000000", "time": "2025-07-16T00:22:52.589622Z", "fetched_at": "2025-07-16T00:23:25.199716+00:00", "symbol": "BTC-USD"}, {"trade_id": 850016367, "side": "sell", "size": "0.00001515", "price": "117600.00000000", "time": "2025-07-16T00:22:51.666790Z", "fetched_at": "2025-07-16T00:23:25.199716+00:00", "symbol": "BTC-USD"}, {"trade_id": 850016366, "side": "sell", "size": "0.00020019", "price": "117600.00000000", "time": "2025-07-16T00:22:51.210568Z", "fetched_at": "2025-07-16T00:23:25.199716+00:00", "symbol": "BTC-USD"}, {"trade_id": 850016365, "side": "sell", "size": "0.01557288", "price": "117600.00000000", "time": "2025-07-16T00:22:50.897665Z", "fetched_at": "2025-07-16T00:23:25.199716+00:00", "symbol": "BTC-USD"}, {"trade_id": 850016364, "side": "sell", "size": "0.00086935", "price": "117600.00000000", "time": "2025-07-16T00:22:50.477452Z", "fetched_at": "2025-07-16T00:23:25.199716+00:00", "symbol": "BTC-USD"}, {"trade_id": 850016363, "side": "sell", "size": "0.00000978", "price": "117599.79000000", "time": "2025-07-16T00:22:50.477452Z", "fetched_at": "2025-07-16T00:23:25.199716+00:00", "symbol": "BTC-USD"}, {"trade_id": 850016362, "side": "sell", "size": "0.03433500", "price": "117599.79000000", "time": "2025-07-16T00:22:49.917695Z", "fetched_at": "2025-07-16T00:23:25.199716+00:00", "symbol": "BTC-USD"}, {"trade_id": 850016361, "side": "buy", "size": "0.00761185", "price": "117599.78000000", "time": "2025-07-16T00:22:49.863752Z", "fetched_at": "2025-07-16T00:23:25.199716+00:00", "symbol": "BTC-USD"}, {"trade_id": 850016360, "side": "buy", "size": "0.00105059", "price": "117599.79000000", "time": "2025-07-16T00:22:49.863752Z", "fetched_at": "2025-07-16T00:23:25.199716+00:00", "symbol": "BTC-USD"}, {"trade_id": 850016359, "side": "buy", "size": "0.01582421", "price": "117599.79000000", "time": "2025-07-16T00:22:49.863752Z", "fetched_at": "2025-07-16T00:23:25.199716+00:00", "symbol": "BTC-USD"}, {"trade_id": 850016358, "side": "buy", "size": "0.00001306", "price": "117599.79000000", "time": "2025-07-16T00:22:49.564209Z", "fetched_at": "2025-07-16T00:23:25.199716+00:00", "symbol": "BTC-USD"}, {"trade_id": 850016357, "side": "sell", "size": "0.00001371", "price": "117600.00000000", "time": "2025-07-16T00:22:49.194614Z", "fetched_at": "2025-07-16T00:23:25.199716+00:00", "symbol": "BTC-USD"}, {"trade_id": 850016356, "side": "sell", "size": "0.00004030", "price": "117600.00000000", "time": "2025-07-16T00:22:49.145247Z", "fetched_at": "2025-07-16T00:23:25.199716+00:00", "symbol": "BTC-USD"}, {"trade_id": 850016355, "side": "sell", "size": "0.00049201", "price": "117600.00000000", "time": "2025-07-16T00:22:48.915950Z", "fetched_at": "2025-07-16T00:23:25.199716+00:00", "symbol": "BTC-USD"}, {"trade_id": 850016354, "side": "sell", "size": "0.00001310", "price": "117599.77000000", "time": "2025-07-16T00:22:48.915950Z", "fetched_at": "2025-07-16T00:23:25.199716+00:00", "symbol": "BTC-USD"}, {"trade_id": 850016353, "side": "sell", "size": "0.00014241", "price": "117600.00000000", "time": "2025-07-16T00:22:48.532284Z", "fetched_at": "2025-07-16T00:23:25.199716+00:00", "symbol": "BTC-USD"}, {"trade_id": 850016352, "side": "sell", "size": "0.00001534", "price": "117599.77000000", "time": "2025-07-16T00:22:48.532284Z", "fetched_at": "2025-07-16T00:23:25.199716+00:00", "symbol": "BTC-USD"}, {"trade_id": 850016351, "side": "sell", "size": "0.00001310", "price": "117599.77000000", "time": "2025-07-16T00:22:48.532284Z", "fetched_at": "2025-07-16T00:23:25.199716+00:00", "symbol": "BTC-USD"}, {"trade_id": 850016350, "side": "buy", "size": "0.01339940", "price": "117599.87000000", "time": "2025-07-16T00:22:47.810065Z", "fetched_at": "2025-07-16T00:23:25.199716+00:00", "symbol": "BTC-USD"}, {"trade_id": 850016349, "side": "buy", "size": "0.00359371", "price": "117599.87000000", "time": "2025-07-16T00:22:47.810065Z", "fetched_at": "2025-07-16T00:23:25.199716+00:00", "symbol": "BTC-USD"}, {"trade_id": 850016348, "side": "sell", "size": "0.63737832", "price": "117600.00000000", "time": "2025-07-16T00:22:46.987780Z", "fetched_at": "2025-07-16T00:23:25.199716+00:00", "symbol": "BTC-USD"}, {"trade_id": 850016347, "side": "sell", "size": "0.86706974", "price": "117599.99000000", "time": "2025-07-16T00:22:46.987780Z", "fetched_at": "2025-07-16T00:23:25.199716+00:00", "symbol": "BTC-USD"}, {"trade_id": 850016346, "side": "sell", "size": "0.00850341", "price": "117599.76000000", "time": "2025-07-16T00:22:46.987780Z", "fetched_at": "2025-07-16T00:23:25.199716+00:00", "symbol": "BTC-USD"}, {"trade_id": 850016345, "side": "sell", "size": "0.00850348", "price": "117598.92000000", "time": "2025-07-16T00:22:46.987780Z", "fetched_at": "2025-07-16T00:23:25.199716+00:00", "symbol": "BTC-USD"}, {"trade_id": 850016344, "side": "sell", "size": "0.00001533", "price": "117597.16000000", "time": "2025-07-16T00:22:46.987780Z", "fetched_at": "2025-07-16T00:23:25.199716+00:00", "symbol": "BTC-USD"}, {"trade_id": 850016343, "side": "sell", "size": "0.00001468", "price": "117597.16000000", "time": "2025-07-16T00:22:46.987780Z", "fetched_at": "2025-07-16T00:23:25.199716+00:00", "symbol": "BTC-USD"}, {"trade_id": 850016342, "side": "sell", "size": "0.02495178", "price": "117597.16000000", "time": "2025-07-16T00:22:46.987780Z", "fetched_at": "2025-07-16T00:23:25.199716+00:00", "symbol": "BTC-USD"}, {"trade_id": 850016341, "side": "sell", "size": "0.02181081", "price": "117597.16000000", "time": "2025-07-16T00:22:46.987780Z", "fetched_at": "2025-07-16T00:23:25.199716+00:00", "symbol": "BTC-USD"}, {"trade_id": 850016340, "side": "sell", "size": "0.12573746", "price": "117597.16000000", "time": "2025-07-16T00:22:46.987780Z", "fetched_at": "2025-07-16T00:23:25.199716+00:00", "symbol": "BTC-USD"}, {"trade_id": 850016339, "side": "sell", "size": "0.00153000", "price": "117597.16000000", "time": "2025-07-16T00:22:46.145784Z", "fetched_at": "2025-07-16T00:23:25.199716+00:00", "symbol": "BTC-USD"}, {"trade_id": 850016338, "side": "buy", "size": "0.00711129", "price": "117597.15000000", "time": "2025-07-16T00:22:45.485514Z", "fetched_at": "2025-07-16T00:23:25.199716+00:00", "symbol": "BTC-USD"}, {"trade_id": 850016337, "side": "buy", "size": "0.00008498", "price": "117597.15000000", "time": "2025-07-16T00:22:44.638015Z", "fetched_at": "2025-07-16T00:23:25.199716+00:00", "symbol": "BTC-USD"}, {"trade_id": 850016336, "side": "buy", "size": "0.00001000", "price": "117597.15000000", "time": "2025-07-16T00:22:44.638015Z", "fetched_at": "2025-07-16T00:23:25.199716+00:00", "symbol": "BTC-USD"}, {"trade_id": 850016335, "side": "sell", "size": "0.00061978", "price": "117597.16000000", "time": "2025-07-16T00:22:44.391451Z", "fetched_at": "2025-07-16T00:23:25.199716+00:00", "symbol": "BTC-USD"}, {"trade_id": 850016334, "side": "sell", "size": "0.00012101", "price": "117597.16000000", "time": "2025-07-16T00:22:43.160278Z", "fetched_at": "2025-07-16T00:23:25.199716+00:00", "symbol": "BTC-USD"}, {"trade_id": 850016333, "side": "sell", "size": "0.00420918", "price": "117597.16000000", "time": "2025-07-16T00:22:43.018149Z", "fetched_at": "2025-07-16T00:23:25.199716+00:00", "symbol": "BTC-USD"}, {"trade_id": 850016332, "side": "sell", "size": "0.00008257", "price": "117597.16000000", "time": "2025-07-16T00:22:42.463974Z", "fetched_at": "2025-07-16T00:23:25.199716+00:00", "symbol": "BTC-USD"}, {"trade_id": 850016331, "side": "sell", "size": "0.06796412", "price": "117599.79000000", "time": "2025-07-16T00:22:41.519817Z", "fetched_at": "2025-07-16T00:23:25.199716+00:00", "symbol": "BTC-USD"}, {"trade_id": 850016330, "side": "sell", "size": "0.00931604", "price": "117599.78000000", "time": "2025-07-16T00:22:41.519817Z", "fetched_at": "2025-07-16T00:23:25.199716+00:00", "symbol": "BTC-USD"}, {"trade_id": 850016329, "side": "sell", "size": "0.00034000", "price": "117599.58000000", "time": "2025-07-16T00:22:41.519817Z", "fetched_at": "2025-07-16T00:23:25.199716+00:00", "symbol": "BTC-USD"}, {"trade_id": 850016328, "side": "sell", "size": "0.00850353", "price": "117598.24000000", "time": "2025-07-16T00:22:41.519817Z", "fetched_at": "2025-07-16T00:23:25.199716+00:00", "symbol": "BTC-USD"}, {"trade_id": 850016327, "side": "sell", "size": "0.00013254", "price": "117598.04000000", "time": "2025-07-16T00:22:41.519817Z", "fetched_at": "2025-07-16T00:23:25.199716+00:00", "symbol": "BTC-USD"}, {"trade_id": 850016326, "side": "sell", "size": "0.03298988", "price": "117598.04000000", "time": "2025-07-16T00:22:41.519817Z", "fetched_at": "2025-07-16T00:23:25.199716+00:00", "symbol": "BTC-USD"}, {"trade_id": 850016325, "side": "sell", "size": "0.02007745", "price": "117598.01000000", "time": "2025-07-16T00:22:41.519817Z", "fetched_at": "2025-07-16T00:23:25.199716+00:00", "symbol": "BTC-USD"}, {"trade_id": 850016324, "side": "sell", "size": "0.02623337", "price": "117596.48000000", "time": "2025-07-16T00:22:41.519817Z", "fetched_at": "2025-07-16T00:23:25.199716+00:00", "symbol": "BTC-USD"}, {"trade_id": 850016323, "side": "sell", "size": "0.02571114", "price": "117596.48000000", "time": "2025-07-16T00:22:41.519817Z", "fetched_at": "2025-07-16T00:23:25.199716+00:00", "symbol": "BTC-USD"}, {"trade_id": 850016322, "side": "sell", "size": "0.13230000", "price": "117596.48000000", "time": "2025-07-16T00:22:41.519817Z", "fetched_at": "2025-07-16T00:23:25.199716+00:00", "symbol": "BTC-USD"}, {"trade_id": 850016321, "side": "sell", "size": "0.18477000", "price": "117596.48000000", "time": "2025-07-16T00:22:41.519817Z", "fetched_at": "2025-07-16T00:23:25.199716+00:00", "symbol": "BTC-USD"}, {"trade_id": 850016320, "side": "buy", "size": "0.00000900", "price": "117598.03000000", "time": "2025-07-16T00:22:41.162511Z", "fetched_at": "2025-07-16T00:23:25.199716+00:00", "symbol": "BTC-USD"}, {"trade_id": 850016319, "side": "buy", "size": "0.05501000", "price": "117598.03000000", "time": "2025-07-16T00:22:41.162511Z", "fetched_at": "2025-07-16T00:23:25.199716+00:00", "symbol": "BTC-USD"}, {"trade_id": 850016318, "side": "buy", "size": "0.00000900", "price": "117598.03000000", "time": "2025-07-16T00:22:41.162511Z", "fetched_at": "2025-07-16T00:23:25.199716+00:00", "symbol": "BTC-USD"}, {"trade_id": 850016317, "side": "buy", "size": "0.00009354", "price": "117598.03000000", "time": "2025-07-16T00:22:41.162511Z", "fetched_at": "2025-07-16T00:23:25.199716+00:00", "symbol": "BTC-USD"}, {"trade_id": 850016316, "side": "sell", "size": "0.00005893", "price": "117598.04000000", "time": "2025-07-16T00:22:40.022079Z", "fetched_at": "2025-07-16T00:23:25.199716+00:00", "symbol": "BTC-USD"}, {"trade_id": 850016315, "side": "sell", "size": "0.00202953", "price": "117598.04000000", "time": "2025-07-16T00:22:39.921550Z", "fetched_at": "2025-07-16T00:23:25.199716+00:00", "symbol": "BTC-USD"}, {"trade_id": 850016314, "side": "sell", "size": "0.00000926", "price": "117598.04000000", "time": "2025-07-16T00:22:39.781060Z", "fetched_at": "2025-07-16T00:23:25.199716+00:00", "symbol": "BTC-USD"}, {"trade_id": 850016313, "side": "sell", "size": "0.00070000", "price": "117598.04000000", "time": "2025-07-16T00:22:39.068931Z", "fetched_at": "2025-07-16T00:23:25.199716+00:00", "symbol": "BTC-USD"}, {"trade_id": 850016312, "side": "sell", "size": "0.00000210", "price": "117598.17000000", "time": "2025-07-16T00:22:38.044223Z", "fetched_at": "2025-07-16T00:23:25.199716+00:00", "symbol": "BTC-USD"}, {"trade_id": 850016311, "side": "sell", "size": "0.00001280", "price": "117598.16000000", "time": "2025-07-16T00:22:38.044223Z", "fetched_at": "2025-07-16T00:23:25.199716+00:00", "symbol": "BTC-USD"}, {"trade_id": 850016310, "side": "buy", "size": "0.00033590", "price": "117596.55000000", "time": "2025-07-16T00:22:37.841255Z", "fetched_at": "2025-07-16T00:23:25.199716+00:00", "symbol": "BTC-USD"}, {"trade_id": 850016309, "side": "buy", "size": "0.00009354", "price": "117596.56000000", "time": "2025-07-16T00:22:37.841255Z", "fetched_at": "2025-07-16T00:23:25.199716+00:00", "symbol": "BTC-USD"}, {"trade_id": 850016308, "side": "sell", "size": "0.00024195", "price": "117598.21000000", "time": "2025-07-16T00:22:37.591701Z", "fetched_at": "2025-07-16T00:23:25.199716+00:00", "symbol": "BTC-USD"}, {"trade_id": 850016307, "side": "sell", "size": "0.00021654", "price": "117598.21000000", "time": "2025-07-16T00:22:37.561177Z", "fetched_at": "2025-07-16T00:23:25.199716+00:00", "symbol": "BTC-USD"}, {"trade_id": 850016306, "side": "sell", "size": "0.00001046", "price": "117598.20000000", "time": "2025-07-16T00:22:37.561177Z", "fetched_at": "2025-07-16T00:23:25.199716+00:00", "symbol": "BTC-USD"}, {"trade_id": 850016305, "side": "sell", "size": "0.00004030", "price": "117598.31000000", "time": "2025-07-16T00:22:37.004536Z", "fetched_at": "2025-07-16T00:23:25.199716+00:00", "symbol": "BTC-USD"}, {"trade_id": 850016304, "side": "buy", "size": "0.02971516", "price": "117593.51000000", "time": "2025-07-16T00:22:35.550662Z", "fetched_at": "2025-07-16T00:23:25.199716+00:00", "symbol": "BTC-USD"}, {"trade_id": 850016303, "side": "buy", "size": "0.00009354", "price": "117593.52000000", "time": "2025-07-16T00:22:35.550662Z", "fetched_at": "2025-07-16T00:23:25.199716+00:00", "symbol": "BTC-USD"}, {"trade_id": 850016302, "side": "buy", "size": "0.00001000", "price": "117593.60000000", "time": "2025-07-16T00:22:35.550662Z", "fetched_at": "2025-07-16T00:23:25.199716+00:00", "symbol": "BTC-USD"}, {"trade_id": 850016301, "side": "buy", "size": "0.00001625", "price": "117593.60000000", "time": "2025-07-16T00:22:35.524355Z", "fetched_at": "2025-07-16T00:23:25.199716+00:00", "symbol": "BTC-USD"}, {"trade_id": 850016300, "side": "buy", "size": "0.00009354", "price": "117593.61000000", "time": "2025-07-16T00:22:35.524355Z", "fetched_at": "2025-07-16T00:23:25.199716+00:00", "symbol": "BTC-USD"}, {"trade_id": 850016299, "side": "sell", "size": "0.00042093", "price": "117598.70000000", "time": "2025-07-16T00:22:35.363913Z", "fetched_at": "2025-07-16T00:23:25.199716+00:00", "symbol": "BTC-USD"}, {"trade_id": 850016298, "side": "sell", "size": "0.00250391", "price": "117598.70000000", "time": "2025-07-16T00:22:35.153494Z", "fetched_at": "2025-07-16T00:23:25.199716+00:00", "symbol": "BTC-USD"}, {"trade_id": 850016297, "side": "buy", "size": "0.00202439", "price": "117595.78000000", "time": "2025-07-16T00:22:34.559264Z", "fetched_at": "2025-07-16T00:23:25.199716+00:00", "symbol": "BTC-USD"}, {"trade_id": 850016296, "side": "buy", "size": "0.00004915", "price": "117596.12000000", "time": "2025-07-16T00:22:34.559264Z", "fetched_at": "2025-07-16T00:23:25.199716+00:00", "symbol": "BTC-USD"}, {"trade_id": 850016295, "side": "buy", "size": "0.06408000", "price": "117597.27000000", "time": "2025-07-16T00:22:34.559264Z", "fetched_at": "2025-07-16T00:23:25.199716+00:00", "symbol": "BTC-USD"}, {"trade_id": 850016294, "side": "buy", "size": "0.00009354", "price": "117597.42000000", "time": "2025-07-16T00:22:34.559264Z", "fetched_at": "2025-07-16T00:23:25.199716+00:00", "symbol": "BTC-USD"}, {"trade_id": 850016293, "side": "buy", "size": "0.00004995", "price": "117597.44000000", "time": "2025-07-16T00:22:34.559264Z", "fetched_at": "2025-07-16T00:23:25.199716+00:00", "symbol": "BTC-USD"}, {"trade_id": 850016292, "side": "buy", "size": "0.00850300", "price": "117597.44000000", "time": "2025-07-16T00:22:34.559264Z", "fetched_at": "2025-07-16T00:23:25.199716+00:00", "symbol": "BTC-USD"}, {"trade_id": 850016291, "side": "buy", "size": "0.03000000", "price": "117597.44000000", "time": "2025-07-16T00:22:34.559264Z", "fetched_at": "2025-07-16T00:23:25.199716+00:00", "symbol": "BTC-USD"}, {"trade_id": 850016290, "side": "sell", "size": "0.00210467", "price": "117599.99000000", "time": "2025-07-16T00:22:34.358141Z", "fetched_at": "2025-07-16T00:23:25.199716+00:00", "symbol": "BTC-USD"}, {"trade_id": 850016289, "side": "buy", "size": "0.00078440", "price": "117597.44000000", "time": "2025-07-16T00:22:34.196587Z", "fetched_at": "2025-07-16T00:23:25.199716+00:00", "symbol": "BTC-USD"}, {"trade_id": 850016288, "side": "sell", "size": "0.00008419", "price": "117599.99000000", "time": "2025-07-16T00:22:33.379055Z", "fetched_at": "2025-07-16T00:23:25.199716+00:00", "symbol": "BTC-USD"}, {"trade_id": 850016287, "side": "buy", "size": "0.00008293", "price": "117596.44000000", "time": "2025-07-16T00:22:32.806381Z", "fetched_at": "2025-07-16T00:23:25.199716+00:00", "symbol": "BTC-USD"}, {"trade_id": 850016286, "side": "sell", "size": "0.00003570", "price": "117600.00000000", "time": "2025-07-16T00:22:32.487381Z", "fetched_at": "2025-07-16T00:23:25.199716+00:00", "symbol": "BTC-USD"}, {"trade_id": 850016285, "side": "sell", "size": "0.00042093", "price": "117600.00000000", "time": "2025-07-16T00:22:32.445240Z", "fetched_at": "2025-07-16T00:23:25.199716+00:00", "symbol": "BTC-USD"}, {"trade_id": 850016284, "side": "sell", "size": "0.00393403", "price": "117600.00000000", "time": "2025-07-16T00:22:31.817036Z", "fetched_at": "2025-07-16T00:23:25.199716+00:00", "symbol": "BTC-USD"}, {"trade_id": 850016283, "side": "sell", "size": "0.04618358", "price": "117599.99000000", "time": "2025-07-16T00:22:31.817036Z", "fetched_at": "2025-07-16T00:23:25.199716+00:00", "symbol": "BTC-USD"}, {"trade_id": 850016282, "side": "sell", "size": "0.00032882", "price": "117599.97000000", "time": "2025-07-16T00:22:31.817036Z", "fetched_at": "2025-07-16T00:23:25.199716+00:00", "symbol": "BTC-USD"}, {"trade_id": 850016281, "side": "sell", "size": "0.00000221", "price": "117599.83000000", "time": "2025-07-16T00:22:31.817036Z", "fetched_at": "2025-07-16T00:23:25.199716+00:00", "symbol": "BTC-USD"}, {"trade_id": 850016280, "side": "sell", "size": "0.00001161", "price": "117598.98000000", "time": "2025-07-16T00:22:31.817036Z", "fetched_at": "2025-07-16T00:23:25.199716+00:00", "symbol": "BTC-USD"}, {"trade_id": 850016279, "side": "sell", "size": "0.00000937", "price": "117595.79000000", "time": "2025-07-16T00:22:31.817036Z", "fetched_at": "2025-07-16T00:23:25.199716+00:00", "symbol": "BTC-USD"}, {"trade_id": 850016278, "side": "sell", "size": "0.00004079", "price": "117595.79000000", "time": "2025-07-16T00:22:31.817036Z", "fetched_at": "2025-07-16T00:23:25.199716+00:00", "symbol": "BTC-USD"}, {"trade_id": 850016277, "side": "sell", "size": "0.00010045", "price": "117595.79000000", "time": "2025-07-16T00:22:30.955587Z", "fetched_at": "2025-07-16T00:23:25.199716+00:00", "symbol": "BTC-USD"}, {"trade_id": 850016276, "side": "sell", "size": "0.00058941", "price": "117595.79000000", "time": "2025-07-16T00:22:30.401602Z", "fetched_at": "2025-07-16T00:23:25.199716+00:00", "symbol": "BTC-USD"}, {"trade_id": 850016275, "side": "sell", "size": "0.00330550", "price": "117595.79000000", "time": "2025-07-16T00:22:30.302710Z", "fetched_at": "2025-07-16T00:23:25.199716+00:00", "symbol": "BTC-USD"}, {"trade_id": 850016274, "side": "sell", "size": "0.00000843", "price": "117595.79000000", "time": "2025-07-16T00:22:30.164381Z", "fetched_at": "2025-07-16T00:23:25.199716+00:00", "symbol": "BTC-USD"}, {"trade_id": 850016273, "side": "sell", "size": "0.00135588", "price": "117595.79000000", "time": "2025-07-16T00:22:29.932716Z", "fetched_at": "2025-07-16T00:23:25.199716+00:00", "symbol": "BTC-USD"}, {"trade_id": 850016272, "side": "buy", "size": "0.01255896", "price": "117595.78000000", "time": "2025-07-16T00:22:29.772464Z", "fetched_at": "2025-07-16T00:23:25.199716+00:00", "symbol": "BTC-USD"}, {"trade_id": 850016271, "side": "sell", "size": "0.00024797", "price": "117595.79000000", "time": "2025-07-16T00:22:29.768303Z", "fetched_at": "2025-07-16T00:23:25.199716+00:00", "symbol": "BTC-USD"}, {"trade_id": 850016270, "side": "sell", "size": "0.00001785", "price": "117595.79000000", "time": "2025-07-16T00:22:29.507762Z", "fetched_at": "2025-07-16T00:23:25.199716+00:00", "symbol": "BTC-USD"}, {"trade_id": 850016269, "side": "sell", "size": "0.00004842", "price": "117595.79000000", "time": "2025-07-16T00:22:29.466664Z", "fetched_at": "2025-07-16T00:23:25.199716+00:00", "symbol": "BTC-USD"}, {"trade_id": 850016268, "side": "sell", "size": "0.00080688", "price": "117595.79000000", "time": "2025-07-16T00:22:29.132089Z", "fetched_at": "2025-07-16T00:23:25.199716+00:00", "symbol": "BTC-USD"}, {"trade_id": 850016267, "side": "sell", "size": "0.03227453", "price": "117595.79000000", "time": "2025-07-16T00:22:29.108110Z", "fetched_at": "2025-07-16T00:23:25.199716+00:00", "symbol": "BTC-USD"}, {"trade_id": 850016266, "side": "sell", "size": "0.00000907", "price": "117595.79000000", "time": "2025-07-16T00:22:29.044225Z", "fetched_at": "2025-07-16T00:23:25.199716+00:00", "symbol": "BTC-USD"}, {"trade_id": 850016265, "side": "sell", "size": "0.00003369", "price": "117595.79000000", "time": "2025-07-16T00:22:28.651249Z", "fetched_at": "2025-07-16T00:23:25.199716+00:00", "symbol": "BTC-USD"}, {"trade_id": 850016264, "side": "sell", "size": "0.00004030", "price": "117595.79000000", "time": "2025-07-16T00:22:28.077752Z", "fetched_at": "2025-07-16T00:23:25.199716+00:00", "symbol": "BTC-USD"}, {"trade_id": 850016263, "side": "sell", "size": "0.00000470", "price": "117595.79000000", "time": "2025-07-16T00:22:27.872354Z", "fetched_at": "2025-07-16T00:23:25.199716+00:00", "symbol": "BTC-USD"}, {"trade_id": 850016262, "side": "sell", "size": "0.00008211", "price": "117595.79000000", "time": "2025-07-16T00:22:27.674049Z", "fetched_at": "2025-07-16T00:23:25.199716+00:00", "symbol": "BTC-USD"}, {"trade_id": 850016261, "side": "buy", "size": "0.00003406", "price": "117595.78000000", "time": "2025-07-16T00:22:27.022841Z", "fetched_at": "2025-07-16T00:23:25.199716+00:00", "symbol": "BTC-USD"}, {"trade_id": 850016260, "side": "buy", "size": "0.00029768", "price": "117595.78000000", "time": "2025-07-16T00:22:25.784208Z", "fetched_at": "2025-07-16T00:23:25.199716+00:00", "symbol": "BTC-USD"}, {"trade_id": 850016259, "side": "sell", "size": "0.00165304", "price": "117595.79000000", "time": "2025-07-16T00:22:25.577609Z", "fetched_at": "2025-07-16T00:23:25.199716+00:00", "symbol": "BTC-USD"}, {"trade_id": 850016258, "side": "sell", "size": "0.00020667", "price": "117595.79000000", "time": "2025-07-16T00:22:24.956674Z", "fetched_at": "2025-07-16T00:23:25.199716+00:00", "symbol": "BTC-USD"}, {"trade_id": 850016257, "side": "sell", "size": "0.00020665", "price": "117595.79000000", "time": "2025-07-16T00:22:24.921987Z", "fetched_at": "2025-07-16T00:23:25.199716+00:00", "symbol": "BTC-USD"}, {"trade_id": 850016256, "side": "sell", "size": "0.00082667", "price": "117595.79000000", "time": "2025-07-16T00:22:23.778043Z", "fetched_at": "2025-07-16T00:23:25.199716+00:00", "symbol": "BTC-USD"}, {"trade_id": 850016255, "side": "sell", "size": "0.00201715", "price": "117599.30000000", "time": "2025-07-16T00:22:22.768204Z", "fetched_at": "2025-07-16T00:23:25.199716+00:00", "symbol": "BTC-USD"}, {"trade_id": 850016254, "side": "sell", "size": "0.00002526", "price": "117599.33000000", "time": "2025-07-16T00:22:22.661657Z", "fetched_at": "2025-07-16T00:23:25.199716+00:00", "symbol": "BTC-USD"}, {"trade_id": 850016253, "side": "buy", "size": "0.00845234", "price": "117595.79000000", "time": "2025-07-16T00:22:22.638317Z", "fetched_at": "2025-07-16T00:23:25.199716+00:00", "symbol": "BTC-USD"}, {"trade_id": 850016252, "side": "buy", "size": "0.00001000", "price": "117595.80000000", "time": "2025-07-16T00:22:22.638317Z", "fetched_at": "2025-07-16T00:23:25.199716+00:00", "symbol": "BTC-USD"}, {"trade_id": 850016251, "side": "buy", "size": "0.00009354", "price": "117595.80000000", "time": "2025-07-16T00:22:22.638317Z", "fetched_at": "2025-07-16T00:23:25.199716+00:00", "symbol": "BTC-USD"}, {"trade_id": 850016250, "side": "sell", "size": "0.00004030", "price": "117599.65000000", "time": "2025-07-16T00:22:22.247433Z", "fetched_at": "2025-07-16T00:23:25.199716+00:00", "symbol": "BTC-USD"}, {"trade_id": 850016249, "side": "buy", "size": "0.00007656", "price": "117595.79000000", "time": "2025-07-16T00:22:21.642715Z", "fetched_at": "2025-07-16T00:23:25.199716+00:00", "symbol": "BTC-USD"}, {"trade_id": 850016248, "side": "buy", "size": "0.00009354", "price": "117595.80000000", "time": "2025-07-16T00:22:21.642715Z", "fetched_at": "2025-07-16T00:23:25.199716+00:00", "symbol": "BTC-USD"}, {"trade_id": 850016247, "side": "sell", "size": "0.00042108", "price": "117599.83000000", "time": "2025-07-16T00:22:21.463728Z", "fetched_at": "2025-07-16T00:23:25.199716+00:00", "symbol": "BTC-USD"}, {"trade_id": 850016246, "side": "sell", "size": "0.00016532", "price": "117599.91000000", "time": "2025-07-16T00:22:21.058981Z", "fetched_at": "2025-07-16T00:23:25.199716+00:00", "symbol": "BTC-USD"}, {"trade_id": 850016245, "side": "sell", "size": "0.00189550", "price": "117597.42000000", "time": "2025-07-16T00:22:20.765638Z", "fetched_at": "2025-07-16T00:23:25.199716+00:00", "symbol": "BTC-USD"}, {"trade_id": 850016244, "side": "sell", "size": "0.00001000", "price": "117597.06000000", "time": "2025-07-16T00:22:20.765638Z", "fetched_at": "2025-07-16T00:23:25.199716+00:00", "symbol": "BTC-USD"}, {"trade_id": 850016243, "side": "sell", "size": "0.00000391", "price": "117595.99000000", "time": "2025-07-16T00:22:20.765638Z", "fetched_at": "2025-07-16T00:23:25.199716+00:00", "symbol": "BTC-USD"}, {"trade_id": 850016242, "side": "sell", "size": "0.00015726", "price": "117595.99000000", "time": "2025-07-16T00:22:20.765638Z", "fetched_at": "2025-07-16T00:23:25.199716+00:00", "symbol": "BTC-USD"}, {"trade_id": 850016241, "side": "sell", "size": "0.00040340", "price": "117595.99000000", "time": "2025-07-16T00:22:20.678816Z", "fetched_at": "2025-07-16T00:23:25.199716+00:00", "symbol": "BTC-USD"}, {"trade_id": 850016240, "side": "sell", "size": "0.00000431", "price": "117595.99000000", "time": "2025-07-16T00:22:20.414642Z", "fetched_at": "2025-07-16T00:23:25.199716+00:00", "symbol": "BTC-USD"}, {"trade_id": 850016239, "side": "sell", "size": "0.00000212", "price": "117595.99000000", "time": "2025-07-16T00:22:20.414642Z", "fetched_at": "2025-07-16T00:23:25.199716+00:00", "symbol": "BTC-USD"}, {"trade_id": 850016238, "side": "sell", "size": "0.00000664", "price": "117595.99000000", "time": "2025-07-16T00:22:20.414642Z", "fetched_at": "2025-07-16T00:23:25.199716+00:00", "symbol": "BTC-USD"}, {"trade_id": 850016237, "side": "sell", "size": "0.00082667", "price": "117595.66000000", "time": "2025-07-16T00:22:19.759351Z", "fetched_at": "2025-07-16T00:23:25.199716+00:00", "symbol": "BTC-USD"}, {"trade_id": 850016236, "side": "sell", "size": "0.00339509", "price": "117595.68000000", "time": "2025-07-16T00:22:19.229121Z", "fetched_at": "2025-07-16T00:23:25.199716+00:00", "symbol": "BTC-USD"}, {"trade_id": 850016235, "side": "buy", "size": "0.00042959", "price": "117593.37000000", "time": "2025-07-16T00:22:18.842389Z", "fetched_at": "2025-07-16T00:23:25.199716+00:00", "symbol": "BTC-USD"}, {"trade_id": 850016234, "side": "buy", "size": "0.00008507", "price": "117593.34000000", "time": "2025-07-16T00:22:18.802156Z", "fetched_at": "2025-07-16T00:23:25.199716+00:00", "symbol": "BTC-USD"}, {"trade_id": 850016233, "side": "sell", "size": "0.00028937", "price": "117596.00000000", "time": "2025-07-16T00:22:18.740110Z", "fetched_at": "2025-07-16T00:23:25.199716+00:00", "symbol": "BTC-USD"}, {"trade_id": 850016232, "side": "sell", "size": "0.00004211", "price": "117596.01000000", "time": "2025-07-16T00:22:18.685850Z", "fetched_at": "2025-07-16T00:23:25.199716+00:00", "symbol": "BTC-USD"}, {"trade_id": 850016231, "side": "sell", "size": "0.00042108", "price": "117596.06000000", "time": "2025-07-16T00:22:18.510560Z", "fetched_at": "2025-07-16T00:23:25.199716+00:00", "symbol": "BTC-USD"}, {"trade_id": 850016230, "side": "sell", "size": "0.00041333", "price": "117596.65000000", "time": "2025-07-16T00:22:18.011265Z", "fetched_at": "2025-07-16T00:23:25.199716+00:00", "symbol": "BTC-USD"}, {"trade_id": 850016229, "side": "sell", "size": "0.00007211", "price": "117590.38000000", "time": "2025-07-16T00:22:17.933963Z", "fetched_at": "2025-07-16T00:23:25.199716+00:00", "symbol": "BTC-USD"}, {"trade_id": 850016228, "side": "sell", "size": "0.00001000", "price": "117588.24000000", "time": "2025-07-16T00:22:17.933963Z", "fetched_at": "2025-07-16T00:23:25.199716+00:00", "symbol": "BTC-USD"}, {"trade_id": 850016227, "side": "sell", "size": "0.00000906", "price": "117579.42000000", "time": "2025-07-16T00:22:17.877142Z", "fetched_at": "2025-07-16T00:23:25.199716+00:00", "symbol": "BTC-USD"}, {"trade_id": 850016226, "side": "sell", "size": "0.00001000", "price": "117579.42000000", "time": "2025-07-16T00:22:17.877142Z", "fetched_at": "2025-07-16T00:23:25.199716+00:00", "symbol": "BTC-USD"}, {"trade_id": 850016225, "side": "sell", "size": "0.00850507", "price": "117576.91000000", "time": "2025-07-16T00:22:17.811075Z", "fetched_at": "2025-07-16T00:23:25.199716+00:00", "symbol": "BTC-USD"}, {"trade_id": 850016224, "side": "buy", "size": "0.00085067", "price": "117576.90000000", "time": "2025-07-16T00:22:17.805623Z", "fetched_at": "2025-07-16T00:23:25.199716+00:00", "symbol": "BTC-USD"}, {"trade_id": 850016223, "side": "sell", "size": "0.00092098", "price": "117575.53000000", "time": "2025-07-16T00:22:17.799717Z", "fetched_at": "2025-07-16T00:23:25.199716+00:00", "symbol": "BTC-USD"}, {"trade_id": 850016222, "side": "sell", "size": "0.00002927", "price": "117575.53000000", "time": "2025-07-16T00:22:17.799717Z", "fetched_at": "2025-07-16T00:23:25.199716+00:00", "symbol": "BTC-USD"}, {"trade_id": 850016221, "side": "sell", "size": "0.00000637", "price": "117575.53000000", "time": "2025-07-16T00:22:17.799717Z", "fetched_at": "2025-07-16T00:23:25.199716+00:00", "symbol": "BTC-USD"}, {"trade_id": 850016220, "side": "sell", "size": "0.00001033", "price": "117575.53000000", "time": "2025-07-16T00:22:17.799717Z", "fetched_at": "2025-07-16T00:23:25.199716+00:00", "symbol": "BTC-USD"}, {"trade_id": 850016219, "side": "sell", "size": "0.01597280", "price": "117575.53000000", "time": "2025-07-16T00:22:17.799717Z", "fetched_at": "2025-07-16T00:23:25.199716+00:00", "symbol": "BTC-USD"}, {"trade_id": 850016218, "side": "sell", "size": "0.00112964", "price": "117575.53000000", "time": "2025-07-16T00:22:17.685266Z", "fetched_at": "2025-07-16T00:23:25.199716+00:00", "symbol": "BTC-USD"}, {"trade_id": 850016217, "side": "sell", "size": "0.00082667", "price": "117575.53000000", "time": "2025-07-16T00:22:17.629843Z", "fetched_at": "2025-07-16T00:23:25.199716+00:00", "symbol": "BTC-USD"}, {"trade_id": 850016216, "side": "sell", "size": "0.00008422", "price": "117575.53000000", "time": "2025-07-16T00:22:17.501559Z", "fetched_at": "2025-07-16T00:23:25.199716+00:00", "symbol": "BTC-USD"}, {"trade_id": 850016215, "side": "sell", "size": "0.00008211", "price": "117575.53000000", "time": "2025-07-16T00:22:17.380248Z", "fetched_at": "2025-07-16T00:23:25.199716+00:00", "symbol": "BTC-USD"}, {"trade_id": 850016214, "side": "sell", "size": "0.00012102", "price": "117575.53000000", "time": "2025-07-16T00:22:17.224178Z", "fetched_at": "2025-07-16T00:23:25.199716+00:00", "symbol": "BTC-USD"}, {"trade_id": 850016213, "side": "sell", "size": "0.00000808", "price": "117575.53000000", "time": "2025-07-16T00:22:17.148307Z", "fetched_at": "2025-07-16T00:23:25.199716+00:00", "symbol": "BTC-USD"}, {"trade_id": 850016212, "side": "sell", "size": "0.00020667", "price": "117575.53000000", "time": "2025-07-16T00:22:17.137752Z", "fetched_at": "2025-07-16T00:23:25.199716+00:00", "symbol": "BTC-USD"}, {"trade_id": 850016211, "side": "sell", "size": "0.00020667", "price": "117575.53000000", "time": "2025-07-16T00:22:17.045542Z", "fetched_at": "2025-07-16T00:23:25.199716+00:00", "symbol": "BTC-USD"}, {"trade_id": 850016210, "side": "sell", "size": "0.00082667", "price": "117575.53000000", "time": "2025-07-16T00:22:17.019343Z", "fetched_at": "2025-07-16T00:23:25.199716+00:00", "symbol": "BTC-USD"}, {"trade_id": 850016209, "side": "sell", "size": "0.00040340", "price": "117575.53000000", "time": "2025-07-16T00:22:17.000012Z", "fetched_at": "2025-07-16T00:23:25.199716+00:00", "symbol": "BTC-USD"}, {"trade_id": 850016208, "side": "sell", "size": "0.00021054", "price": "117575.53000000", "time": "2025-07-16T00:22:16.740853Z", "fetched_at": "2025-07-16T00:23:25.199716+00:00", "symbol": "BTC-USD"}, {"trade_id": 850016207, "side": "sell", "size": "0.00012397", "price": "117575.53000000", "time": "2025-07-16T00:22:16.619188Z", "fetched_at": "2025-07-16T00:23:25.199716+00:00", "symbol": "BTC-USD"}, {"trade_id": 850016206, "side": "sell", "size": "0.00165333", "price": "117575.53000000", "time": "2025-07-16T00:22:16.287417Z", "fetched_at": "2025-07-16T00:23:25.199716+00:00", "symbol": "BTC-USD"}, {"trade_id": 850016205, "side": "sell", "size": "0.00206667", "price": "117575.53000000", "time": "2025-07-16T00:22:16.134685Z", "fetched_at": "2025-07-16T00:23:25.199716+00:00", "symbol": "BTC-USD"}, {"trade_id": 850016204, "side": "sell", "size": "0.00008422", "price": "117575.53000000", "time": "2025-07-16T00:22:15.984006Z", "fetched_at": "2025-07-16T00:23:25.199716+00:00", "symbol": "BTC-USD"}, {"trade_id": 850016203, "side": "buy", "size": "0.00233355", "price": "117575.52000000", "time": "2025-07-16T00:22:15.843166Z", "fetched_at": "2025-07-16T00:23:25.199716+00:00", "symbol": "BTC-USD"}, {"trade_id": 850016202, "side": "sell", "size": "0.00041333", "price": "117575.53000000", "time": "2025-07-16T00:22:15.783354Z", "fetched_at": "2025-07-16T00:23:25.199716+00:00", "symbol": "BTC-USD"}, {"trade_id": 850016201, "side": "sell", "size": "0.00016532", "price": "117575.53000000", "time": "2025-07-16T00:22:15.761489Z", "fetched_at": "2025-07-16T00:23:25.199716+00:00", "symbol": "BTC-USD"}, {"trade_id": 850016200, "side": "sell", "size": "0.00041467", "price": "117575.53000000", "time": "2025-07-16T00:22:15.729113Z", "fetched_at": "2025-07-16T00:23:25.199716+00:00", "symbol": "BTC-USD"}, {"trade_id": 850016199, "side": "sell", "size": "0.00000641", "price": "117575.53000000", "time": "2025-07-16T00:22:15.729113Z", "fetched_at": "2025-07-16T00:23:25.199716+00:00", "symbol": "BTC-USD"}, {"trade_id": 850016198, "side": "sell", "size": "0.00016843", "price": "117575.53000000", "time": "2025-07-16T00:22:15.716007Z", "fetched_at": "2025-07-16T00:23:25.199716+00:00", "symbol": "BTC-USD"}, {"trade_id": 850016197, "side": "sell", "size": "0.00004034", "price": "117575.53000000", "time": "2025-07-16T00:22:15.619305Z", "fetched_at": "2025-07-16T00:23:25.199716+00:00", "symbol": "BTC-USD"}, {"trade_id": 850016196, "side": "sell", "size": "0.00000842", "price": "117575.53000000", "time": "2025-07-16T00:22:15.438031Z", "fetched_at": "2025-07-16T00:23:25.199716+00:00", "symbol": "BTC-USD"}, {"trade_id": 850016195, "side": "sell", "size": "0.00040940", "price": "117575.53000000", "time": "2025-07-16T00:22:15.397704Z", "fetched_at": "2025-07-16T00:23:25.199716+00:00", "symbol": "BTC-USD"}, {"trade_id": 850016194, "side": "sell", "size": "0.00000393", "price": "117575.53000000", "time": "2025-07-16T00:22:15.397704Z", "fetched_at": "2025-07-16T00:23:25.199716+00:00", "symbol": "BTC-USD"}, {"trade_id": 850016193, "side": "sell", "size": "0.00001000", "price": "117570.60000000", "time": "2025-07-16T00:22:14.535340Z", "fetched_at": "2025-07-16T00:23:25.199716+00:00", "symbol": "BTC-USD"}, {"trade_id": 850016192, "side": "buy", "size": "0.01959388", "price": "117570.59000000", "time": "2025-07-16T00:22:14.530091Z", "fetched_at": "2025-07-16T00:23:25.199716+00:00", "symbol": "BTC-USD"}, {"trade_id": 850016191, "side": "sell", "size": "0.00010129", "price": "117564.57000000", "time": "2025-07-16T00:22:14.125871Z", "fetched_at": "2025-07-16T00:23:25.199716+00:00", "symbol": "BTC-USD"}, {"trade_id": 850016190, "side": "sell", "size": "0.00598954", "price": "117561.90000000", "time": "2025-07-16T00:22:13.794430Z", "fetched_at": "2025-07-16T00:23:25.199716+00:00", "symbol": "BTC-USD"}, {"trade_id": 850016189, "side": "sell", "size": "0.00000263", "price": "117561.79000000", "time": "2025-07-16T00:22:13.794430Z", "fetched_at": "2025-07-16T00:23:25.199716+00:00", "symbol": "BTC-USD"}, {"trade_id": 850016188, "side": "sell", "size": "0.00850656", "price": "117556.28000000", "time": "2025-07-16T00:22:13.768435Z", "fetched_at": "2025-07-16T00:23:25.199716+00:00", "symbol": "BTC-USD"}, {"trade_id": 850016187, "side": "sell", "size": "0.00116763", "price": "117554.53000000", "time": "2025-07-16T00:22:13.768435Z", "fetched_at": "2025-07-16T00:23:25.199716+00:00", "symbol": "BTC-USD"}, {"trade_id": 850016186, "side": "sell", "size": "0.00482191", "price": "117554.53000000", "time": "2025-07-16T00:22:13.765965Z", "fetched_at": "2025-07-16T00:23:25.199716+00:00", "symbol": "BTC-USD"}, {"trade_id": 850016185, "side": "sell", "size": "0.00001033", "price": "117554.52000000", "time": "2025-07-16T00:22:13.765965Z", "fetched_at": "2025-07-16T00:23:25.199716+00:00", "symbol": "BTC-USD"}, {"trade_id": 850016184, "side": "sell", "size": "0.06760504", "price": "117554.52000000", "time": "2025-07-16T00:22:13.765965Z", "fetched_at": "2025-07-16T00:23:25.199716+00:00", "symbol": "BTC-USD"}, {"trade_id": 850016183, "side": "sell", "size": "0.00008422", "price": "117554.52000000", "time": "2025-07-16T00:22:13.688685Z", "fetched_at": "2025-07-16T00:23:25.199716+00:00", "symbol": "BTC-USD"}, {"trade_id": 850016182, "side": "sell", "size": "0.00619336", "price": "117554.52000000", "time": "2025-07-16T00:22:13.640226Z", "fetched_at": "2025-07-16T00:23:25.199716+00:00", "symbol": "BTC-USD"}, {"trade_id": 850016181, "side": "sell", "size": "0.00004211", "price": "117554.52000000", "time": "2025-07-16T00:22:13.175030Z", "fetched_at": "2025-07-16T00:23:25.199716+00:00", "symbol": "BTC-USD"}, {"trade_id": 850016180, "side": "sell", "size": "0.00004032", "price": "117554.52000000", "time": "2025-07-16T00:22:13.060839Z", "fetched_at": "2025-07-16T00:23:25.199716+00:00", "symbol": "BTC-USD"}, {"trade_id": 850016179, "side": "buy", "size": "0.00025512", "price": "117554.51000000", "time": "2025-07-16T00:22:12.831499Z", "fetched_at": "2025-07-16T00:23:25.199716+00:00", "symbol": "BTC-USD"}, {"trade_id": 850016178, "side": "sell", "size": "0.03981053", "price": "117554.52000000", "time": "2025-07-16T00:22:12.597212Z", "fetched_at": "2025-07-16T00:23:25.199716+00:00", "symbol": "BTC-USD"}, {"trade_id": 850016177, "side": "sell", "size": "0.00016891", "price": "117554.52000000", "time": "2025-07-16T00:22:12.486920Z", "fetched_at": "2025-07-16T00:23:25.199716+00:00", "symbol": "BTC-USD"}, {"trade_id": 850016176, "side": "sell", "size": "0.00397396", "price": "117554.52000000", "time": "2025-07-16T00:22:12.435255Z", "fetched_at": "2025-07-16T00:23:25.199716+00:00", "symbol": "BTC-USD"}, {"trade_id": 850016175, "side": "sell", "size": "0.00004000", "price": "117554.52000000", "time": "2025-07-16T00:22:12.262715Z", "fetched_at": "2025-07-16T00:23:25.199716+00:00", "symbol": "BTC-USD"}, {"trade_id": 850016174, "side": "buy", "size": "0.00018863", "price": "117554.51000000", "time": "2025-07-16T00:22:12.189899Z", "fetched_at": "2025-07-16T00:23:25.199716+00:00", "symbol": "BTC-USD"}, {"trade_id": 850016173, "side": "sell", "size": "0.00082667", "price": "117554.52000000", "time": "2025-07-16T00:22:11.757152Z", "fetched_at": "2025-07-16T00:23:25.199716+00:00", "symbol": "BTC-USD"}, {"trade_id": 850016172, "side": "sell", "size": "0.00142000", "price": "117554.52000000", "time": "2025-07-16T00:22:11.730468Z", "fetched_at": "2025-07-16T00:23:25.199716+00:00", "symbol": "BTC-USD"}, {"trade_id": 850016171, "side": "sell", "size": "0.00012397", "price": "117554.52000000", "time": "2025-07-16T00:22:11.297741Z", "fetched_at": "2025-07-16T00:23:25.199716+00:00", "symbol": "BTC-USD"}, {"trade_id": 850016170, "side": "sell", "size": "0.00330678", "price": "117554.52000000", "time": "2025-07-16T00:22:09.688168Z", "fetched_at": "2025-07-16T00:23:25.199716+00:00", "symbol": "BTC-USD"}, {"trade_id": 850016169, "side": "sell", "size": "0.00150000", "price": "117554.52000000", "time": "2025-07-16T00:22:09.205960Z", "fetched_at": "2025-07-16T00:23:25.199716+00:00", "symbol": "BTC-USD"}, {"trade_id": 850016168, "side": "buy", "size": "0.00003333", "price": "117554.51000000", "time": "2025-07-16T00:22:08.503946Z", "fetched_at": "2025-07-16T00:23:25.199716+00:00", "symbol": "BTC-USD"}, {"trade_id": 850016167, "side": "sell", "size": "0.00016529", "price": "117554.52000000", "time": "2025-07-16T00:22:08.362515Z", "fetched_at": "2025-07-16T00:23:25.199716+00:00", "symbol": "BTC-USD"}, {"trade_id": 850016166, "side": "sell", "size": "0.00009754", "price": "117554.52000000", "time": "2025-07-16T00:22:08.027596Z", "fetched_at": "2025-07-16T00:23:25.199716+00:00", "symbol": "BTC-USD"}, {"trade_id": 850016165, "side": "sell", "size": "0.00043667", "price": "117554.52000000", "time": "2025-07-16T00:22:06.744291Z", "fetched_at": "2025-07-16T00:23:25.199716+00:00", "symbol": "BTC-USD"}, {"trade_id": 850016164, "side": "buy", "size": "0.00002552", "price": "117554.51000000", "time": "2025-07-16T00:22:06.158751Z", "fetched_at": "2025-07-16T00:23:25.199716+00:00", "symbol": "BTC-USD"}, {"trade_id": 850016163, "side": "sell", "size": "0.00826551", "price": "117554.52000000", "time": "2025-07-16T00:22:06.049635Z", "fetched_at": "2025-07-16T00:23:25.199716+00:00", "symbol": "BTC-USD"}, {"trade_id": 850016162, "side": "sell", "size": "0.00044367", "price": "117554.52000000", "time": "2025-07-16T00:22:05.836532Z", "fetched_at": "2025-07-16T00:23:25.199716+00:00", "symbol": "BTC-USD"}, {"trade_id": 850016161, "side": "buy", "size": "0.00085070", "price": "117550.44000000", "time": "2025-07-16T00:22:05.410227Z", "fetched_at": "2025-07-16T00:23:25.199716+00:00", "symbol": "BTC-USD"}, {"trade_id": 850016160, "side": "buy", "size": "0.00009358", "price": "117550.47000000", "time": "2025-07-16T00:22:05.410227Z", "fetched_at": "2025-07-16T00:23:25.199716+00:00", "symbol": "BTC-USD"}, {"trade_id": 850016159, "side": "sell", "size": "0.00028883", "price": "117554.52000000", "time": "2025-07-16T00:22:05.312539Z", "fetched_at": "2025-07-16T00:23:25.199716+00:00", "symbol": "BTC-USD"}, {"trade_id": 850016158, "side": "sell", "size": "0.00001778", "price": "117554.51000000", "time": "2025-07-16T00:22:05.312539Z", "fetched_at": "2025-07-16T00:23:25.199716+00:00", "symbol": "BTC-USD"}, {"trade_id": 850016157, "side": "sell", "size": "0.00000425", "price": "117554.50000000", "time": "2025-07-16T00:22:04.854555Z", "fetched_at": "2025-07-16T00:23:25.199716+00:00", "symbol": "BTC-USD"}, {"trade_id": 850016156, "side": "buy", "size": "0.00067480", "price": "117549.42000000", "time": "2025-07-16T00:22:03.935590Z", "fetched_at": "2025-07-16T00:23:25.199716+00:00", "symbol": "BTC-USD"}, {"trade_id": 850016155, "side": "buy", "size": "0.00009358", "price": "117549.43000000", "time": "2025-07-16T00:22:03.935590Z", "fetched_at": "2025-07-16T00:23:25.199716+00:00", "symbol": "BTC-USD"}, {"trade_id": 850016154, "side": "buy", "size": "0.00000586", "price": "117549.44000000", "time": "2025-07-16T00:22:03.935590Z", "fetched_at": "2025-07-16T00:23:25.199716+00:00", "symbol": "BTC-USD"}, {"trade_id": 850016153, "side": "buy", "size": "0.00001000", "price": "117552.10000000", "time": "2025-07-16T00:22:03.935590Z", "fetched_at": "2025-07-16T00:23:25.199716+00:00", "symbol": "BTC-USD"}, {"trade_id": 850016152, "side": "buy", "size": "0.00850683", "price": "117552.64000000", "time": "2025-07-16T00:22:03.935590Z", "fetched_at": "2025-07-16T00:23:25.199716+00:00", "symbol": "BTC-USD"}, {"trade_id": 850016151, "side": "buy", "size": "0.00000187", "price": "117554.28000000", "time": "2025-07-16T00:22:03.935590Z", "fetched_at": "2025-07-16T00:23:25.199716+00:00", "symbol": "BTC-USD"}, {"trade_id": 850016150, "side": "buy", "size": "0.00000544", "price": "117554.28000000", "time": "2025-07-16T00:22:03.935590Z", "fetched_at": "2025-07-16T00:23:25.199716+00:00", "symbol": "BTC-USD"}, {"trade_id": 850016149, "side": "buy", "size": "0.00134984", "price": "117554.40000000", "time": "2025-07-16T00:22:03.935590Z", "fetched_at": "2025-07-16T00:23:25.199716+00:00", "symbol": "BTC-USD"}, {"trade_id": 850016148, "side": "buy", "size": "0.00005733", "price": "117554.40000000", "time": "2025-07-16T00:22:03.935590Z", "fetched_at": "2025-07-16T00:23:25.199716+00:00", "symbol": "BTC-USD"}, {"trade_id": 850016147, "side": "buy", "size": "0.03500000", "price": "117554.43000000", "time": "2025-07-16T00:22:03.935590Z", "fetched_at": "2025-07-16T00:23:25.199716+00:00", "symbol": "BTC-USD"}, {"trade_id": 850016146, "side": "sell", "size": "0.00153403", "price": "117554.52000000", "time": "2025-07-16T00:22:03.737091Z", "fetched_at": "2025-07-16T00:23:25.199716+00:00", "symbol": "BTC-USD"}, {"trade_id": 850016145, "side": "sell", "size": "0.00083379", "price": "117554.52000000", "time": "2025-07-16T00:22:03.630723Z", "fetched_at": "2025-07-16T00:23:25.199716+00:00", "symbol": "BTC-USD"}, {"trade_id": 850016144, "side": "sell", "size": "0.00001034", "price": "117554.42000000", "time": "2025-07-16T00:22:03.630723Z", "fetched_at": "2025-07-16T00:23:25.199716+00:00", "symbol": "BTC-USD"}, {"trade_id": 850016143, "side": "sell", "size": "0.00033939", "price": "117561.66000000", "time": "2025-07-16T00:22:03.265430Z", "fetched_at": "2025-07-16T00:23:25.199716+00:00", "symbol": "BTC-USD"}, {"trade_id": 850016142, "side": "sell", "size": "0.00000507", "price": "117561.76000000", "time": "2025-07-16T00:22:02.647643Z", "fetched_at": "2025-07-16T00:23:25.199716+00:00", "symbol": "BTC-USD"}, {"trade_id": 850016141, "side": "sell", "size": "0.00003493", "price": "117561.67000000", "time": "2025-07-16T00:22:02.647643Z", "fetched_at": "2025-07-16T00:23:25.199716+00:00", "symbol": "BTC-USD"}, {"trade_id": 850016140, "side": "sell", "size": "0.06197498", "price": "117560.50000000", "time": "2025-07-16T00:22:02.097794Z", "fetched_at": "2025-07-16T00:23:25.199716+00:00", "symbol": "BTC-USD"}, {"trade_id": 850016139, "side": "sell", "size": "0.01203330", "price": "117560.48000000", "time": "2025-07-16T00:22:02.097794Z", "fetched_at": "2025-07-16T00:23:25.199716+00:00", "symbol": "BTC-USD"}, {"trade_id": 850016138, "side": "sell", "size": "0.03000000", "price": "117560.46000000", "time": "2025-07-16T00:22:02.097794Z", "fetched_at": "2025-07-16T00:23:25.199716+00:00", "symbol": "BTC-USD"}, {"trade_id": 850016137, "side": "sell", "size": "0.00002073", "price": "117560.46000000", "time": "2025-07-16T00:22:02.097794Z", "fetched_at": "2025-07-16T00:23:25.199716+00:00", "symbol": "BTC-USD"}, {"trade_id": 850016136, "side": "sell", "size": "0.00001159", "price": "117560.60000000", "time": "2025-07-16T00:22:02.022746Z", "fetched_at": "2025-07-16T00:23:25.199716+00:00", "symbol": "BTC-USD"}, {"trade_id": 850016135, "side": "sell", "size": "0.00850617", "price": "117561.68000000", "time": "2025-07-16T00:22:01.827752Z", "fetched_at": "2025-07-16T00:23:25.199716+00:00", "symbol": "BTC-USD"}, {"trade_id": 850016134, "side": "sell", "size": "0.00755738", "price": "117554.29000000", "time": "2025-07-16T00:22:01.607732Z", "fetched_at": "2025-07-16T00:23:25.199716+00:00", "symbol": "BTC-USD"}, {"trade_id": 850016133, "side": "sell", "size": "0.00002072", "price": "117554.28000000", "time": "2025-07-16T00:22:01.607732Z", "fetched_at": "2025-07-16T00:23:25.199716+00:00", "symbol": "BTC-USD"}, {"trade_id": 850016132, "side": "sell", "size": "0.00000844", "price": "117554.29000000", "time": "2025-07-16T00:22:01.178404Z", "fetched_at": "2025-07-16T00:23:25.199716+00:00", "symbol": "BTC-USD"}, {"trade_id": 850016131, "side": "buy", "size": "0.00002546", "price": "117552.92000000", "time": "2025-07-16T00:22:00.728353Z", "fetched_at": "2025-07-16T00:23:25.199716+00:00", "symbol": "BTC-USD"}, {"trade_id": 850016130, "side": "sell", "size": "0.00004032", "price": "117552.11000000", "time": "2025-07-16T00:22:00.548918Z", "fetched_at": "2025-07-16T00:23:25.199716+00:00", "symbol": "BTC-USD"}, {"trade_id": 850016129, "side": "sell", "size": "0.00004201", "price": "117550.02000000", "time": "2025-07-16T00:22:00.105310Z", "fetched_at": "2025-07-16T00:23:25.199716+00:00", "symbol": "BTC-USD"}, {"trade_id": 850016128, "side": "sell", "size": "0.00149114", "price": "117550.02000000", "time": "2025-07-16T00:22:00.057869Z", "fetched_at": "2025-07-16T00:23:25.199716+00:00", "symbol": "BTC-USD"}, {"trade_id": 850016127, "side": "sell", "size": "0.01725753", "price": "117550.02000000", "time": "2025-07-16T00:22:00.057869Z", "fetched_at": "2025-07-16T00:23:25.199716+00:00", "symbol": "BTC-USD"}, {"trade_id": 850016126, "side": "sell", "size": "0.00165304", "price": "117550.02000000", "time": "2025-07-16T00:21:59.766777Z", "fetched_at": "2025-07-16T00:23:25.199716+00:00", "symbol": "BTC-USD"}, {"trade_id": 850016125, "side": "sell", "size": "0.00500593", "price": "117550.02000000", "time": "2025-07-16T00:21:59.628738Z", "fetched_at": "2025-07-16T00:23:25.199716+00:00", "symbol": "BTC-USD"}, {"trade_id": 850016124, "side": "sell", "size": "0.00042098", "price": "117550.02000000", "time": "2025-07-16T00:21:59.377629Z", "fetched_at": "2025-07-16T00:23:25.199716+00:00", "symbol": "BTC-USD"}, {"trade_id": 850016123, "side": "sell", "size": "0.00080907", "price": "117550.02000000", "time": "2025-07-16T00:21:59.284703Z", "fetched_at": "2025-07-16T00:23:25.199716+00:00", "symbol": "BTC-USD"}, {"trade_id": 850016122, "side": "sell", "size": "0.00001745", "price": "117550.02000000", "time": "2025-07-16T00:21:59.284703Z", "fetched_at": "2025-07-16T00:23:25.199716+00:00", "symbol": "BTC-USD"}, {"trade_id": 850016121, "side": "buy", "size": "0.00006872", "price": "117550.01000000", "time": "2025-07-16T00:21:59.112122Z", "fetched_at": "2025-07-16T00:23:25.199716+00:00", "symbol": "BTC-USD"}, {"trade_id": 850016120, "side": "sell", "size": "0.00082652", "price": "117549.92000000", "time": "2025-07-16T00:21:58.510787Z", "fetched_at": "2025-07-16T00:23:25.199716+00:00", "symbol": "BTC-USD"}, {"trade_id": 850016119, "side": "sell", "size": "0.00850702", "price": "117549.88000000", "time": "2025-07-16T00:21:58.497854Z", "fetched_at": "2025-07-16T00:23:25.199716+00:00", "symbol": "BTC-USD"}, {"trade_id": 850016118, "side": "buy", "size": "0.01130711", "price": "117549.42000000", "time": "2025-07-16T00:21:58.335165Z", "fetched_at": "2025-07-16T00:23:25.199716+00:00", "symbol": "BTC-USD"}, {"trade_id": 850016117, "side": "buy", "size": "0.00134989", "price": "117550.23000000", "time": "2025-07-16T00:21:58.335165Z", "fetched_at": "2025-07-16T00:23:25.199716+00:00", "symbol": "BTC-USD"}, {"trade_id": 850016116, "side": "buy", "size": "0.00001000", "price": "117550.23000000", "time": "2025-07-16T00:21:58.335165Z", "fetched_at": "2025-07-16T00:23:25.199716+00:00", "symbol": "BTC-USD"}, {"trade_id": 850016115, "side": "buy", "size": "0.00009358", "price": "117550.23000000", "time": "2025-07-16T00:21:58.335165Z", "fetched_at": "2025-07-16T00:23:25.199716+00:00", "symbol": "BTC-USD"}, {"trade_id": 850016114, "side": "sell", "size": "0.00017348", "price": "117550.24000000", "time": "2025-07-16T00:21:57.809116Z", "fetched_at": "2025-07-16T00:23:25.199716+00:00", "symbol": "BTC-USD"}, {"trade_id": 850016113, "side": "sell", "size": "0.00252008", "price": "117550.24000000", "time": "2025-07-16T00:21:57.768590Z", "fetched_at": "2025-07-16T00:23:25.199716+00:00", "symbol": "BTC-USD"}, {"trade_id": 850016112, "side": "buy", "size": "0.00009490", "price": "117550.23000000", "time": "2025-07-16T00:21:57.411985Z", "fetched_at": "2025-07-16T00:23:25.199716+00:00", "symbol": "BTC-USD"}, {"trade_id": 850016111, "side": "buy", "size": "0.00002000", "price": "117552.96000000", "time": "2025-07-16T00:21:57.411985Z", "fetched_at": "2025-07-16T00:23:25.199716+00:00", "symbol": "BTC-USD"}, {"trade_id": 850016110, "side": "buy", "size": "0.00009358", "price": "117552.96000000", "time": "2025-07-16T00:21:57.411985Z", "fetched_at": "2025-07-16T00:23:25.199716+00:00", "symbol": "BTC-USD"}, {"trade_id": 850016109, "side": "buy", "size": "0.00001000", "price": "117552.96000000", "time": "2025-07-16T00:21:57.411985Z", "fetched_at": "2025-07-16T00:23:25.199716+00:00", "symbol": "BTC-USD"}, {"trade_id": 850016108, "side": "buy", "size": "0.00338218", "price": "117557.11000000", "time": "2025-07-16T00:21:57.054689Z", "fetched_at": "2025-07-16T00:23:25.199716+00:00", "symbol": "BTC-USD"}, {"trade_id": 850016107, "side": "buy", "size": "0.00850650", "price": "117557.20000000", "time": "2025-07-16T00:21:57.054689Z", "fetched_at": "2025-07-16T00:23:25.199716+00:00", "symbol": "BTC-USD"}, {"trade_id": 850016106, "side": "buy", "size": "0.05000000", "price": "117558.12000000", "time": "2025-07-16T00:21:57.054689Z", "fetched_at": "2025-07-16T00:23:25.199716+00:00", "symbol": "BTC-USD"}, {"trade_id": 850016105, "side": "buy", "size": "0.00001000", "price": "117559.19000000", "time": "2025-07-16T00:21:57.054689Z", "fetched_at": "2025-07-16T00:23:25.199716+00:00", "symbol": "BTC-USD"}, {"trade_id": 850016104, "side": "buy", "size": "0.00004108", "price": "117559.19000000", "time": "2025-07-16T00:21:57.054689Z", "fetched_at": "2025-07-16T00:23:25.199716+00:00", "symbol": "BTC-USD"}, {"trade_id": 850016103, "side": "buy", "size": "0.00181600", "price": "117559.19000000", "time": "2025-07-16T00:21:56.625507Z", "fetched_at": "2025-07-16T00:23:25.199716+00:00", "symbol": "BTC-USD"}, {"trade_id": 850016102, "side": "buy", "size": "0.00009357", "price": "117559.20000000", "time": "2025-07-16T00:21:56.625507Z", "fetched_at": "2025-07-16T00:23:25.199716+00:00", "symbol": "BTC-USD"}, {"trade_id": 850016101, "side": "buy", "size": "0.00000825", "price": "117561.78000000", "time": "2025-07-16T00:21:56.625507Z", "fetched_at": "2025-07-16T00:23:25.199716+00:00", "symbol": "BTC-USD"}, {"trade_id": 850016100, "side": "buy", "size": "0.00009356", "price": "117561.78000000", "time": "2025-07-16T00:21:56.625507Z", "fetched_at": "2025-07-16T00:23:25.199716+00:00", "symbol": "BTC-USD"}, {"trade_id": 850016099, "side": "buy", "size": "0.00001000", "price": "117561.78000000", "time": "2025-07-16T00:21:56.625507Z", "fetched_at": "2025-07-16T00:23:25.199716+00:00", "symbol": "BTC-USD"}, {"trade_id": 850016098, "side": "buy", "size": "0.00000900", "price": "117561.78000000", "time": "2025-07-16T00:21:56.625507Z", "fetched_at": "2025-07-16T00:23:25.199716+00:00", "symbol": "BTC-USD"}, {"trade_id": 850016097, "side": "buy", "size": "0.00000093", "price": "117561.78000000", "time": "2025-07-16T00:21:56.625507Z", "fetched_at": "2025-07-16T00:23:25.199716+00:00", "symbol": "BTC-USD"}, {"trade_id": 850016096, "side": "buy", "size": "0.00001000", "price": "117561.78000000", "time": "2025-07-16T00:21:56.625507Z", "fetched_at": "2025-07-16T00:23:25.199716+00:00", "symbol": "BTC-USD"}, {"trade_id": 850016095, "side": "sell", "size": "0.00172612", "price": "117561.79000000", "time": "2025-07-16T00:21:55.797460Z", "fetched_at": "2025-07-16T00:23:25.199716+00:00", "symbol": "BTC-USD"}, {"trade_id": 850016094, "side": "sell", "size": "0.00313010", "price": "117561.79000000", "time": "2025-07-16T00:21:55.473796Z", "fetched_at": "2025-07-16T00:23:25.199716+00:00", "symbol": "BTC-USD"}, {"trade_id": 850016093, "side": "sell", "size": "0.00808083", "price": "117561.79000000", "time": "2025-07-16T00:21:55.031305Z", "fetched_at": "2025-07-16T00:23:25.199716+00:00", "symbol": "BTC-USD"}, {"trade_id": 850016092, "side": "sell", "size": "0.03316157", "price": "117561.79000000", "time": "2025-07-16T00:21:55.031305Z", "fetched_at": "2025-07-16T00:23:25.199716+00:00", "symbol": "BTC-USD"}, {"trade_id": 850016091, "side": "sell", "size": "0.00165279", "price": "117561.79000000", "time": "2025-07-16T00:21:55.014601Z", "fetched_at": "2025-07-16T00:23:25.199716+00:00", "symbol": "BTC-USD"}, {"trade_id": 850016090, "side": "sell", "size": "0.00068564", "price": "117561.79000000", "time": "2025-07-16T00:21:54.979366Z", "fetched_at": "2025-07-16T00:23:25.199716+00:00", "symbol": "BTC-USD"}, {"trade_id": 850016089, "side": "buy", "size": "0.00121513", "price": "117566.26000000", "time": "2025-07-16T00:21:53.762372Z", "fetched_at": "2025-07-16T00:23:25.199716+00:00", "symbol": "BTC-USD"}, {"trade_id": 850016088, "side": "buy", "size": "0.04800000", "price": "117566.82000000", "time": "2025-07-16T00:21:53.762372Z", "fetched_at": "2025-07-16T00:23:25.199716+00:00", "symbol": "BTC-USD"}, {"trade_id": 850016087, "side": "buy", "size": "0.00000844", "price": "117567.57000000", "time": "2025-07-16T00:21:53.762372Z", "fetched_at": "2025-07-16T00:23:25.199716+00:00", "symbol": "BTC-USD"}, {"trade_id": 850016086, "side": "buy", "size": "0.00002811", "price": "117567.57000000", "time": "2025-07-16T00:21:53.762372Z", "fetched_at": "2025-07-16T00:23:25.199716+00:00", "symbol": "BTC-USD"}, {"trade_id": 850016085, "side": "buy", "size": "0.00001000", "price": "117570.60000000", "time": "2025-07-16T00:21:53.762372Z", "fetched_at": "2025-07-16T00:23:25.199716+00:00", "symbol": "BTC-USD"}, {"trade_id": 850016084, "side": "buy", "size": "0.00000705", "price": "117571.01000000", "time": "2025-07-16T00:21:53.762372Z", "fetched_at": "2025-07-16T00:23:25.199716+00:00", "symbol": "BTC-USD"}, {"trade_id": 850016083, "side": "buy", "size": "0.00009832", "price": "117571.01000000", "time": "2025-07-16T00:21:53.762372Z", "fetched_at": "2025-07-16T00:23:25.199716+00:00", "symbol": "BTC-USD"}, {"trade_id": 850016082, "side": "buy", "size": "0.00070561", "price": "117571.01000000", "time": "2025-07-16T00:21:53.762372Z", "fetched_at": "2025-07-16T00:23:25.199716+00:00", "symbol": "BTC-USD"}, {"trade_id": 850016081, "side": "buy", "size": "0.00000238", "price": "117571.01000000", "time": "2025-07-16T00:21:53.762372Z", "fetched_at": "2025-07-16T00:23:25.199716+00:00", "symbol": "BTC-USD"}, {"trade_id": 850016080, "side": "buy", "size": "0.00009356", "price": "117571.01000000", "time": "2025-07-16T00:21:53.762372Z", "fetched_at": "2025-07-16T00:23:25.199716+00:00", "symbol": "BTC-USD"}, {"trade_id": 850016079, "side": "buy", "size": "0.00002100", "price": "117571.01000000", "time": "2025-07-16T00:21:53.762372Z", "fetched_at": "2025-07-16T00:23:25.199716+00:00", "symbol": "BTC-USD"}, {"trade_id": 850016078, "side": "buy", "size": "0.00001000", "price": "117571.01000000", "time": "2025-07-16T00:21:53.762372Z", "fetched_at": "2025-07-16T00:23:25.199716+00:00", "symbol": "BTC-USD"}, {"trade_id": 850016077, "side": "buy", "size": "0.00002201", "price": "117575.52000000", "time": "2025-07-16T00:21:52.725222Z", "fetched_at": "2025-07-16T00:23:25.199716+00:00", "symbol": "BTC-USD"}, {"trade_id": 850016076, "side": "buy", "size": "0.00000900", "price": "117575.52000000", "time": "2025-07-16T00:21:52.725222Z", "fetched_at": "2025-07-16T00:23:25.199716+00:00", "symbol": "BTC-USD"}, {"trade_id": 850016075, "side": "buy", "size": "0.00028000", "price": "117575.52000000", "time": "2025-07-16T00:21:52.725222Z", "fetched_at": "2025-07-16T00:23:25.199716+00:00", "symbol": "BTC-USD"}, {"trade_id": 850016074, "side": "buy", "size": "0.00010427", "price": "117575.52000000", "time": "2025-07-16T00:21:52.725222Z", "fetched_at": "2025-07-16T00:23:25.199716+00:00", "symbol": "BTC-USD"}, {"trade_id": 850016073, "side": "buy", "size": "0.00030525", "price": "117575.52000000", "time": "2025-07-16T00:21:52.725222Z", "fetched_at": "2025-07-16T00:23:25.199716+00:00", "symbol": "BTC-USD"}, {"trade_id": 850016072, "side": "buy", "size": "0.00090869", "price": "117575.52000000", "time": "2025-07-16T00:21:52.725222Z", "fetched_at": "2025-07-16T00:23:25.199716+00:00", "symbol": "BTC-USD"}, {"trade_id": 850016071, "side": "buy", "size": "0.00002679", "price": "117575.52000000", "time": "2025-07-16T00:21:52.725222Z", "fetched_at": "2025-07-16T00:23:25.199716+00:00", "symbol": "BTC-USD"}, {"trade_id": 850016070, "side": "buy", "size": "0.04500000", "price": "117575.52000000", "time": "2025-07-16T00:21:52.725222Z", "fetched_at": "2025-07-16T00:23:25.199716+00:00", "symbol": "BTC-USD"}