[{"trade_id": 849988925, "side": "sell", "size": "0.00083987", "price": "117860.67000000", "time": "2025-07-15T23:10:49.622123Z", "fetched_at": "2025-07-15T23:10:50.003687+00:00", "symbol": "BTC-USD"}, {"trade_id": 849988924, "side": "sell", "size": "0.00020610", "price": "117860.67000000", "time": "2025-07-15T23:10:49.553622Z", "fetched_at": "2025-07-15T23:10:50.003687+00:00", "symbol": "BTC-USD"}, {"trade_id": 849988923, "side": "sell", "size": "0.00006089", "price": "117860.67000000", "time": "2025-07-15T23:10:49.551769Z", "fetched_at": "2025-07-15T23:10:50.003687+00:00", "symbol": "BTC-USD"}, {"trade_id": 849988922, "side": "sell", "size": "0.00011750", "price": "117860.67000000", "time": "2025-07-15T23:10:49.403716Z", "fetched_at": "2025-07-15T23:10:50.003687+00:00", "symbol": "BTC-USD"}, {"trade_id": 849988921, "side": "sell", "size": "0.00082441", "price": "117860.67000000", "time": "2025-07-15T23:10:49.264274Z", "fetched_at": "2025-07-15T23:10:50.003687+00:00", "symbol": "BTC-USD"}, {"trade_id": 849988920, "side": "sell", "size": "0.00041221", "price": "117860.67000000", "time": "2025-07-15T23:10:49.020741Z", "fetched_at": "2025-07-15T23:10:50.003687+00:00", "symbol": "BTC-USD"}, {"trade_id": 849988919, "side": "buy", "size": "0.00033135", "price": "117860.66000000", "time": "2025-07-15T23:10:48.822358Z", "fetched_at": "2025-07-15T23:10:50.003687+00:00", "symbol": "BTC-USD"}, {"trade_id": 849988918, "side": "sell", "size": "0.00008189", "price": "117860.67000000", "time": "2025-07-15T23:10:48.729463Z", "fetched_at": "2025-07-15T23:10:50.003687+00:00", "symbol": "BTC-USD"}, {"trade_id": 849988917, "side": "buy", "size": "0.00004105", "price": "117860.66000000", "time": "2025-07-15T23:10:48.618690Z", "fetched_at": "2025-07-15T23:10:50.003687+00:00", "symbol": "BTC-USD"}, {"trade_id": 849988916, "side": "sell", "size": "0.00041221", "price": "117860.67000000", "time": "2025-07-15T23:10:48.344563Z", "fetched_at": "2025-07-15T23:10:50.003687+00:00", "symbol": "BTC-USD"}, {"trade_id": 849988915, "side": "sell", "size": "0.00041221", "price": "117860.67000000", "time": "2025-07-15T23:10:48.227596Z", "fetched_at": "2025-07-15T23:10:50.003687+00:00", "symbol": "BTC-USD"}, {"trade_id": 849988914, "side": "sell", "size": "0.00839805", "price": "117860.67000000", "time": "2025-07-15T23:10:48.150183Z", "fetched_at": "2025-07-15T23:10:50.003687+00:00", "symbol": "BTC-USD"}, {"trade_id": 849988913, "side": "sell", "size": "0.00418422", "price": "117860.67000000", "time": "2025-07-15T23:10:48.094289Z", "fetched_at": "2025-07-15T23:10:50.003687+00:00", "symbol": "BTC-USD"}, {"trade_id": 849988912, "side": "sell", "size": "0.00008045", "price": "117860.67000000", "time": "2025-07-15T23:10:48.066617Z", "fetched_at": "2025-07-15T23:10:50.003687+00:00", "symbol": "BTC-USD"}, {"trade_id": 849988911, "side": "sell", "size": "0.00003989", "price": "117860.67000000", "time": "2025-07-15T23:10:48.029544Z", "fetched_at": "2025-07-15T23:10:50.003687+00:00", "symbol": "BTC-USD"}, {"trade_id": 849988910, "side": "sell", "size": "0.00164883", "price": "117860.67000000", "time": "2025-07-15T23:10:48.021597Z", "fetched_at": "2025-07-15T23:10:50.003687+00:00", "symbol": "BTC-USD"}, {"trade_id": 849988909, "side": "sell", "size": "0.00164883", "price": "117860.67000000", "time": "2025-07-15T23:10:47.934117Z", "fetched_at": "2025-07-15T23:10:50.003687+00:00", "symbol": "BTC-USD"}, {"trade_id": 849988908, "side": "sell", "size": "0.00012363", "price": "117860.67000000", "time": "2025-07-15T23:10:47.933027Z", "fetched_at": "2025-07-15T23:10:50.003687+00:00", "symbol": "BTC-USD"}, {"trade_id": 849988907, "side": "sell", "size": "0.00127786", "price": "117860.67000000", "time": "2025-07-15T23:10:47.867757Z", "fetched_at": "2025-07-15T23:10:50.003687+00:00", "symbol": "BTC-USD"}, {"trade_id": 849988906, "side": "sell", "size": "0.00009868", "price": "117860.67000000", "time": "2025-07-15T23:10:47.832907Z", "fetched_at": "2025-07-15T23:10:50.003687+00:00", "symbol": "BTC-USD"}, {"trade_id": 849988905, "side": "sell", "size": "0.00030179", "price": "117860.67000000", "time": "2025-07-15T23:10:47.746570Z", "fetched_at": "2025-07-15T23:10:50.003687+00:00", "symbol": "BTC-USD"}, {"trade_id": 849988904, "side": "sell", "size": "0.00805682", "price": "117860.67000000", "time": "2025-07-15T23:10:47.708152Z", "fetched_at": "2025-07-15T23:10:50.003687+00:00", "symbol": "BTC-USD"}, {"trade_id": 849988903, "side": "sell", "size": "0.00034204", "price": "117860.67000000", "time": "2025-07-15T23:10:47.708152Z", "fetched_at": "2025-07-15T23:10:50.003687+00:00", "symbol": "BTC-USD"}, {"trade_id": 849988902, "side": "sell", "size": "0.00003196", "price": "117860.67000000", "time": "2025-07-15T23:10:47.683527Z", "fetched_at": "2025-07-15T23:10:50.003687+00:00", "symbol": "BTC-USD"}, {"trade_id": 849988901, "side": "sell", "size": "0.00082443", "price": "117860.62000000", "time": "2025-07-15T23:10:47.570926Z", "fetched_at": "2025-07-15T23:10:50.003687+00:00", "symbol": "BTC-USD"}, {"trade_id": 849988900, "side": "sell", "size": "0.00020611", "price": "117860.62000000", "time": "2025-07-15T23:10:47.489822Z", "fetched_at": "2025-07-15T23:10:50.003687+00:00", "symbol": "BTC-USD"}, {"trade_id": 849988899, "side": "sell", "size": "0.00122427", "price": "117860.62000000", "time": "2025-07-15T23:10:47.428107Z", "fetched_at": "2025-07-15T23:10:50.003687+00:00", "symbol": "BTC-USD"}, {"trade_id": 849988898, "side": "sell", "size": "0.00206103", "price": "117860.62000000", "time": "2025-07-15T23:10:47.159620Z", "fetched_at": "2025-07-15T23:10:50.003687+00:00", "symbol": "BTC-USD"}, {"trade_id": 849988897, "side": "sell", "size": "0.00018506", "price": "117860.62000000", "time": "2025-07-15T23:10:47.078216Z", "fetched_at": "2025-07-15T23:10:50.003687+00:00", "symbol": "BTC-USD"}, {"trade_id": 849988896, "side": "sell", "size": "0.00012873", "price": "117860.62000000", "time": "2025-07-15T23:10:46.945989Z", "fetched_at": "2025-07-15T23:10:50.003687+00:00", "symbol": "BTC-USD"}, {"trade_id": 849988895, "side": "sell", "size": "0.00020610", "price": "117860.62000000", "time": "2025-07-15T23:10:46.930227Z", "fetched_at": "2025-07-15T23:10:50.003687+00:00", "symbol": "BTC-USD"}, {"trade_id": 849988894, "side": "sell", "size": "0.00532475", "price": "117859.56000000", "time": "2025-07-15T23:10:46.857736Z", "fetched_at": "2025-07-15T23:10:50.003687+00:00", "symbol": "BTC-USD"}, {"trade_id": 849988893, "side": "sell", "size": "0.00209967", "price": "117859.56000000", "time": "2025-07-15T23:10:46.819444Z", "fetched_at": "2025-07-15T23:10:50.003687+00:00", "symbol": "BTC-USD"}, {"trade_id": 849988892, "side": "sell", "size": "0.00020611", "price": "117859.56000000", "time": "2025-07-15T23:10:46.792940Z", "fetched_at": "2025-07-15T23:10:50.003687+00:00", "symbol": "BTC-USD"}, {"trade_id": 849988891, "side": "sell", "size": "0.00120655", "price": "117859.56000000", "time": "2025-07-15T23:10:46.753829Z", "fetched_at": "2025-07-15T23:10:50.003687+00:00", "symbol": "BTC-USD"}, {"trade_id": 849988890, "side": "sell", "size": "0.00082441", "price": "117859.56000000", "time": "2025-07-15T23:10:46.579306Z", "fetched_at": "2025-07-15T23:10:50.003687+00:00", "symbol": "BTC-USD"}, {"trade_id": 849988889, "side": "sell", "size": "0.00000840", "price": "117859.56000000", "time": "2025-07-15T23:10:46.489847Z", "fetched_at": "2025-07-15T23:10:50.003687+00:00", "symbol": "BTC-USD"}, {"trade_id": 849988888, "side": "sell", "size": "0.00643554", "price": "117859.56000000", "time": "2025-07-15T23:10:46.369610Z", "fetched_at": "2025-07-15T23:10:50.003687+00:00", "symbol": "BTC-USD"}, {"trade_id": 849988887, "side": "buy", "size": "0.00178635", "price": "117859.55000000", "time": "2025-07-15T23:10:45.933571Z", "fetched_at": "2025-07-15T23:10:50.003687+00:00", "symbol": "BTC-USD"}, {"trade_id": 849988886, "side": "sell", "size": "0.00012243", "price": "117860.67000000", "time": "2025-07-15T23:10:45.105462Z", "fetched_at": "2025-07-15T23:10:50.003687+00:00", "symbol": "BTC-USD"}, {"trade_id": 849988885, "side": "buy", "size": "0.00003081", "price": "117863.55000000", "time": "2025-07-15T23:10:44.514915Z", "fetched_at": "2025-07-15T23:10:50.003687+00:00", "symbol": "BTC-USD"}, {"trade_id": 849988884, "side": "sell", "size": "0.01896002", "price": "117863.56000000", "time": "2025-07-15T23:10:44.439249Z", "fetched_at": "2025-07-15T23:10:50.003687+00:00", "symbol": "BTC-USD"}, {"trade_id": 849988883, "side": "sell", "size": "0.00008044", "price": "117866.57000000", "time": "2025-07-15T23:10:44.145020Z", "fetched_at": "2025-07-15T23:10:50.003687+00:00", "symbol": "BTC-USD"}, {"trade_id": 849988882, "side": "buy", "size": "0.00003926", "price": "117866.50000000", "time": "2025-07-15T23:10:43.843935Z", "fetched_at": "2025-07-15T23:10:50.003687+00:00", "symbol": "BTC-USD"}, {"trade_id": 849988881, "side": "buy", "size": "0.00000118", "price": "117873.13000000", "time": "2025-07-15T23:10:43.843935Z", "fetched_at": "2025-07-15T23:10:50.003687+00:00", "symbol": "BTC-USD"}, {"trade_id": 849988880, "side": "sell", "size": "0.00002455", "price": "117873.14000000", "time": "2025-07-15T23:10:43.119766Z", "fetched_at": "2025-07-15T23:10:50.003687+00:00", "symbol": "BTC-USD"}, {"trade_id": 849988879, "side": "sell", "size": "0.00010463", "price": "117873.14000000", "time": "2025-07-15T23:10:42.865616Z", "fetched_at": "2025-07-15T23:10:50.003687+00:00", "symbol": "BTC-USD"}, {"trade_id": 849988878, "side": "buy", "size": "0.00004575", "price": "117873.13000000", "time": "2025-07-15T23:10:42.236496Z", "fetched_at": "2025-07-15T23:10:50.003687+00:00", "symbol": "BTC-USD"}, {"trade_id": 849988877, "side": "sell", "size": "0.00412176", "price": "117873.14000000", "time": "2025-07-15T23:10:41.994649Z", "fetched_at": "2025-07-15T23:10:50.003687+00:00", "symbol": "BTC-USD"}, {"trade_id": 849988876, "side": "sell", "size": "0.00143442", "price": "117869.64000000", "time": "2025-07-15T23:10:41.916596Z", "fetched_at": "2025-07-15T23:10:50.003687+00:00", "symbol": "BTC-USD"}, {"trade_id": 849988875, "side": "sell", "size": "0.00000636", "price": "117869.53000000", "time": "2025-07-15T23:10:41.916596Z", "fetched_at": "2025-07-15T23:10:50.003687+00:00", "symbol": "BTC-USD"}, {"trade_id": 849988874, "side": "sell", "size": "0.00037107", "price": "117868.16000000", "time": "2025-07-15T23:10:41.916596Z", "fetched_at": "2025-07-15T23:10:50.003687+00:00", "symbol": "BTC-USD"}, {"trade_id": 849988873, "side": "sell", "size": "0.00033821", "price": "117868.15000000", "time": "2025-07-15T23:10:41.916596Z", "fetched_at": "2025-07-15T23:10:50.003687+00:00", "symbol": "BTC-USD"}, {"trade_id": 849988872, "side": "buy", "size": "0.07126089", "price": "117864.25000000", "time": "2025-07-15T23:10:41.873149Z", "fetched_at": "2025-07-15T23:10:50.003687+00:00", "symbol": "BTC-USD"}, {"trade_id": 849988871, "side": "buy", "size": "0.00001000", "price": "117866.00000000", "time": "2025-07-15T23:10:41.873149Z", "fetched_at": "2025-07-15T23:10:50.003687+00:00", "symbol": "BTC-USD"}, {"trade_id": 849988870, "side": "buy", "size": "0.00848411", "price": "117867.39000000", "time": "2025-07-15T23:10:41.873149Z", "fetched_at": "2025-07-15T23:10:50.003687+00:00", "symbol": "BTC-USD"}, {"trade_id": 849988869, "side": "buy", "size": "0.00006331", "price": "117869.52000000", "time": "2025-07-15T23:10:41.873149Z", "fetched_at": "2025-07-15T23:10:50.003687+00:00", "symbol": "BTC-USD"}, {"trade_id": 849988868, "side": "buy", "size": "0.00000984", "price": "117869.52000000", "time": "2025-07-15T23:10:41.873149Z", "fetched_at": "2025-07-15T23:10:50.003687+00:00", "symbol": "BTC-USD"}, {"trade_id": 849988867, "side": "buy", "size": "0.00000610", "price": "117869.52000000", "time": "2025-07-15T23:10:41.873149Z", "fetched_at": "2025-07-15T23:10:50.003687+00:00", "symbol": "BTC-USD"}, {"trade_id": 849988866, "side": "buy", "size": "0.00500073", "price": "117869.52000000", "time": "2025-07-15T23:10:41.873149Z", "fetched_at": "2025-07-15T23:10:50.003687+00:00", "symbol": "BTC-USD"}, {"trade_id": 849988865, "side": "buy", "size": "0.00004903", "price": "117875.85000000", "time": "2025-07-15T23:10:41.669093Z", "fetched_at": "2025-07-15T23:10:50.003687+00:00", "symbol": "BTC-USD"}, {"trade_id": 849988864, "side": "buy", "size": "0.00000381", "price": "117875.85000000", "time": "2025-07-15T23:10:41.669093Z", "fetched_at": "2025-07-15T23:10:50.003687+00:00", "symbol": "BTC-USD"}, {"trade_id": 849988863, "side": "buy", "size": "0.00134633", "price": "117875.85000000", "time": "2025-07-15T23:10:41.669093Z", "fetched_at": "2025-07-15T23:10:50.003687+00:00", "symbol": "BTC-USD"}, {"trade_id": 849988862, "side": "buy", "size": "0.06912472", "price": "117875.85000000", "time": "2025-07-15T23:10:41.669093Z", "fetched_at": "2025-07-15T23:10:50.003687+00:00", "symbol": "BTC-USD"}, {"trade_id": 849988861, "side": "buy", "size": "0.12548549", "price": "117875.85000000", "time": "2025-07-15T23:10:41.668463Z", "fetched_at": "2025-07-15T23:10:50.003687+00:00", "symbol": "BTC-USD"}, {"trade_id": 849988860, "side": "sell", "size": "0.00062826", "price": "117875.86000000", "time": "2025-07-15T23:10:41.341858Z", "fetched_at": "2025-07-15T23:10:50.003687+00:00", "symbol": "BTC-USD"}, {"trade_id": 849988859, "side": "buy", "size": "0.00040561", "price": "117875.85000000", "time": "2025-07-15T23:10:41.316799Z", "fetched_at": "2025-07-15T23:10:50.003687+00:00", "symbol": "BTC-USD"}, {"trade_id": 849988858, "side": "buy", "size": "0.00024578", "price": "117875.85000000", "time": "2025-07-15T23:10:41.283059Z", "fetched_at": "2025-07-15T23:10:50.003687+00:00", "symbol": "BTC-USD"}, {"trade_id": 849988857, "side": "sell", "size": "0.00332495", "price": "117875.86000000", "time": "2025-07-15T23:10:41.225049Z", "fetched_at": "2025-07-15T23:10:50.003687+00:00", "symbol": "BTC-USD"}, {"trade_id": 849988856, "side": "sell", "size": "0.00083987", "price": "117875.86000000", "time": "2025-07-15T23:10:41.221868Z", "fetched_at": "2025-07-15T23:10:50.003687+00:00", "symbol": "BTC-USD"}, {"trade_id": 849988855, "side": "sell", "size": "0.00020920", "price": "117875.86000000", "time": "2025-07-15T23:10:41.147804Z", "fetched_at": "2025-07-15T23:10:50.003687+00:00", "symbol": "BTC-USD"}, {"trade_id": 849988854, "side": "buy", "size": "0.00853519", "price": "117875.85000000", "time": "2025-07-15T23:10:40.846798Z", "fetched_at": "2025-07-15T23:10:50.003687+00:00", "symbol": "BTC-USD"}, {"trade_id": 849988853, "side": "buy", "size": "0.00000602", "price": "117875.85000000", "time": "2025-07-15T23:10:40.846798Z", "fetched_at": "2025-07-15T23:10:50.003687+00:00", "symbol": "BTC-USD"}, {"trade_id": 849988852, "side": "buy", "size": "0.00000161", "price": "117875.85000000", "time": "2025-07-15T23:10:40.846798Z", "fetched_at": "2025-07-15T23:10:50.003687+00:00", "symbol": "BTC-USD"}, {"trade_id": 849988851, "side": "buy", "size": "0.00006935", "price": "117875.85000000", "time": "2025-07-15T23:10:40.846798Z", "fetched_at": "2025-07-15T23:10:50.003687+00:00", "symbol": "BTC-USD"}, {"trade_id": 849988850, "side": "buy", "size": "0.00004911", "price": "117875.85000000", "time": "2025-07-15T23:10:40.846798Z", "fetched_at": "2025-07-15T23:10:50.003687+00:00", "symbol": "BTC-USD"}, {"trade_id": 849988849, "side": "buy", "size": "0.00031593", "price": "117875.85000000", "time": "2025-07-15T23:10:40.846798Z", "fetched_at": "2025-07-15T23:10:50.003687+00:00", "symbol": "BTC-USD"}, {"trade_id": 849988848, "side": "sell", "size": "0.00020605", "price": "117875.86000000", "time": "2025-07-15T23:10:40.814228Z", "fetched_at": "2025-07-15T23:10:50.003687+00:00", "symbol": "BTC-USD"}, {"trade_id": 849988847, "side": "sell", "size": "0.00056122", "price": "117875.86000000", "time": "2025-07-15T23:10:40.657266Z", "fetched_at": "2025-07-15T23:10:50.003687+00:00", "symbol": "BTC-USD"}, {"trade_id": 849988846, "side": "sell", "size": "0.00006604", "price": "117875.86000000", "time": "2025-07-15T23:10:38.570922Z", "fetched_at": "2025-07-15T23:10:50.003687+00:00", "symbol": "BTC-USD"}, {"trade_id": 849988845, "side": "sell", "size": "0.00167927", "price": "117875.86000000", "time": "2025-07-15T23:10:38.395623Z", "fetched_at": "2025-07-15T23:10:50.003687+00:00", "symbol": "BTC-USD"}, {"trade_id": 849988844, "side": "buy", "size": "0.00000670", "price": "117875.85000000", "time": "2025-07-15T23:10:38.255162Z", "fetched_at": "2025-07-15T23:10:50.003687+00:00", "symbol": "BTC-USD"}, {"trade_id": 849988843, "side": "buy", "size": "0.00035350", "price": "117875.85000000", "time": "2025-07-15T23:10:37.521633Z", "fetched_at": "2025-07-15T23:10:50.003687+00:00", "symbol": "BTC-USD"}, {"trade_id": 849988842, "side": "buy", "size": "0.00004019", "price": "117875.85000000", "time": "2025-07-15T23:10:37.249602Z", "fetched_at": "2025-07-15T23:10:50.003687+00:00", "symbol": "BTC-USD"}, {"trade_id": 849988841, "side": "buy", "size": "0.01028022", "price": "117873.18000000", "time": "2025-07-15T23:10:36.836274Z", "fetched_at": "2025-07-15T23:10:50.003687+00:00", "symbol": "BTC-USD"}, {"trade_id": 849988840, "side": "buy", "size": "0.00006205", "price": "117875.89000000", "time": "2025-07-15T23:10:36.160105Z", "fetched_at": "2025-07-15T23:10:50.003687+00:00", "symbol": "BTC-USD"}, {"trade_id": 849988839, "side": "buy", "size": "0.04240795", "price": "117875.89000000", "time": "2025-07-15T23:10:36.160105Z", "fetched_at": "2025-07-15T23:10:50.003687+00:00", "symbol": "BTC-USD"}, {"trade_id": 849988838, "side": "buy", "size": "0.00848322", "price": "117879.76000000", "time": "2025-07-15T23:10:35.809531Z", "fetched_at": "2025-07-15T23:10:50.003687+00:00", "symbol": "BTC-USD"}, {"trade_id": 849988837, "side": "buy", "size": "0.00002433", "price": "117880.56000000", "time": "2025-07-15T23:10:35.809531Z", "fetched_at": "2025-07-15T23:10:50.003687+00:00", "symbol": "BTC-USD"}, {"trade_id": 849988836, "side": "buy", "size": "0.00848316", "price": "117880.56000000", "time": "2025-07-15T23:10:35.809531Z", "fetched_at": "2025-07-15T23:10:50.003687+00:00", "symbol": "BTC-USD"}, {"trade_id": 849988835, "side": "buy", "size": "0.00008163", "price": "117882.74000000", "time": "2025-07-15T23:10:35.809531Z", "fetched_at": "2025-07-15T23:10:50.003687+00:00", "symbol": "BTC-USD"}, {"trade_id": 849988834, "side": "buy", "size": "0.00002377", "price": "117882.74000000", "time": "2025-07-15T23:10:35.809531Z", "fetched_at": "2025-07-15T23:10:50.003687+00:00", "symbol": "BTC-USD"}, {"trade_id": 849988833, "side": "buy", "size": "0.00000313", "price": "117882.74000000", "time": "2025-07-15T23:10:35.809531Z", "fetched_at": "2025-07-15T23:10:50.003687+00:00", "symbol": "BTC-USD"}, {"trade_id": 849988832, "side": "sell", "size": "0.00002521", "price": "117882.75000000", "time": "2025-07-15T23:10:35.619869Z", "fetched_at": "2025-07-15T23:10:50.003687+00:00", "symbol": "BTC-USD"}, {"trade_id": 849988831, "side": "buy", "size": "0.00840227", "price": "117882.74000000", "time": "2025-07-15T23:10:35.224057Z", "fetched_at": "2025-07-15T23:10:50.003687+00:00", "symbol": "BTC-USD"}, {"trade_id": 849988830, "side": "buy", "size": "0.00007203", "price": "117882.75000000", "time": "2025-07-15T23:10:35.224057Z", "fetched_at": "2025-07-15T23:10:50.003687+00:00", "symbol": "BTC-USD"}, {"trade_id": 849988829, "side": "buy", "size": "0.00000839", "price": "117884.51000000", "time": "2025-07-15T23:10:35.224057Z", "fetched_at": "2025-07-15T23:10:50.003687+00:00", "symbol": "BTC-USD"}, {"trade_id": 849988828, "side": "buy", "size": "0.00001731", "price": "117884.51000000", "time": "2025-07-15T23:10:35.224057Z", "fetched_at": "2025-07-15T23:10:50.003687+00:00", "symbol": "BTC-USD"}, {"trade_id": 849988827, "side": "buy", "size": "0.00003172", "price": "117884.51000000", "time": "2025-07-15T23:10:35.222101Z", "fetched_at": "2025-07-15T23:10:50.003687+00:00", "symbol": "BTC-USD"}, {"trade_id": 849988826, "side": "buy", "size": "0.00000356", "price": "117884.51000000", "time": "2025-07-15T23:10:35.222101Z", "fetched_at": "2025-07-15T23:10:50.003687+00:00", "symbol": "BTC-USD"}, {"trade_id": 849988825, "side": "buy", "size": "0.00059472", "price": "117884.51000000", "time": "2025-07-15T23:10:35.222101Z", "fetched_at": "2025-07-15T23:10:50.003687+00:00", "symbol": "BTC-USD"}, {"trade_id": 849988824, "side": "sell", "size": "0.00164837", "price": "117884.52000000", "time": "2025-07-15T23:10:34.912313Z", "fetched_at": "2025-07-15T23:10:50.003687+00:00", "symbol": "BTC-USD"}, {"trade_id": 849988823, "side": "buy", "size": "0.00008374", "price": "117884.51000000", "time": "2025-07-15T23:10:34.221413Z", "fetched_at": "2025-07-15T23:10:50.003687+00:00", "symbol": "BTC-USD"}, {"trade_id": 849988822, "side": "sell", "size": "0.00016086", "price": "117884.52000000", "time": "2025-07-15T23:10:33.976912Z", "fetched_at": "2025-07-15T23:10:50.003687+00:00", "symbol": "BTC-USD"}, {"trade_id": 849988821, "side": "sell", "size": "0.00041192", "price": "117884.52000000", "time": "2025-07-15T23:10:33.655778Z", "fetched_at": "2025-07-15T23:10:50.003687+00:00", "symbol": "BTC-USD"}, {"trade_id": 849988820, "side": "sell", "size": "0.00168922", "price": "117884.52000000", "time": "2025-07-15T23:10:33.632898Z", "fetched_at": "2025-07-15T23:10:50.003687+00:00", "symbol": "BTC-USD"}, {"trade_id": 849988819, "side": "sell", "size": "0.00077476", "price": "117884.52000000", "time": "2025-07-15T23:10:33.061176Z", "fetched_at": "2025-07-15T23:10:50.003687+00:00", "symbol": "BTC-USD"}, {"trade_id": 849988818, "side": "buy", "size": "0.00207604", "price": "117884.51000000", "time": "2025-07-15T23:10:32.280410Z", "fetched_at": "2025-07-15T23:10:50.003687+00:00", "symbol": "BTC-USD"}, {"trade_id": 849988817, "side": "sell", "size": "0.00181409", "price": "117884.52000000", "time": "2025-07-15T23:10:32.102242Z", "fetched_at": "2025-07-15T23:10:50.003687+00:00", "symbol": "BTC-USD"}, {"trade_id": 849988816, "side": "sell", "size": "0.00012594", "price": "117884.52000000", "time": "2025-07-15T23:10:32.066791Z", "fetched_at": "2025-07-15T23:10:50.003687+00:00", "symbol": "BTC-USD"}, {"trade_id": 849988815, "side": "sell", "size": "0.00060821", "price": "117884.52000000", "time": "2025-07-15T23:10:31.803890Z", "fetched_at": "2025-07-15T23:10:50.003687+00:00", "symbol": "BTC-USD"}, {"trade_id": 849988814, "side": "sell", "size": "0.00202372", "price": "117884.52000000", "time": "2025-07-15T23:10:31.256332Z", "fetched_at": "2025-07-15T23:10:50.003687+00:00", "symbol": "BTC-USD"}, {"trade_id": 849988813, "side": "sell", "size": "0.00006722", "price": "117884.43000000", "time": "2025-07-15T23:10:31.256332Z", "fetched_at": "2025-07-15T23:10:50.003687+00:00", "symbol": "BTC-USD"}, {"trade_id": 849988812, "side": "buy", "size": "0.00025651", "price": "117876.74000000", "time": "2025-07-15T23:10:31.213483Z", "fetched_at": "2025-07-15T23:10:50.003687+00:00", "symbol": "BTC-USD"}, {"trade_id": 849988811, "side": "buy", "size": "0.07876835", "price": "117876.38000000", "time": "2025-07-15T23:10:31.207826Z", "fetched_at": "2025-07-15T23:10:50.003687+00:00", "symbol": "BTC-USD"}, {"trade_id": 849988810, "side": "buy", "size": "0.00619049", "price": "117876.66000000", "time": "2025-07-15T23:10:31.207826Z", "fetched_at": "2025-07-15T23:10:50.003687+00:00", "symbol": "BTC-USD"}, {"trade_id": 849988809, "side": "buy", "size": "0.00500000", "price": "117876.66000000", "time": "2025-07-15T23:10:31.207826Z", "fetched_at": "2025-07-15T23:10:50.003687+00:00", "symbol": "BTC-USD"}, {"trade_id": 849988808, "side": "buy", "size": "0.00499947", "price": "117876.66000000", "time": "2025-07-15T23:10:31.207826Z", "fetched_at": "2025-07-15T23:10:50.003687+00:00", "symbol": "BTC-USD"}, {"trade_id": 849988807, "side": "buy", "size": "0.00500000", "price": "117876.66000000", "time": "2025-07-15T23:10:31.207826Z", "fetched_at": "2025-07-15T23:10:50.003687+00:00", "symbol": "BTC-USD"}, {"trade_id": 849988806, "side": "buy", "size": "0.01000018", "price": "117876.66000000", "time": "2025-07-15T23:10:31.207826Z", "fetched_at": "2025-07-15T23:10:50.003687+00:00", "symbol": "BTC-USD"}, {"trade_id": 849988805, "side": "buy", "size": "0.00863937", "price": "117876.73000000", "time": "2025-07-15T23:10:31.207826Z", "fetched_at": "2025-07-15T23:10:50.003687+00:00", "symbol": "BTC-USD"}, {"trade_id": 849988804, "side": "buy", "size": "0.03877285", "price": "117876.74000000", "time": "2025-07-15T23:10:31.207826Z", "fetched_at": "2025-07-15T23:10:50.003687+00:00", "symbol": "BTC-USD"}, {"trade_id": 849988803, "side": "buy", "size": "0.00250685", "price": "117877.29000000", "time": "2025-07-15T23:10:31.207826Z", "fetched_at": "2025-07-15T23:10:50.003687+00:00", "symbol": "BTC-USD"}, {"trade_id": 849988802, "side": "buy", "size": "0.08159918", "price": "117878.35000000", "time": "2025-07-15T23:10:31.207826Z", "fetched_at": "2025-07-15T23:10:50.003687+00:00", "symbol": "BTC-USD"}, {"trade_id": 849988801, "side": "buy", "size": "0.01696236", "price": "117879.94000000", "time": "2025-07-15T23:10:31.207826Z", "fetched_at": "2025-07-15T23:10:50.003687+00:00", "symbol": "BTC-USD"}, {"trade_id": 849988800, "side": "buy", "size": "0.04240574", "price": "117882.03000000", "time": "2025-07-15T23:10:31.207826Z", "fetched_at": "2025-07-15T23:10:50.003687+00:00", "symbol": "BTC-USD"}, {"trade_id": 849988799, "side": "buy", "size": "0.01648529", "price": "117882.19000000", "time": "2025-07-15T23:10:31.207826Z", "fetched_at": "2025-07-15T23:10:50.003687+00:00", "symbol": "BTC-USD"}, {"trade_id": 849988798, "side": "buy", "size": "0.00500081", "price": "117884.07000000", "time": "2025-07-15T23:10:31.207826Z", "fetched_at": "2025-07-15T23:10:50.003687+00:00", "symbol": "BTC-USD"}, {"trade_id": 849988797, "side": "buy", "size": "0.00848281", "price": "117885.51000000", "time": "2025-07-15T23:10:31.207826Z", "fetched_at": "2025-07-15T23:10:50.003687+00:00", "symbol": "BTC-USD"}, {"trade_id": 849988796, "side": "buy", "size": "0.02545258", "price": "117885.80000000", "time": "2025-07-15T23:10:31.207826Z", "fetched_at": "2025-07-15T23:10:50.003687+00:00", "symbol": "BTC-USD"}, {"trade_id": 849988795, "side": "buy", "size": "0.00000076", "price": "117887.28000000", "time": "2025-07-15T23:10:31.207826Z", "fetched_at": "2025-07-15T23:10:50.003687+00:00", "symbol": "BTC-USD"}, {"trade_id": 849988794, "side": "buy", "size": "0.00008993", "price": "117887.28000000", "time": "2025-07-15T23:10:31.207826Z", "fetched_at": "2025-07-15T23:10:50.003687+00:00", "symbol": "BTC-USD"}, {"trade_id": 849988793, "side": "buy", "size": "0.11870017", "price": "117887.28000000", "time": "2025-07-15T23:10:31.207826Z", "fetched_at": "2025-07-15T23:10:50.003687+00:00", "symbol": "BTC-USD"}, {"trade_id": 849988792, "side": "sell", "size": "0.00020603", "price": "117887.29000000", "time": "2025-07-15T23:10:31.028313Z", "fetched_at": "2025-07-15T23:10:50.003687+00:00", "symbol": "BTC-USD"}, {"trade_id": 849988791, "side": "buy", "size": "0.00010685", "price": "117887.28000000", "time": "2025-07-15T23:10:30.933436Z", "fetched_at": "2025-07-15T23:10:50.003687+00:00", "symbol": "BTC-USD"}, {"trade_id": 849988790, "side": "buy", "size": "0.01349298", "price": "117887.28000000", "time": "2025-07-15T23:10:30.843090Z", "fetched_at": "2025-07-15T23:10:50.003687+00:00", "symbol": "BTC-USD"}, {"trade_id": 849988789, "side": "buy", "size": "0.00001000", "price": "117890.85000000", "time": "2025-07-15T23:10:30.843090Z", "fetched_at": "2025-07-15T23:10:50.003687+00:00", "symbol": "BTC-USD"}, {"trade_id": 849988788, "side": "buy", "size": "0.04224217", "price": "117891.66000000", "time": "2025-07-15T23:10:30.843090Z", "fetched_at": "2025-07-15T23:10:50.003687+00:00", "symbol": "BTC-USD"}, {"trade_id": 849988787, "side": "buy", "size": "0.00848234", "price": "117891.86000000", "time": "2025-07-15T23:10:30.843090Z", "fetched_at": "2025-07-15T23:10:50.003687+00:00", "symbol": "BTC-USD"}, {"trade_id": 849988786, "side": "buy", "size": "0.00500000", "price": "117893.56000000", "time": "2025-07-15T23:10:30.843090Z", "fetched_at": "2025-07-15T23:10:50.003687+00:00", "symbol": "BTC-USD"}, {"trade_id": 849988785, "side": "buy", "size": "0.00848213", "price": "117894.86000000", "time": "2025-07-15T23:10:30.843090Z", "fetched_at": "2025-07-15T23:10:50.003687+00:00", "symbol": "BTC-USD"}, {"trade_id": 849988784, "side": "buy", "size": "0.00532329", "price": "117895.90000000", "time": "2025-07-15T23:10:30.843090Z", "fetched_at": "2025-07-15T23:10:50.003687+00:00", "symbol": "BTC-USD"}, {"trade_id": 849988783, "side": "buy", "size": "0.00500213", "price": "117895.91000000", "time": "2025-07-15T23:10:30.843090Z", "fetched_at": "2025-07-15T23:10:50.003687+00:00", "symbol": "BTC-USD"}, {"trade_id": 849988782, "side": "buy", "size": "0.00847979", "price": "117895.92000000", "time": "2025-07-15T23:10:30.843090Z", "fetched_at": "2025-07-15T23:10:50.003687+00:00", "symbol": "BTC-USD"}, {"trade_id": 849988781, "side": "buy", "size": "0.00008992", "price": "117896.63000000", "time": "2025-07-15T23:10:30.843090Z", "fetched_at": "2025-07-15T23:10:50.003687+00:00", "symbol": "BTC-USD"}, {"trade_id": 849988780, "side": "buy", "size": "0.00000356", "price": "117896.63000000", "time": "2025-07-15T23:10:30.843090Z", "fetched_at": "2025-07-15T23:10:50.003687+00:00", "symbol": "BTC-USD"}, {"trade_id": 849988779, "side": "buy", "size": "0.00000127", "price": "117896.63000000", "time": "2025-07-15T23:10:30.843090Z", "fetched_at": "2025-07-15T23:10:50.003687+00:00", "symbol": "BTC-USD"}, {"trade_id": 849988778, "side": "buy", "size": "0.00067499", "price": "117896.63000000", "time": "2025-07-15T23:10:30.843090Z", "fetched_at": "2025-07-15T23:10:50.003687+00:00", "symbol": "BTC-USD"}, {"trade_id": 849988777, "side": "buy", "size": "0.00004902", "price": "117896.63000000", "time": "2025-07-15T23:10:30.843090Z", "fetched_at": "2025-07-15T23:10:50.003687+00:00", "symbol": "BTC-USD"}, {"trade_id": 849988776, "side": "buy", "size": "0.00531317", "price": "117896.63000000", "time": "2025-07-15T23:10:30.843090Z", "fetched_at": "2025-07-15T23:10:50.003687+00:00", "symbol": "BTC-USD"}, {"trade_id": 849988775, "side": "sell", "size": "0.05000125", "price": "117896.64000000", "time": "2025-07-15T23:10:30.548260Z", "fetched_at": "2025-07-15T23:10:50.003687+00:00", "symbol": "BTC-USD"}, {"trade_id": 849988774, "side": "sell", "size": "0.00193792", "price": "117896.64000000", "time": "2025-07-15T23:10:30.206506Z", "fetched_at": "2025-07-15T23:10:50.003687+00:00", "symbol": "BTC-USD"}, {"trade_id": 849988773, "side": "buy", "size": "0.00811966", "price": "117899.59000000", "time": "2025-07-15T23:10:29.954168Z", "fetched_at": "2025-07-15T23:10:50.003687+00:00", "symbol": "BTC-USD"}, {"trade_id": 849988772, "side": "buy", "size": "0.00238501", "price": "117899.59000000", "time": "2025-07-15T23:10:29.847183Z", "fetched_at": "2025-07-15T23:10:50.003687+00:00", "symbol": "BTC-USD"}, {"trade_id": 849988771, "side": "buy", "size": "0.00008992", "price": "117899.70000000", "time": "2025-07-15T23:10:29.847183Z", "fetched_at": "2025-07-15T23:10:50.003687+00:00", "symbol": "BTC-USD"}, {"trade_id": 849988770, "side": "buy", "size": "0.00001000", "price": "117899.70000000", "time": "2025-07-15T23:10:29.847183Z", "fetched_at": "2025-07-15T23:10:50.003687+00:00", "symbol": "BTC-USD"}, {"trade_id": 849988769, "side": "buy", "size": "0.00008541", "price": "117900.19000000", "time": "2025-07-15T23:10:29.562887Z", "fetched_at": "2025-07-15T23:10:50.003687+00:00", "symbol": "BTC-USD"}, {"trade_id": 849988768, "side": "buy", "size": "0.00001636", "price": "117900.19000000", "time": "2025-07-15T23:10:29.562887Z", "fetched_at": "2025-07-15T23:10:50.003687+00:00", "symbol": "BTC-USD"}, {"trade_id": 849988767, "side": "buy", "size": "0.00292012", "price": "117900.19000000", "time": "2025-07-15T23:10:29.239762Z", "fetched_at": "2025-07-15T23:10:50.003687+00:00", "symbol": "BTC-USD"}, {"trade_id": 849988766, "side": "buy", "size": "0.00499988", "price": "117900.19000000", "time": "2025-07-15T23:10:29.239762Z", "fetched_at": "2025-07-15T23:10:50.003687+00:00", "symbol": "BTC-USD"}, {"trade_id": 849988765, "side": "buy", "size": "0.00000118", "price": "117902.41000000", "time": "2025-07-15T23:10:29.210582Z", "fetched_at": "2025-07-15T23:10:50.003687+00:00", "symbol": "BTC-USD"}, {"trade_id": 849988764, "side": "buy", "size": "0.00067666", "price": "117902.41000000", "time": "2025-07-15T23:10:29.210582Z", "fetched_at": "2025-07-15T23:10:50.003687+00:00", "symbol": "BTC-USD"}, {"trade_id": 849988763, "side": "buy", "size": "0.00004902", "price": "117902.41000000", "time": "2025-07-15T23:10:29.210582Z", "fetched_at": "2025-07-15T23:10:50.003687+00:00", "symbol": "BTC-USD"}, {"trade_id": 849988762, "side": "buy", "size": "0.00000347", "price": "117902.41000000", "time": "2025-07-15T23:10:29.210582Z", "fetched_at": "2025-07-15T23:10:50.003687+00:00", "symbol": "BTC-USD"}, {"trade_id": 849988761, "side": "buy", "size": "0.00848128", "price": "117906.77000000", "time": "2025-07-15T23:10:29.206517Z", "fetched_at": "2025-07-15T23:10:50.003687+00:00", "symbol": "BTC-USD"}, {"trade_id": 849988760, "side": "buy", "size": "0.00008991", "price": "117908.55000000", "time": "2025-07-15T23:10:29.206517Z", "fetched_at": "2025-07-15T23:10:50.003687+00:00", "symbol": "BTC-USD"}, {"trade_id": 849988759, "side": "sell", "size": "0.00006408", "price": "117908.56000000", "time": "2025-07-15T23:10:29.150620Z", "fetched_at": "2025-07-15T23:10:50.003687+00:00", "symbol": "BTC-USD"}, {"trade_id": 849988758, "side": "sell", "size": "0.00037337", "price": "117908.56000000", "time": "2025-07-15T23:10:28.778914Z", "fetched_at": "2025-07-15T23:10:50.003687+00:00", "symbol": "BTC-USD"}, {"trade_id": 849988757, "side": "sell", "size": "0.00003619", "price": "117908.56000000", "time": "2025-07-15T23:10:28.156161Z", "fetched_at": "2025-07-15T23:10:50.003687+00:00", "symbol": "BTC-USD"}, {"trade_id": 849988756, "side": "sell", "size": "0.00411923", "price": "117908.56000000", "time": "2025-07-15T23:10:27.452188Z", "fetched_at": "2025-07-15T23:10:50.003687+00:00", "symbol": "BTC-USD"}, {"trade_id": 849988755, "side": "buy", "size": "0.00021203", "price": "117908.55000000", "time": "2025-07-15T23:10:26.871933Z", "fetched_at": "2025-07-15T23:10:50.003687+00:00", "symbol": "BTC-USD"}, {"trade_id": 849988754, "side": "sell", "size": "0.00006375", "price": "117908.56000000", "time": "2025-07-15T23:10:26.391703Z", "fetched_at": "2025-07-15T23:10:50.003687+00:00", "symbol": "BTC-USD"}, {"trade_id": 849988753, "side": "buy", "size": "0.00191799", "price": "117908.55000000", "time": "2025-07-15T23:10:26.231332Z", "fetched_at": "2025-07-15T23:10:50.003687+00:00", "symbol": "BTC-USD"}, {"trade_id": 849988752, "side": "sell", "size": "0.12196060", "price": "117908.56000000", "time": "2025-07-15T23:10:25.874204Z", "fetched_at": "2025-07-15T23:10:50.003687+00:00", "symbol": "BTC-USD"}, {"trade_id": 849988751, "side": "sell", "size": "0.00000916", "price": "117908.55000000", "time": "2025-07-15T23:10:25.874204Z", "fetched_at": "2025-07-15T23:10:50.003687+00:00", "symbol": "BTC-USD"}, {"trade_id": 849988750, "side": "sell", "size": "0.00000662", "price": "117908.55000000", "time": "2025-07-15T23:10:25.874204Z", "fetched_at": "2025-07-15T23:10:50.003687+00:00", "symbol": "BTC-USD"}, {"trade_id": 849988749, "side": "buy", "size": "0.00004838", "price": "117908.54000000", "time": "2025-07-15T23:10:25.840813Z", "fetched_at": "2025-07-15T23:10:50.003687+00:00", "symbol": "BTC-USD"}, {"trade_id": 849988748, "side": "buy", "size": "0.00008991", "price": "117908.54000000", "time": "2025-07-15T23:10:25.840813Z", "fetched_at": "2025-07-15T23:10:50.003687+00:00", "symbol": "BTC-USD"}, {"trade_id": 849988747, "side": "sell", "size": "0.00112083", "price": "117908.55000000", "time": "2025-07-15T23:10:25.833614Z", "fetched_at": "2025-07-15T23:10:50.003687+00:00", "symbol": "BTC-USD"}, {"trade_id": 849988746, "side": "sell", "size": "0.00751854", "price": "117908.55000000", "time": "2025-07-15T23:10:25.636427Z", "fetched_at": "2025-07-15T23:10:50.003687+00:00", "symbol": "BTC-USD"}, {"trade_id": 849988745, "side": "sell", "size": "0.00848146", "price": "117904.19000000", "time": "2025-07-15T23:10:25.636427Z", "fetched_at": "2025-07-15T23:10:50.003687+00:00", "symbol": "BTC-USD"}, {"trade_id": 849988744, "side": "sell", "size": "0.00001586", "price": "117902.42000000", "time": "2025-07-15T23:10:25.618643Z", "fetched_at": "2025-07-15T23:10:50.003687+00:00", "symbol": "BTC-USD"}, {"trade_id": 849988743, "side": "sell", "size": "0.00007914", "price": "117902.42000000", "time": "2025-07-15T23:10:25.618643Z", "fetched_at": "2025-07-15T23:10:50.003687+00:00", "symbol": "BTC-USD"}, {"trade_id": 849988742, "side": "sell", "size": "0.00005011", "price": "117902.42000000", "time": "2025-07-15T23:10:25.618643Z", "fetched_at": "2025-07-15T23:10:50.003687+00:00", "symbol": "BTC-USD"}, {"trade_id": 849988741, "side": "sell", "size": "0.00010128", "price": "117902.42000000", "time": "2025-07-15T23:10:25.618643Z", "fetched_at": "2025-07-15T23:10:50.003687+00:00", "symbol": "BTC-USD"}, {"trade_id": 849988740, "side": "sell", "size": "0.00003960", "price": "117902.42000000", "time": "2025-07-15T23:10:25.618643Z", "fetched_at": "2025-07-15T23:10:50.003687+00:00", "symbol": "BTC-USD"}, {"trade_id": 849988739, "side": "sell", "size": "0.00039290", "price": "117902.42000000", "time": "2025-07-15T23:10:25.063295Z", "fetched_at": "2025-07-15T23:10:50.003687+00:00", "symbol": "BTC-USD"}, {"trade_id": 849988738, "side": "sell", "size": "0.00001387", "price": "117902.42000000", "time": "2025-07-15T23:10:25.063295Z", "fetched_at": "2025-07-15T23:10:50.003687+00:00", "symbol": "BTC-USD"}, {"trade_id": 849988737, "side": "sell", "size": "0.00000322", "price": "117902.42000000", "time": "2025-07-15T23:10:25.063295Z", "fetched_at": "2025-07-15T23:10:50.003687+00:00", "symbol": "BTC-USD"}, {"trade_id": 849988736, "side": "sell", "size": "0.00000965", "price": "117902.42000000", "time": "2025-07-15T23:10:25.063295Z", "fetched_at": "2025-07-15T23:10:50.003687+00:00", "symbol": "BTC-USD"}, {"trade_id": 849988735, "side": "buy", "size": "0.00127165", "price": "117902.41000000", "time": "2025-07-15T23:10:24.901473Z", "fetched_at": "2025-07-15T23:10:50.003687+00:00", "symbol": "BTC-USD"}, {"trade_id": 849988734, "side": "buy", "size": "0.01171722", "price": "117902.41000000", "time": "2025-07-15T23:10:24.847437Z", "fetched_at": "2025-07-15T23:10:50.003687+00:00", "symbol": "BTC-USD"}, {"trade_id": 849988733, "side": "buy", "size": "0.00467586", "price": "117902.41000000", "time": "2025-07-15T23:10:24.847437Z", "fetched_at": "2025-07-15T23:10:50.003687+00:00", "symbol": "BTC-USD"}, {"trade_id": 849988732, "side": "sell", "size": "0.00082412", "price": "117902.42000000", "time": "2025-07-15T23:10:23.931342Z", "fetched_at": "2025-07-15T23:10:50.003687+00:00", "symbol": "BTC-USD"}, {"trade_id": 849988731, "side": "buy", "size": "0.00032414", "price": "117902.41000000", "time": "2025-07-15T23:10:23.422671Z", "fetched_at": "2025-07-15T23:10:50.003687+00:00", "symbol": "BTC-USD"}, {"trade_id": 849988730, "side": "buy", "size": "0.00008991", "price": "117908.55000000", "time": "2025-07-15T23:10:23.422671Z", "fetched_at": "2025-07-15T23:10:50.003687+00:00", "symbol": "BTC-USD"}, {"trade_id": 849988729, "side": "buy", "size": "0.00000983", "price": "117908.55000000", "time": "2025-07-15T23:10:23.422671Z", "fetched_at": "2025-07-15T23:10:50.003687+00:00", "symbol": "BTC-USD"}, {"trade_id": 849988728, "side": "buy", "size": "0.00000017", "price": "117908.55000000", "time": "2025-07-15T23:10:23.231505Z", "fetched_at": "2025-07-15T23:10:50.003687+00:00", "symbol": "BTC-USD"}, {"trade_id": 849988727, "side": "sell", "size": "0.00020989", "price": "117908.56000000", "time": "2025-07-15T23:10:23.121701Z", "fetched_at": "2025-07-15T23:10:50.003687+00:00", "symbol": "BTC-USD"}, {"trade_id": 849988726, "side": "buy", "size": "0.00848064", "price": "117915.63000000", "time": "2025-07-15T23:10:22.557765Z", "fetched_at": "2025-07-15T23:10:50.003687+00:00", "symbol": "BTC-USD"}, {"trade_id": 849988725, "side": "buy", "size": "0.00135018", "price": "117917.40000000", "time": "2025-07-15T23:10:22.557765Z", "fetched_at": "2025-07-15T23:10:50.003687+00:00", "symbol": "BTC-USD"}, {"trade_id": 849988724, "side": "buy", "size": "0.00000228", "price": "117917.40000000", "time": "2025-07-15T23:10:22.557765Z", "fetched_at": "2025-07-15T23:10:50.003687+00:00", "symbol": "BTC-USD"}, {"trade_id": 849988723, "side": "buy", "size": "0.00000347", "price": "117917.40000000", "time": "2025-07-15T23:10:22.557765Z", "fetched_at": "2025-07-15T23:10:50.003687+00:00", "symbol": "BTC-USD"}, {"trade_id": 849988722, "side": "buy", "size": "0.00004910", "price": "117917.40000000", "time": "2025-07-15T23:10:22.557765Z", "fetched_at": "2025-07-15T23:10:50.003687+00:00", "symbol": "BTC-USD"}, {"trade_id": 849988721, "side": "sell", "size": "0.00016475", "price": "117917.41000000", "time": "2025-07-15T23:10:21.323784Z", "fetched_at": "2025-07-15T23:10:50.003687+00:00", "symbol": "BTC-USD"}, {"trade_id": 849988720, "side": "sell", "size": "0.00891349", "price": "117917.41000000", "time": "2025-07-15T23:10:20.583961Z", "fetched_at": "2025-07-15T23:10:50.003687+00:00", "symbol": "BTC-USD"}, {"trade_id": 849988719, "side": "sell", "size": "0.00010000", "price": "117917.41000000", "time": "2025-07-15T23:10:20.546648Z", "fetched_at": "2025-07-15T23:10:50.003687+00:00", "symbol": "BTC-USD"}, {"trade_id": 849988718, "side": "sell", "size": "0.00841408", "price": "117917.41000000", "time": "2025-07-15T23:10:20.529874Z", "fetched_at": "2025-07-15T23:10:50.003687+00:00", "symbol": "BTC-USD"}, {"trade_id": 849988717, "side": "sell", "size": "0.00032890", "price": "117917.41000000", "time": "2025-07-15T23:10:18.748686Z", "fetched_at": "2025-07-15T23:10:50.003687+00:00", "symbol": "BTC-USD"}, {"trade_id": 849988716, "side": "sell", "size": "0.00012061", "price": "117917.41000000", "time": "2025-07-15T23:10:18.743791Z", "fetched_at": "2025-07-15T23:10:50.003687+00:00", "symbol": "BTC-USD"}, {"trade_id": 849988715, "side": "buy", "size": "0.02119416", "price": "117921.60000000", "time": "2025-07-15T23:10:18.398916Z", "fetched_at": "2025-07-15T23:10:50.003687+00:00", "symbol": "BTC-USD"}, {"trade_id": 849988714, "side": "buy", "size": "0.00500399", "price": "117921.91000000", "time": "2025-07-15T23:10:18.398916Z", "fetched_at": "2025-07-15T23:10:50.003687+00:00", "symbol": "BTC-USD"}, {"trade_id": 849988713, "side": "buy", "size": "0.00772719", "price": "117922.35000000", "time": "2025-07-15T23:10:18.398916Z", "fetched_at": "2025-07-15T23:10:50.003687+00:00", "symbol": "BTC-USD"}, {"trade_id": 849988712, "side": "buy", "size": "0.01771811", "price": "117922.35000000", "time": "2025-07-15T23:10:18.251140Z", "fetched_at": "2025-07-15T23:10:50.003687+00:00", "symbol": "BTC-USD"}, {"trade_id": 849988711, "side": "buy", "size": "0.02335353", "price": "117922.35000000", "time": "2025-07-15T23:10:18.251140Z", "fetched_at": "2025-07-15T23:10:50.003687+00:00", "symbol": "BTC-USD"}, {"trade_id": 849988710, "side": "buy", "size": "0.00500000", "price": "117923.68000000", "time": "2025-07-15T23:10:18.251140Z", "fetched_at": "2025-07-15T23:10:50.003687+00:00", "symbol": "BTC-USD"}, {"trade_id": 849988709, "side": "buy", "size": "0.00348004", "price": "117923.68000000", "time": "2025-07-15T23:10:18.251140Z", "fetched_at": "2025-07-15T23:10:50.003687+00:00", "symbol": "BTC-USD"}, {"trade_id": 849988708, "side": "buy", "size": "0.02151996", "price": "117923.68000000", "time": "2025-07-15T23:10:18.250717Z", "fetched_at": "2025-07-15T23:10:50.003687+00:00", "symbol": "BTC-USD"}, {"trade_id": 849988707, "side": "buy", "size": "0.00059664", "price": "117924.01000000", "time": "2025-07-15T23:10:18.250717Z", "fetched_at": "2025-07-15T23:10:50.003687+00:00", "symbol": "BTC-USD"}, {"trade_id": 849988706, "side": "buy", "size": "0.00848004", "price": "117924.04000000", "time": "2025-07-15T23:10:18.250717Z", "fetched_at": "2025-07-15T23:10:50.003687+00:00", "symbol": "BTC-USD"}, {"trade_id": 849988705, "side": "buy", "size": "0.00001000", "price": "117926.25000000", "time": "2025-07-15T23:10:18.250717Z", "fetched_at": "2025-07-15T23:10:50.003687+00:00", "symbol": "BTC-USD"}, {"trade_id": 849988704, "side": "sell", "size": "0.00007384", "price": "117929.02000000", "time": "2025-07-15T23:10:18.136268Z", "fetched_at": "2025-07-15T23:10:50.003687+00:00", "symbol": "BTC-USD"}, {"trade_id": 849988703, "side": "sell", "size": "0.00003365", "price": "117928.56000000", "time": "2025-07-15T23:10:18.136268Z", "fetched_at": "2025-07-15T23:10:50.003687+00:00", "symbol": "BTC-USD"}, {"trade_id": 849988702, "side": "sell", "size": "0.00001663", "price": "117926.53000000", "time": "2025-07-15T23:10:18.136268Z", "fetched_at": "2025-07-15T23:10:50.003687+00:00", "symbol": "BTC-USD"}, {"trade_id": 849988701, "side": "sell", "size": "0.00004486", "price": "117926.34000000", "time": "2025-07-15T23:10:18.136268Z", "fetched_at": "2025-07-15T23:10:50.003687+00:00", "symbol": "BTC-USD"}, {"trade_id": 849988700, "side": "buy", "size": "0.00847729", "price": "117929.79000000", "time": "2025-07-15T23:10:18.090383Z", "fetched_at": "2025-07-15T23:10:50.003687+00:00", "symbol": "BTC-USD"}, {"trade_id": 849988699, "side": "buy", "size": "0.00499951", "price": "117930.00000000", "time": "2025-07-15T23:10:18.090383Z", "fetched_at": "2025-07-15T23:10:50.003687+00:00", "symbol": "BTC-USD"}, {"trade_id": 849988698, "side": "buy", "size": "0.04238833", "price": "117930.44000000", "time": "2025-07-15T23:10:18.090383Z", "fetched_at": "2025-07-15T23:10:50.003687+00:00", "symbol": "BTC-USD"}, {"trade_id": 849988697, "side": "buy", "size": "0.00298411", "price": "117934.47000000", "time": "2025-07-15T23:10:18.090369Z", "fetched_at": "2025-07-15T23:10:50.003687+00:00", "symbol": "BTC-USD"}, {"trade_id": 849988696, "side": "buy", "size": "0.00953936", "price": "117934.47000000", "time": "2025-07-15T23:10:18.084469Z", "fetched_at": "2025-07-15T23:10:50.003687+00:00", "symbol": "BTC-USD"}, {"trade_id": 849988695, "side": "buy", "size": "0.00006722", "price": "117934.48000000", "time": "2025-07-15T23:10:18.084469Z", "fetched_at": "2025-07-15T23:10:50.003687+00:00", "symbol": "BTC-USD"}, {"trade_id": 849988694, "side": "buy", "size": "0.00623342", "price": "117934.49000000", "time": "2025-07-15T23:10:18.084469Z", "fetched_at": "2025-07-15T23:10:50.003687+00:00", "symbol": "BTC-USD"}, {"trade_id": 849988693, "side": "buy", "size": "0.00499000", "price": "117934.49000000", "time": "2025-07-15T23:10:18.083199Z", "fetched_at": "2025-07-15T23:10:50.003687+00:00", "symbol": "BTC-USD"}, {"trade_id": 849988692, "side": "buy", "size": "0.03286000", "price": "117934.49000000", "time": "2025-07-15T23:10:18.082907Z", "fetched_at": "2025-07-15T23:10:50.003687+00:00", "symbol": "BTC-USD"}, {"trade_id": 849988691, "side": "buy", "size": "0.04115033", "price": "117934.49000000", "time": "2025-07-15T23:10:18.082517Z", "fetched_at": "2025-07-15T23:10:50.003687+00:00", "symbol": "BTC-USD"}, {"trade_id": 849988690, "side": "buy", "size": "0.00006722", "price": "117934.50000000", "time": "2025-07-15T23:10:18.082517Z", "fetched_at": "2025-07-15T23:10:50.003687+00:00", "symbol": "BTC-USD"}, {"trade_id": 849988689, "side": "buy", "size": "0.00116245", "price": "117934.62000000", "time": "2025-07-15T23:10:18.082517Z", "fetched_at": "2025-07-15T23:10:50.003687+00:00", "symbol": "BTC-USD"}, {"trade_id": 849988688, "side": "buy", "size": "0.02708173", "price": "117934.62000000", "time": "2025-07-15T23:10:18.078676Z", "fetched_at": "2025-07-15T23:10:50.003687+00:00", "symbol": "BTC-USD"}, {"trade_id": 849988687, "side": "buy", "size": "0.00559000", "price": "117934.62000000", "time": "2025-07-15T23:10:18.076646Z", "fetched_at": "2025-07-15T23:10:50.003687+00:00", "symbol": "BTC-USD"}, {"trade_id": 849988686, "side": "buy", "size": "0.04800000", "price": "117934.62000000", "time": "2025-07-15T23:10:18.076061Z", "fetched_at": "2025-07-15T23:10:50.003687+00:00", "symbol": "BTC-USD"}, {"trade_id": 849988685, "side": "buy", "size": "0.01035154", "price": "117934.47000000", "time": "2025-07-15T23:10:18.070370Z", "fetched_at": "2025-07-15T23:10:50.003687+00:00", "symbol": "BTC-USD"}, {"trade_id": 849988684, "side": "buy", "size": "0.09516653", "price": "117934.48000000", "time": "2025-07-15T23:10:18.070370Z", "fetched_at": "2025-07-15T23:10:50.003687+00:00", "symbol": "BTC-USD"}, {"trade_id": 849988683, "side": "buy", "size": "0.02091827", "price": "117932.49000000", "time": "2025-07-15T23:10:18.065331Z", "fetched_at": "2025-07-15T23:10:50.003687+00:00", "symbol": "BTC-USD"}, {"trade_id": 849988682, "side": "buy", "size": "0.00500036", "price": "117933.23000000", "time": "2025-07-15T23:10:18.065331Z", "fetched_at": "2025-07-15T23:10:50.003687+00:00", "symbol": "BTC-USD"}, {"trade_id": 849988681, "side": "buy", "size": "0.00059273", "price": "117933.23000000", "time": "2025-07-15T23:10:18.065331Z", "fetched_at": "2025-07-15T23:10:50.003687+00:00", "symbol": "BTC-USD"}, {"trade_id": 849988680, "side": "buy", "size": "0.00500014", "price": "117933.24000000", "time": "2025-07-15T23:10:18.065331Z", "fetched_at": "2025-07-15T23:10:50.003687+00:00", "symbol": "BTC-USD"}, {"trade_id": 849988679, "side": "buy", "size": "0.00084150", "price": "117933.24000000", "time": "2025-07-15T23:10:18.065331Z", "fetched_at": "2025-07-15T23:10:50.003687+00:00", "symbol": "BTC-USD"}, {"trade_id": 849988678, "side": "buy", "size": "0.01000080", "price": "117933.24000000", "time": "2025-07-15T23:10:18.065331Z", "fetched_at": "2025-07-15T23:10:50.003687+00:00", "symbol": "BTC-USD"}, {"trade_id": 849988677, "side": "buy", "size": "0.02812187", "price": "117938.64000000", "time": "2025-07-15T23:10:18.065331Z", "fetched_at": "2025-07-15T23:10:50.003687+00:00", "symbol": "BTC-USD"}, {"trade_id": 849988676, "side": "buy", "size": "0.11019159", "price": "117934.46000000", "time": "2025-07-15T23:10:18.062722Z", "fetched_at": "2025-07-15T23:10:50.003687+00:00", "symbol": "BTC-USD"}, {"trade_id": 849988675, "side": "buy", "size": "0.00001000", "price": "117935.10000000", "time": "2025-07-15T23:10:18.061638Z", "fetched_at": "2025-07-15T23:10:50.003687+00:00", "symbol": "BTC-USD"}, {"trade_id": 849988674, "side": "buy", "size": "0.00034000", "price": "117936.15000000", "time": "2025-07-15T23:10:18.061638Z", "fetched_at": "2025-07-15T23:10:50.003687+00:00", "symbol": "BTC-USD"}, {"trade_id": 849988673, "side": "buy", "size": "0.00500000", "price": "117936.25000000", "time": "2025-07-15T23:10:18.061638Z", "fetched_at": "2025-07-15T23:10:50.003687+00:00", "symbol": "BTC-USD"}, {"trade_id": 849988672, "side": "buy", "size": "0.00500099", "price": "117936.25000000", "time": "2025-07-15T23:10:18.061638Z", "fetched_at": "2025-07-15T23:10:50.003687+00:00", "symbol": "BTC-USD"}, {"trade_id": 849988671, "side": "buy", "size": "0.02499822", "price": "117936.25000000", "time": "2025-07-15T23:10:18.061638Z", "fetched_at": "2025-07-15T23:10:50.003687+00:00", "symbol": "BTC-USD"}, {"trade_id": 849988670, "side": "buy", "size": "0.03316300", "price": "117936.36000000", "time": "2025-07-15T23:10:18.061638Z", "fetched_at": "2025-07-15T23:10:50.003687+00:00", "symbol": "BTC-USD"}, {"trade_id": 849988669, "side": "buy", "size": "0.00500000", "price": "117937.05000000", "time": "2025-07-15T23:10:18.061638Z", "fetched_at": "2025-07-15T23:10:50.003687+00:00", "symbol": "BTC-USD"}, {"trade_id": 849988668, "side": "buy", "size": "0.02309802", "price": "117937.15000000", "time": "2025-07-15T23:10:18.061638Z", "fetched_at": "2025-07-15T23:10:50.003687+00:00", "symbol": "BTC-USD"}, {"trade_id": 849988667, "side": "buy", "size": "0.00016084", "price": "117937.36000000", "time": "2025-07-15T23:10:18.061638Z", "fetched_at": "2025-07-15T23:10:50.003687+00:00", "symbol": "BTC-USD"}, {"trade_id": 849988666, "side": "buy", "size": "0.13230000", "price": "117938.05000000", "time": "2025-07-15T23:10:18.061159Z", "fetched_at": "2025-07-15T23:10:50.003687+00:00", "symbol": "BTC-USD"}, {"trade_id": 849988665, "side": "buy", "size": "0.08479020", "price": "117938.15000000", "time": "2025-07-15T23:10:18.061159Z", "fetched_at": "2025-07-15T23:10:50.003687+00:00", "symbol": "BTC-USD"}, {"trade_id": 849988664, "side": "buy", "size": "0.05143413", "price": "117938.38000000", "time": "2025-07-15T23:10:18.061159Z", "fetched_at": "2025-07-15T23:10:50.003687+00:00", "symbol": "BTC-USD"}, {"trade_id": 849988663, "side": "buy", "size": "0.04000000", "price": "117938.61000000", "time": "2025-07-15T23:10:18.061159Z", "fetched_at": "2025-07-15T23:10:50.003687+00:00", "symbol": "BTC-USD"}, {"trade_id": 849988662, "side": "buy", "size": "0.08000000", "price": "117938.61000000", "time": "2025-07-15T23:10:18.061159Z", "fetched_at": "2025-07-15T23:10:50.003687+00:00", "symbol": "BTC-USD"}, {"trade_id": 849988661, "side": "buy", "size": "0.00500000", "price": "117940.00000000", "time": "2025-07-15T23:10:18.061159Z", "fetched_at": "2025-07-15T23:10:50.003687+00:00", "symbol": "BTC-USD"}, {"trade_id": 849988660, "side": "buy", "size": "0.01664114", "price": "117941.59000000", "time": "2025-07-15T23:10:18.061159Z", "fetched_at": "2025-07-15T23:10:50.003687+00:00", "symbol": "BTC-USD"}, {"trade_id": 849988659, "side": "buy", "size": "0.00042381", "price": "117941.81000000", "time": "2025-07-15T23:10:18.061159Z", "fetched_at": "2025-07-15T23:10:50.003687+00:00", "symbol": "BTC-USD"}, {"trade_id": 849988658, "side": "buy", "size": "0.00500000", "price": "117941.98000000", "time": "2025-07-15T23:10:18.060809Z", "fetched_at": "2025-07-15T23:10:50.003687+00:00", "symbol": "BTC-USD"}, {"trade_id": 849988657, "side": "buy", "size": "0.00034000", "price": "117942.05000000", "time": "2025-07-15T23:10:18.060809Z", "fetched_at": "2025-07-15T23:10:50.003687+00:00", "symbol": "BTC-USD"}, {"trade_id": 849988656, "side": "buy", "size": "0.11679932", "price": "117942.29000000", "time": "2025-07-15T23:10:18.060809Z", "fetched_at": "2025-07-15T23:10:50.003687+00:00", "symbol": "BTC-USD"}, {"trade_id": 849988655, "side": "buy", "size": "0.07754569", "price": "117942.30000000", "time": "2025-07-15T23:10:18.060809Z", "fetched_at": "2025-07-15T23:10:50.003687+00:00", "symbol": "BTC-USD"}, {"trade_id": 849988654, "side": "buy", "size": "0.00001000", "price": "117943.95000000", "time": "2025-07-15T23:10:18.060809Z", "fetched_at": "2025-07-15T23:10:50.003687+00:00", "symbol": "BTC-USD"}, {"trade_id": 849988653, "side": "buy", "size": "0.03257222", "price": "117944.38000000", "time": "2025-07-15T23:10:18.060809Z", "fetched_at": "2025-07-15T23:10:50.003687+00:00", "symbol": "BTC-USD"}, {"trade_id": 849988652, "side": "buy", "size": "0.03407179", "price": "117946.38000000", "time": "2025-07-15T23:10:18.060809Z", "fetched_at": "2025-07-15T23:10:50.003687+00:00", "symbol": "BTC-USD"}, {"trade_id": 849988651, "side": "buy", "size": "0.00847779", "price": "117947.26000000", "time": "2025-07-15T23:10:18.060809Z", "fetched_at": "2025-07-15T23:10:50.003687+00:00", "symbol": "BTC-USD"}, {"trade_id": 849988650, "side": "buy", "size": "0.02216048", "price": "117948.24000000", "time": "2025-07-15T23:10:18.060809Z", "fetched_at": "2025-07-15T23:10:50.003687+00:00", "symbol": "BTC-USD"}, {"trade_id": 849988649, "side": "buy", "size": "0.00317266", "price": "117948.24000000", "time": "2025-07-15T23:10:18.060340Z", "fetched_at": "2025-07-15T23:10:50.003687+00:00", "symbol": "BTC-USD"}, {"trade_id": 849988648, "side": "buy", "size": "0.04000000", "price": "117948.25000000", "time": "2025-07-15T23:10:18.060340Z", "fetched_at": "2025-07-15T23:10:50.003687+00:00", "symbol": "BTC-USD"}, {"trade_id": 849988647, "side": "buy", "size": "0.01695268", "price": "117948.42000000", "time": "2025-07-15T23:10:18.060340Z", "fetched_at": "2025-07-15T23:10:50.003687+00:00", "symbol": "BTC-USD"}, {"trade_id": 849988646, "side": "buy", "size": "0.00001000", "price": "117952.80000000", "time": "2025-07-15T23:10:18.060340Z", "fetched_at": "2025-07-15T23:10:50.003687+00:00", "symbol": "BTC-USD"}, {"trade_id": 849988645, "side": "buy", "size": "0.00847651", "price": "117954.46000000", "time": "2025-07-15T23:10:18.060340Z", "fetched_at": "2025-07-15T23:10:50.003687+00:00", "symbol": "BTC-USD"}, {"trade_id": 849988644, "side": "buy", "size": "0.00125675", "price": "117954.58000000", "time": "2025-07-15T23:10:18.060340Z", "fetched_at": "2025-07-15T23:10:50.003687+00:00", "symbol": "BTC-USD"}, {"trade_id": 849988643, "side": "buy", "size": "0.00847779", "price": "117955.21000000", "time": "2025-07-15T23:10:18.060340Z", "fetched_at": "2025-07-15T23:10:50.003687+00:00", "symbol": "BTC-USD"}, {"trade_id": 849988642, "side": "buy", "size": "0.00394954", "price": "117956.10000000", "time": "2025-07-15T23:10:18.060340Z", "fetched_at": "2025-07-15T23:10:50.003687+00:00", "symbol": "BTC-USD"}, {"trade_id": 849988641, "side": "buy", "size": "0.00847768", "price": "117956.66000000", "time": "2025-07-15T23:10:18.060340Z", "fetched_at": "2025-07-15T23:10:50.003687+00:00", "symbol": "BTC-USD"}, {"trade_id": 849988640, "side": "buy", "size": "0.02090501", "price": "117956.98000000", "time": "2025-07-15T23:10:18.059898Z", "fetched_at": "2025-07-15T23:10:50.003687+00:00", "symbol": "BTC-USD"}, {"trade_id": 849988639, "side": "buy", "size": "0.00002194", "price": "117956.98000000", "time": "2025-07-15T23:10:18.059898Z", "fetched_at": "2025-07-15T23:10:50.003687+00:00", "symbol": "BTC-USD"}, {"trade_id": 849988638, "side": "buy", "size": "0.00000118", "price": "117956.98000000", "time": "2025-07-15T23:10:18.059898Z", "fetched_at": "2025-07-15T23:10:50.003687+00:00", "symbol": "BTC-USD"}, {"trade_id": 849988637, "side": "buy", "size": "0.00000703", "price": "117956.98000000", "time": "2025-07-15T23:10:18.059898Z", "fetched_at": "2025-07-15T23:10:50.003687+00:00", "symbol": "BTC-USD"}, {"trade_id": 849988636, "side": "buy", "size": "0.00009800", "price": "117956.98000000", "time": "2025-07-15T23:10:18.059898Z", "fetched_at": "2025-07-15T23:10:50.003687+00:00", "symbol": "BTC-USD"}, {"trade_id": 849988635, "side": "buy", "size": "0.00008366", "price": "117956.98000000", "time": "2025-07-15T23:10:18.059898Z", "fetched_at": "2025-07-15T23:10:50.003687+00:00", "symbol": "BTC-USD"}, {"trade_id": 849988634, "side": "buy", "size": "0.00076475", "price": "117956.98000000", "time": "2025-07-15T23:10:18.059898Z", "fetched_at": "2025-07-15T23:10:50.003687+00:00", "symbol": "BTC-USD"}, {"trade_id": 849988633, "side": "sell", "size": "0.00041589", "price": "117956.99000000", "time": "2025-07-15T23:10:17.695721Z", "fetched_at": "2025-07-15T23:10:50.003687+00:00", "symbol": "BTC-USD"}, {"trade_id": 849988632, "side": "sell", "size": "0.00241194", "price": "117956.99000000", "time": "2025-07-15T23:10:16.441180Z", "fetched_at": "2025-07-15T23:10:50.003687+00:00", "symbol": "BTC-USD"}, {"trade_id": 849988631, "side": "sell", "size": "0.00020592", "price": "117956.99000000", "time": "2025-07-15T23:10:15.574715Z", "fetched_at": "2025-07-15T23:10:50.003687+00:00", "symbol": "BTC-USD"}, {"trade_id": 849988630, "side": "buy", "size": "0.00004586", "price": "117956.98000000", "time": "2025-07-15T23:10:15.486912Z", "fetched_at": "2025-07-15T23:10:50.003687+00:00", "symbol": "BTC-USD"}, {"trade_id": 849988629, "side": "sell", "size": "0.00904093", "price": "117956.99000000", "time": "2025-07-15T23:10:14.243988Z", "fetched_at": "2025-07-15T23:10:50.003687+00:00", "symbol": "BTC-USD"}, {"trade_id": 849988628, "side": "buy", "size": "0.00049224", "price": "117956.98000000", "time": "2025-07-15T23:10:13.839782Z", "fetched_at": "2025-07-15T23:10:50.003687+00:00", "symbol": "BTC-USD"}, {"trade_id": 849988627, "side": "buy", "size": "0.00004238", "price": "117956.98000000", "time": "2025-07-15T23:10:13.752939Z", "fetched_at": "2025-07-15T23:10:50.003687+00:00", "symbol": "BTC-USD"}, {"trade_id": 849988626, "side": "sell", "size": "0.00101528", "price": "117956.99000000", "time": "2025-07-15T23:10:13.337539Z", "fetched_at": "2025-07-15T23:10:50.003687+00:00", "symbol": "BTC-USD"}, {"trade_id": 849988625, "side": "sell", "size": "0.00037793", "price": "117956.99000000", "time": "2025-07-15T23:10:13.310963Z", "fetched_at": "2025-07-15T23:10:50.003687+00:00", "symbol": "BTC-USD"}, {"trade_id": 849988624, "side": "sell", "size": "0.00083925", "price": "117956.99000000", "time": "2025-07-15T23:10:13.250227Z", "fetched_at": "2025-07-15T23:10:50.003687+00:00", "symbol": "BTC-USD"}, {"trade_id": 849988623, "side": "sell", "size": "0.00005024", "price": "117956.99000000", "time": "2025-07-15T23:10:13.022929Z", "fetched_at": "2025-07-15T23:10:50.003687+00:00", "symbol": "BTC-USD"}, {"trade_id": 849988622, "side": "sell", "size": "0.00054554", "price": "117956.99000000", "time": "2025-07-15T23:10:12.505762Z", "fetched_at": "2025-07-15T23:10:50.003687+00:00", "symbol": "BTC-USD"}, {"trade_id": 849988621, "side": "sell", "size": "0.00203486", "price": "117956.99000000", "time": "2025-07-15T23:10:12.089610Z", "fetched_at": "2025-07-15T23:10:50.003687+00:00", "symbol": "BTC-USD"}, {"trade_id": 849988620, "side": "sell", "size": "0.00124290", "price": "117956.99000000", "time": "2025-07-15T23:10:11.108529Z", "fetched_at": "2025-07-15T23:10:50.003687+00:00", "symbol": "BTC-USD"}, {"trade_id": 849988619, "side": "buy", "size": "0.00003448", "price": "117956.98000000", "time": "2025-07-15T23:10:10.932944Z", "fetched_at": "2025-07-15T23:10:50.003687+00:00", "symbol": "BTC-USD"}, {"trade_id": 849988618, "side": "buy", "size": "0.00000194", "price": "117956.98000000", "time": "2025-07-15T23:10:10.932944Z", "fetched_at": "2025-07-15T23:10:50.003687+00:00", "symbol": "BTC-USD"}, {"trade_id": 849988617, "side": "buy", "size": "0.00000178", "price": "117956.98000000", "time": "2025-07-15T23:10:10.932944Z", "fetched_at": "2025-07-15T23:10:50.003687+00:00", "symbol": "BTC-USD"}, {"trade_id": 849988616, "side": "buy", "size": "0.00000635", "price": "117956.98000000", "time": "2025-07-15T23:10:10.932944Z", "fetched_at": "2025-07-15T23:10:50.003687+00:00", "symbol": "BTC-USD"}, {"trade_id": 849988615, "side": "buy", "size": "0.00008265", "price": "117956.98000000", "time": "2025-07-15T23:10:10.932944Z", "fetched_at": "2025-07-15T23:10:50.003687+00:00", "symbol": "BTC-USD"}, {"trade_id": 849988614, "side": "buy", "size": "0.00139854", "price": "117956.98000000", "time": "2025-07-15T23:10:10.932944Z", "fetched_at": "2025-07-15T23:10:50.003687+00:00", "symbol": "BTC-USD"}, {"trade_id": 849988613, "side": "sell", "size": "0.00074143", "price": "117956.99000000", "time": "2025-07-15T23:10:10.906854Z", "fetched_at": "2025-07-15T23:10:50.003687+00:00", "symbol": "BTC-USD"}, {"trade_id": 849988612, "side": "buy", "size": "0.00004444", "price": "117956.98000000", "time": "2025-07-15T23:10:10.297170Z", "fetched_at": "2025-07-15T23:10:50.003687+00:00", "symbol": "BTC-USD"}, {"trade_id": 849988611, "side": "sell", "size": "0.00020101", "price": "117956.99000000", "time": "2025-07-15T23:10:09.797096Z", "fetched_at": "2025-07-15T23:10:50.003687+00:00", "symbol": "BTC-USD"}, {"trade_id": 849988610, "side": "sell", "size": "0.00002724", "price": "117956.99000000", "time": "2025-07-15T23:10:09.471075Z", "fetched_at": "2025-07-15T23:10:50.003687+00:00", "symbol": "BTC-USD"}, {"trade_id": 849988609, "side": "buy", "size": "0.00171249", "price": "117956.98000000", "time": "2025-07-15T23:10:09.246625Z", "fetched_at": "2025-07-15T23:10:50.003687+00:00", "symbol": "BTC-USD"}, {"trade_id": 849988608, "side": "sell", "size": "0.00020596", "price": "117956.99000000", "time": "2025-07-15T23:10:08.534309Z", "fetched_at": "2025-07-15T23:10:50.003687+00:00", "symbol": "BTC-USD"}, {"trade_id": 849988607, "side": "sell", "size": "0.00209030", "price": "117956.99000000", "time": "2025-07-15T23:10:08.157661Z", "fetched_at": "2025-07-15T23:10:50.003687+00:00", "symbol": "BTC-USD"}, {"trade_id": 849988606, "side": "sell", "size": "0.00082385", "price": "117956.99000000", "time": "2025-07-15T23:10:08.149945Z", "fetched_at": "2025-07-15T23:10:50.003687+00:00", "symbol": "BTC-USD"}, {"trade_id": 849988605, "side": "sell", "size": "0.00003697", "price": "117956.99000000", "time": "2025-07-15T23:10:07.915938Z", "fetched_at": "2025-07-15T23:10:50.003687+00:00", "symbol": "BTC-USD"}, {"trade_id": 849988604, "side": "sell", "size": "0.00004019", "price": "117956.99000000", "time": "2025-07-15T23:10:07.910676Z", "fetched_at": "2025-07-15T23:10:50.003687+00:00", "symbol": "BTC-USD"}, {"trade_id": 849988603, "side": "buy", "size": "0.00008478", "price": "117956.98000000", "time": "2025-07-15T23:10:07.752118Z", "fetched_at": "2025-07-15T23:10:50.003687+00:00", "symbol": "BTC-USD"}, {"trade_id": 849988602, "side": "sell", "size": "0.00041192", "price": "117956.99000000", "time": "2025-07-15T23:10:07.536189Z", "fetched_at": "2025-07-15T23:10:50.003687+00:00", "symbol": "BTC-USD"}, {"trade_id": 849988601, "side": "sell", "size": "0.00012589", "price": "117956.99000000", "time": "2025-07-15T23:10:07.534166Z", "fetched_at": "2025-07-15T23:10:50.003687+00:00", "symbol": "BTC-USD"}, {"trade_id": 849988600, "side": "sell", "size": "0.00175468", "price": "117956.99000000", "time": "2025-07-15T23:10:07.345654Z", "fetched_at": "2025-07-15T23:10:50.003687+00:00", "symbol": "BTC-USD"}, {"trade_id": 849988599, "side": "sell", "size": "0.00008393", "price": "117956.99000000", "time": "2025-07-15T23:10:06.920431Z", "fetched_at": "2025-07-15T23:10:50.003687+00:00", "symbol": "BTC-USD"}, {"trade_id": 849988598, "side": "sell", "size": "0.00072288", "price": "117956.99000000", "time": "2025-07-15T23:10:06.753685Z", "fetched_at": "2025-07-15T23:10:50.003687+00:00", "symbol": "BTC-USD"}, {"trade_id": 849988597, "side": "sell", "size": "0.48658779", "price": "117956.99000000", "time": "2025-07-15T23:10:05.737270Z", "fetched_at": "2025-07-15T23:10:50.003687+00:00", "symbol": "BTC-USD"}, {"trade_id": 849988596, "side": "sell", "size": "0.00815604", "price": "117956.99000000", "time": "2025-07-15T23:10:05.012507Z", "fetched_at": "2025-07-15T23:10:50.003687+00:00", "symbol": "BTC-USD"}, {"trade_id": 849988595, "side": "sell", "size": "0.00016829", "price": "117956.99000000", "time": "2025-07-15T23:10:03.587862Z", "fetched_at": "2025-07-15T23:10:50.003687+00:00", "symbol": "BTC-USD"}, {"trade_id": 849988594, "side": "sell", "size": "0.02834592", "price": "117956.99000000", "time": "2025-07-15T23:10:03.479458Z", "fetched_at": "2025-07-15T23:10:50.003687+00:00", "symbol": "BTC-USD"}, {"trade_id": 849988593, "side": "sell", "size": "0.00016828", "price": "117956.99000000", "time": "2025-07-15T23:10:03.051409Z", "fetched_at": "2025-07-15T23:10:50.003687+00:00", "symbol": "BTC-USD"}, {"trade_id": 849988592, "side": "sell", "size": "0.01010180", "price": "117956.99000000", "time": "2025-07-15T23:10:02.809194Z", "fetched_at": "2025-07-15T23:10:50.003687+00:00", "symbol": "BTC-USD"}, {"trade_id": 849988591, "side": "sell", "size": "0.00041186", "price": "117956.99000000", "time": "2025-07-15T23:10:02.498607Z", "fetched_at": "2025-07-15T23:10:50.003687+00:00", "symbol": "BTC-USD"}, {"trade_id": 849988590, "side": "sell", "size": "0.00004196", "price": "117956.99000000", "time": "2025-07-15T23:10:02.490567Z", "fetched_at": "2025-07-15T23:10:50.003687+00:00", "symbol": "BTC-USD"}, {"trade_id": 849988589, "side": "sell", "size": "0.00471382", "price": "117956.99000000", "time": "2025-07-15T23:10:02.324340Z", "fetched_at": "2025-07-15T23:10:50.003687+00:00", "symbol": "BTC-USD"}, {"trade_id": 849988588, "side": "buy", "size": "0.00042596", "price": "117956.98000000", "time": "2025-07-15T23:10:02.013250Z", "fetched_at": "2025-07-15T23:10:50.003687+00:00", "symbol": "BTC-USD"}, {"trade_id": 849988587, "side": "buy", "size": "0.00009263", "price": "117956.98000000", "time": "2025-07-15T23:10:01.495543Z", "fetched_at": "2025-07-15T23:10:50.003687+00:00", "symbol": "BTC-USD"}, {"trade_id": 849988586, "side": "buy", "size": "0.00218045", "price": "117956.98000000", "time": "2025-07-15T23:10:01.495543Z", "fetched_at": "2025-07-15T23:10:50.003687+00:00", "symbol": "BTC-USD"}, {"trade_id": 849988585, "side": "buy", "size": "0.00021188", "price": "117956.98000000", "time": "2025-07-15T23:10:01.495543Z", "fetched_at": "2025-07-15T23:10:50.003687+00:00", "symbol": "BTC-USD"}, {"trade_id": 849988584, "side": "sell", "size": "0.00259630", "price": "117956.99000000", "time": "2025-07-15T23:10:01.441940Z", "fetched_at": "2025-07-15T23:10:50.003687+00:00", "symbol": "BTC-USD"}, {"trade_id": 849988583, "side": "sell", "size": "0.00008181", "price": "117956.99000000", "time": "2025-07-15T23:10:00.643066Z", "fetched_at": "2025-07-15T23:10:50.003687+00:00", "symbol": "BTC-USD"}, {"trade_id": 849988582, "side": "sell", "size": "0.00040195", "price": "117956.99000000", "time": "2025-07-15T23:10:00.326360Z", "fetched_at": "2025-07-15T23:10:50.003687+00:00", "symbol": "BTC-USD"}, {"trade_id": 849988581, "side": "buy", "size": "0.00094172", "price": "117956.98000000", "time": "2025-07-15T23:09:58.783643Z", "fetched_at": "2025-07-15T23:10:50.003687+00:00", "symbol": "BTC-USD"}, {"trade_id": 849988580, "side": "buy", "size": "0.00033905", "price": "117956.98000000", "time": "2025-07-15T23:09:58.774933Z", "fetched_at": "2025-07-15T23:10:50.003687+00:00", "symbol": "BTC-USD"}, {"trade_id": 849988579, "side": "sell", "size": "0.00023967", "price": "117956.99000000", "time": "2025-07-15T23:09:58.663691Z", "fetched_at": "2025-07-15T23:10:50.003687+00:00", "symbol": "BTC-USD"}, {"trade_id": 849988578, "side": "sell", "size": "0.00823616", "price": "117956.99000000", "time": "2025-07-15T23:09:58.659646Z", "fetched_at": "2025-07-15T23:10:50.003687+00:00", "symbol": "BTC-USD"}, {"trade_id": 849988577, "side": "buy", "size": "0.00042382", "price": "117956.98000000", "time": "2025-07-15T23:09:58.489017Z", "fetched_at": "2025-07-15T23:10:50.003687+00:00", "symbol": "BTC-USD"}, {"trade_id": 849988576, "side": "sell", "size": "0.00041181", "price": "117956.99000000", "time": "2025-07-15T23:09:58.399485Z", "fetched_at": "2025-07-15T23:10:50.003687+00:00", "symbol": "BTC-USD"}, {"trade_id": 849988575, "side": "sell", "size": "0.00040193", "price": "117956.99000000", "time": "2025-07-15T23:09:58.279781Z", "fetched_at": "2025-07-15T23:10:50.003687+00:00", "symbol": "BTC-USD"}, {"trade_id": 849988574, "side": "buy", "size": "0.00064207", "price": "117956.98000000", "time": "2025-07-15T23:09:57.868656Z", "fetched_at": "2025-07-15T23:10:50.003687+00:00", "symbol": "BTC-USD"}, {"trade_id": 849988573, "side": "buy", "size": "0.00013574", "price": "117956.98000000", "time": "2025-07-15T23:09:57.784405Z", "fetched_at": "2025-07-15T23:10:50.003687+00:00", "symbol": "BTC-USD"}, {"trade_id": 849988572, "side": "sell", "size": "0.00020097", "price": "117956.99000000", "time": "2025-07-15T23:09:57.300547Z", "fetched_at": "2025-07-15T23:10:50.003687+00:00", "symbol": "BTC-USD"}, {"trade_id": 849988571, "side": "sell", "size": "0.00071275", "price": "117956.99000000", "time": "2025-07-15T23:09:56.871478Z", "fetched_at": "2025-07-15T23:10:50.003687+00:00", "symbol": "BTC-USD"}, {"trade_id": 849988570, "side": "sell", "size": "0.00008181", "price": "117956.26000000", "time": "2025-07-15T23:09:56.507681Z", "fetched_at": "2025-07-15T23:10:50.003687+00:00", "symbol": "BTC-USD"}, {"trade_id": 849988569, "side": "buy", "size": "0.00002193", "price": "117956.25000000", "time": "2025-07-15T23:09:56.505460Z", "fetched_at": "2025-07-15T23:10:50.003687+00:00", "symbol": "BTC-USD"}, {"trade_id": 849988568, "side": "buy", "size": "0.04237906", "price": "117956.25000000", "time": "2025-07-15T23:09:56.505460Z", "fetched_at": "2025-07-15T23:10:50.003687+00:00", "symbol": "BTC-USD"}, {"trade_id": 849988567, "side": "sell", "size": "0.00004196", "price": "117956.27000000", "time": "2025-07-15T23:09:56.473313Z", "fetched_at": "2025-07-15T23:10:50.003687+00:00", "symbol": "BTC-USD"}, {"trade_id": 849988566, "side": "buy", "size": "0.00530923", "price": "117958.02000000", "time": "2025-07-15T23:09:56.139417Z", "fetched_at": "2025-07-15T23:10:50.003687+00:00", "symbol": "BTC-USD"}, {"trade_id": 849988565, "side": "buy", "size": "0.00002964", "price": "117958.03000000", "time": "2025-07-15T23:09:56.139417Z", "fetched_at": "2025-07-15T23:10:50.003687+00:00", "symbol": "BTC-USD"}, {"trade_id": 849988564, "side": "buy", "size": "0.00499962", "price": "117959.79000000", "time": "2025-07-15T23:09:56.139417Z", "fetched_at": "2025-07-15T23:10:50.003687+00:00", "symbol": "BTC-USD"}, {"trade_id": 849988563, "side": "buy", "size": "0.03423361", "price": "117960.61000000", "time": "2025-07-15T23:09:55.886542Z", "fetched_at": "2025-07-15T23:10:50.003687+00:00", "symbol": "BTC-USD"}, {"trade_id": 849988562, "side": "buy", "size": "0.00003639", "price": "117961.65000000", "time": "2025-07-15T23:09:55.886542Z", "fetched_at": "2025-07-15T23:10:50.003687+00:00", "symbol": "BTC-USD"}, {"trade_id": 849988561, "side": "buy", "size": "0.00001000", "price": "117961.65000000", "time": "2025-07-15T23:09:55.886542Z", "fetched_at": "2025-07-15T23:10:50.003687+00:00", "symbol": "BTC-USD"}, {"trade_id": 849988560, "side": "buy", "size": "0.00847710", "price": "117964.77000000", "time": "2025-07-15T23:09:55.814359Z", "fetched_at": "2025-07-15T23:10:50.003687+00:00", "symbol": "BTC-USD"}, {"trade_id": 849988559, "side": "buy", "size": "0.00499956", "price": "117965.76000000", "time": "2025-07-15T23:09:55.814359Z", "fetched_at": "2025-07-15T23:10:50.003687+00:00", "symbol": "BTC-USD"}, {"trade_id": 849988558, "side": "buy", "size": "0.00847630", "price": "117967.03000000", "time": "2025-07-15T23:09:55.814359Z", "fetched_at": "2025-07-15T23:10:50.003687+00:00", "symbol": "BTC-USD"}, {"trade_id": 849988557, "side": "buy", "size": "0.00847688", "price": "117967.90000000", "time": "2025-07-15T23:09:55.810103Z", "fetched_at": "2025-07-15T23:10:50.003687+00:00", "symbol": "BTC-USD"}, {"trade_id": 849988556, "side": "buy", "size": "0.00499982", "price": "117969.61000000", "time": "2025-07-15T23:09:55.810103Z", "fetched_at": "2025-07-15T23:10:50.003687+00:00", "symbol": "BTC-USD"}, {"trade_id": 849988555, "side": "buy", "size": "0.00499930", "price": "117969.61000000", "time": "2025-07-15T23:09:55.810103Z", "fetched_at": "2025-07-15T23:10:50.003687+00:00", "symbol": "BTC-USD"}, {"trade_id": 849988554, "side": "buy", "size": "0.00001000", "price": "117970.50000000", "time": "2025-07-15T23:09:55.810103Z", "fetched_at": "2025-07-15T23:10:50.003687+00:00", "symbol": "BTC-USD"}, {"trade_id": 849988553, "side": "buy", "size": "0.00001542", "price": "117973.85000000", "time": "2025-07-15T23:09:55.724677Z", "fetched_at": "2025-07-15T23:10:50.003687+00:00", "symbol": "BTC-USD"}, {"trade_id": 849988552, "side": "buy", "size": "0.00000695", "price": "117973.85000000", "time": "2025-07-15T23:09:55.724677Z", "fetched_at": "2025-07-15T23:10:50.003687+00:00", "symbol": "BTC-USD"}, {"trade_id": 849988551, "side": "buy", "size": "0.00816389", "price": "117973.85000000", "time": "2025-07-15T23:09:55.724677Z", "fetched_at": "2025-07-15T23:10:50.003687+00:00", "symbol": "BTC-USD"}, {"trade_id": 849988550, "side": "buy", "size": "0.00246086", "price": "117974.71000000", "time": "2025-07-15T23:09:55.614197Z", "fetched_at": "2025-07-15T23:10:50.003687+00:00", "symbol": "BTC-USD"}, {"trade_id": 849988549, "side": "buy", "size": "0.00847630", "price": "117976.02000000", "time": "2025-07-15T23:09:55.614197Z", "fetched_at": "2025-07-15T23:10:50.003687+00:00", "symbol": "BTC-USD"}, {"trade_id": 849988548, "side": "buy", "size": "0.00000900", "price": "117977.78000000", "time": "2025-07-15T23:09:55.614197Z", "fetched_at": "2025-07-15T23:10:50.003687+00:00", "symbol": "BTC-USD"}, {"trade_id": 849988547, "side": "buy", "size": "0.00003374", "price": "117977.79000000", "time": "2025-07-15T23:09:55.614197Z", "fetched_at": "2025-07-15T23:10:50.003687+00:00", "symbol": "BTC-USD"}, {"trade_id": 849988546, "side": "buy", "size": "0.00000042", "price": "117977.79000000", "time": "2025-07-15T23:09:55.614197Z", "fetched_at": "2025-07-15T23:10:50.003687+00:00", "symbol": "BTC-USD"}, {"trade_id": 849988545, "side": "buy", "size": "0.00186133", "price": "117977.79000000", "time": "2025-07-15T23:09:55.614197Z", "fetched_at": "2025-07-15T23:10:50.003687+00:00", "symbol": "BTC-USD"}, {"trade_id": 849988544, "side": "sell", "size": "0.00012351", "price": "117977.80000000", "time": "2025-07-15T23:09:55.312911Z", "fetched_at": "2025-07-15T23:10:50.003687+00:00", "symbol": "BTC-USD"}, {"trade_id": 849988543, "side": "sell", "size": "0.00082362", "price": "117977.80000000", "time": "2025-07-15T23:09:55.142900Z", "fetched_at": "2025-07-15T23:10:50.003687+00:00", "symbol": "BTC-USD"}, {"trade_id": 849988542, "side": "sell", "size": "0.00103349", "price": "117977.80000000", "time": "2025-07-15T23:09:54.931559Z", "fetched_at": "2025-07-15T23:10:50.003687+00:00", "symbol": "BTC-USD"}, {"trade_id": 849988541, "side": "sell", "size": "0.00067509", "price": "117977.80000000", "time": "2025-07-15T23:09:54.707912Z", "fetched_at": "2025-07-15T23:10:50.003687+00:00", "symbol": "BTC-USD"}, {"trade_id": 849988540, "side": "buy", "size": "0.00001144", "price": "117977.79000000", "time": "2025-07-15T23:09:54.521558Z", "fetched_at": "2025-07-15T23:10:50.003687+00:00", "symbol": "BTC-USD"}, {"trade_id": 849988539, "side": "buy", "size": "0.00000848", "price": "117977.79000000", "time": "2025-07-15T23:09:54.454162Z", "fetched_at": "2025-07-15T23:10:50.003687+00:00", "symbol": "BTC-USD"}, {"trade_id": 849988538, "side": "sell", "size": "0.00016782", "price": "117977.80000000", "time": "2025-07-15T23:09:54.336019Z", "fetched_at": "2025-07-15T23:10:50.003687+00:00", "symbol": "BTC-USD"}, {"trade_id": 849988537, "side": "buy", "size": "0.00203974", "price": "117977.79000000", "time": "2025-07-15T23:09:54.176441Z", "fetched_at": "2025-07-15T23:10:50.003687+00:00", "symbol": "BTC-USD"}, {"trade_id": 849988536, "side": "buy", "size": "0.00000822", "price": "117977.79000000", "time": "2025-07-15T23:09:54.176441Z", "fetched_at": "2025-07-15T23:10:50.003687+00:00", "symbol": "BTC-USD"}, {"trade_id": 849988535, "side": "buy", "size": "0.00002933", "price": "117977.79000000", "time": "2025-07-15T23:09:54.176441Z", "fetched_at": "2025-07-15T23:10:50.003687+00:00", "symbol": "BTC-USD"}, {"trade_id": 849988534, "side": "sell", "size": "0.00123555", "price": "117977.80000000", "time": "2025-07-15T23:09:53.582797Z", "fetched_at": "2025-07-15T23:10:50.003687+00:00", "symbol": "BTC-USD"}, {"trade_id": 849988533, "side": "sell", "size": "0.00209776", "price": "117977.80000000", "time": "2025-07-15T23:09:53.397627Z", "fetched_at": "2025-07-15T23:10:50.003687+00:00", "symbol": "BTC-USD"}, {"trade_id": 849988532, "side": "sell", "size": "0.00122000", "price": "117977.80000000", "time": "2025-07-15T23:09:52.972693Z", "fetched_at": "2025-07-15T23:10:50.003687+00:00", "symbol": "BTC-USD"}, {"trade_id": 849988531, "side": "sell", "size": "0.00004195", "price": "117977.79000000", "time": "2025-07-15T23:09:52.814860Z", "fetched_at": "2025-07-15T23:10:50.003687+00:00", "symbol": "BTC-USD"}, {"trade_id": 849988530, "side": "sell", "size": "0.00020097", "price": "117977.79000000", "time": "2025-07-15T23:09:52.641725Z", "fetched_at": "2025-07-15T23:10:50.003687+00:00", "symbol": "BTC-USD"}, {"trade_id": 849988529, "side": "sell", "size": "0.00079000", "price": "117977.79000000", "time": "2025-07-15T23:09:52.506249Z", "fetched_at": "2025-07-15T23:10:50.003687+00:00", "symbol": "BTC-USD"}, {"trade_id": 849988528, "side": "sell", "size": "0.32557970", "price": "117977.79000000", "time": "2025-07-15T23:09:52.394929Z", "fetched_at": "2025-07-15T23:10:50.003687+00:00", "symbol": "BTC-USD"}, {"trade_id": 849988527, "side": "sell", "size": "0.06610000", "price": "117975.67000000", "time": "2025-07-15T23:09:52.394929Z", "fetched_at": "2025-07-15T23:10:50.003687+00:00", "symbol": "BTC-USD"}, {"trade_id": 849988526, "side": "sell", "size": "0.00001000", "price": "117973.86000000", "time": "2025-07-15T23:09:52.271189Z", "fetched_at": "2025-07-15T23:10:50.003687+00:00", "symbol": "BTC-USD"}, {"trade_id": 849988525, "side": "sell", "size": "0.00016471", "price": "117973.86000000", "time": "2025-07-15T23:09:52.159289Z", "fetched_at": "2025-07-15T23:10:50.003687+00:00", "symbol": "BTC-USD"}, {"trade_id": 849988524, "side": "buy", "size": "0.00031210", "price": "117973.85000000", "time": "2025-07-15T23:09:52.154506Z", "fetched_at": "2025-07-15T23:10:50.003687+00:00", "symbol": "BTC-USD"}, {"trade_id": 849988523, "side": "buy", "size": "0.00000118", "price": "117974.78000000", "time": "2025-07-15T23:09:52.154506Z", "fetched_at": "2025-07-15T23:10:50.003687+00:00", "symbol": "BTC-USD"}, {"trade_id": 849988522, "side": "buy", "size": "0.00002000", "price": "117975.43000000", "time": "2025-07-15T23:09:52.154506Z", "fetched_at": "2025-07-15T23:10:50.003687+00:00", "symbol": "BTC-USD"}, {"trade_id": 849988521, "side": "buy", "size": "0.00000067", "price": "117975.43000000", "time": "2025-07-15T23:09:52.154506Z", "fetched_at": "2025-07-15T23:10:50.003687+00:00", "symbol": "BTC-USD"}, {"trade_id": 849988520, "side": "buy", "size": "0.00008986", "price": "117975.43000000", "time": "2025-07-15T23:09:52.154506Z", "fetched_at": "2025-07-15T23:10:50.003687+00:00", "symbol": "BTC-USD"}, {"trade_id": 849988519, "side": "sell", "size": "0.01678282", "price": "117975.44000000", "time": "2025-07-15T23:09:51.944682Z", "fetched_at": "2025-07-15T23:10:50.003687+00:00", "symbol": "BTC-USD"}, {"trade_id": 849988518, "side": "sell", "size": "0.00001822", "price": "117975.44000000", "time": "2025-07-15T23:09:51.873411Z", "fetched_at": "2025-07-15T23:10:50.003687+00:00", "symbol": "BTC-USD"}, {"trade_id": 849988517, "side": "sell", "size": "0.00082367", "price": "117975.44000000", "time": "2025-07-15T23:09:51.657215Z", "fetched_at": "2025-07-15T23:10:50.003687+00:00", "symbol": "BTC-USD"}, {"trade_id": 849988516, "side": "buy", "size": "0.00001000", "price": "117977.20000000", "time": "2025-07-15T23:09:51.633657Z", "fetched_at": "2025-07-15T23:10:50.003687+00:00", "symbol": "BTC-USD"}, {"trade_id": 849988515, "side": "buy", "size": "0.00008986", "price": "117977.20000000", "time": "2025-07-15T23:09:51.633657Z", "fetched_at": "2025-07-15T23:10:50.003687+00:00", "symbol": "BTC-USD"}, {"trade_id": 849988514, "side": "buy", "size": "0.00000745", "price": "117977.20000000", "time": "2025-07-15T23:09:51.633657Z", "fetched_at": "2025-07-15T23:10:50.003687+00:00", "symbol": "BTC-USD"}, {"trade_id": 849988513, "side": "buy", "size": "0.00010535", "price": "117977.20000000", "time": "2025-07-15T23:09:51.633657Z", "fetched_at": "2025-07-15T23:10:50.003687+00:00", "symbol": "BTC-USD"}, {"trade_id": 849988512, "side": "buy", "size": "0.00785567", "price": "117977.20000000", "time": "2025-07-15T23:09:51.633657Z", "fetched_at": "2025-07-15T23:10:50.003687+00:00", "symbol": "BTC-USD"}, {"trade_id": 849988511, "side": "sell", "size": "0.00012351", "price": "117977.21000000", "time": "2025-07-15T23:09:51.385463Z", "fetched_at": "2025-07-15T23:10:50.003687+00:00", "symbol": "BTC-USD"}, {"trade_id": 849988510, "side": "sell", "size": "0.00144133", "price": "117977.21000000", "time": "2025-07-15T23:09:51.334288Z", "fetched_at": "2025-07-15T23:10:50.003687+00:00", "symbol": "BTC-USD"}, {"trade_id": 849988509, "side": "sell", "size": "0.00028830", "price": "117977.21000000", "time": "2025-07-15T23:09:51.323925Z", "fetched_at": "2025-07-15T23:10:50.003687+00:00", "symbol": "BTC-USD"}, {"trade_id": 849988508, "side": "buy", "size": "0.00002797", "price": "117977.20000000", "time": "2025-07-15T23:09:51.263869Z", "fetched_at": "2025-07-15T23:10:50.003687+00:00", "symbol": "BTC-USD"}, {"trade_id": 849988507, "side": "buy", "size": "0.00779964", "price": "117975.43000000", "time": "2025-07-15T23:09:51.223356Z", "fetched_at": "2025-07-15T23:10:50.003687+00:00", "symbol": "BTC-USD"}, {"trade_id": 849988506, "side": "buy", "size": "0.00004000", "price": "117977.20000000", "time": "2025-07-15T23:09:51.223356Z", "fetched_at": "2025-07-15T23:10:50.003687+00:00", "symbol": "BTC-USD"}, {"trade_id": 849988505, "side": "buy", "size": "0.00008986", "price": "117977.20000000", "time": "2025-07-15T23:09:51.223356Z", "fetched_at": "2025-07-15T23:10:50.003687+00:00", "symbol": "BTC-USD"}, {"trade_id": 849988504, "side": "buy", "size": "0.00015000", "price": "117977.20000000", "time": "2025-07-15T23:09:51.223356Z", "fetched_at": "2025-07-15T23:10:50.003687+00:00", "symbol": "BTC-USD"}, {"trade_id": 849988503, "side": "buy", "size": "0.00039667", "price": "117977.20000000", "time": "2025-07-15T23:09:51.223356Z", "fetched_at": "2025-07-15T23:10:50.003687+00:00", "symbol": "BTC-USD"}, {"trade_id": 849988502, "side": "sell", "size": "0.00041183", "price": "117977.21000000", "time": "2025-07-15T23:09:51.214431Z", "fetched_at": "2025-07-15T23:10:50.003687+00:00", "symbol": "BTC-USD"}, {"trade_id": 849988501, "side": "sell", "size": "0.00020595", "price": "117977.21000000", "time": "2025-07-15T23:09:51.212374Z", "fetched_at": "2025-07-15T23:10:50.003687+00:00", "symbol": "BTC-USD"}, {"trade_id": 849988500, "side": "sell", "size": "0.00016825", "price": "117977.21000000", "time": "2025-07-15T23:09:50.824220Z", "fetched_at": "2025-07-15T23:10:50.003687+00:00", "symbol": "BTC-USD"}, {"trade_id": 849988499, "side": "sell", "size": "0.02313871", "price": "117977.21000000", "time": "2025-07-15T23:09:50.342807Z", "fetched_at": "2025-07-15T23:10:50.003687+00:00", "symbol": "BTC-USD"}, {"trade_id": 849988498, "side": "sell", "size": "0.06583690", "price": "117977.21000000", "time": "2025-07-15T23:09:50.342807Z", "fetched_at": "2025-07-15T23:10:50.003687+00:00", "symbol": "BTC-USD"}, {"trade_id": 849988497, "side": "sell", "size": "0.00026310", "price": "117977.21000000", "time": "2025-07-15T23:09:50.271125Z", "fetched_at": "2025-07-15T23:10:50.003687+00:00", "symbol": "BTC-USD"}, {"trade_id": 849988496, "side": "buy", "size": "0.00030353", "price": "117977.20000000", "time": "2025-07-15T23:09:50.259947Z", "fetched_at": "2025-07-15T23:10:50.003687+00:00", "symbol": "BTC-USD"}, {"trade_id": 849988495, "side": "buy", "size": "0.00029209", "price": "117977.20000000", "time": "2025-07-15T23:09:50.231831Z", "fetched_at": "2025-07-15T23:10:50.003687+00:00", "symbol": "BTC-USD"}, {"trade_id": 849988494, "side": "buy", "size": "0.00066800", "price": "117977.79000000", "time": "2025-07-15T23:09:50.231831Z", "fetched_at": "2025-07-15T23:10:50.003687+00:00", "symbol": "BTC-USD"}, {"trade_id": 849988493, "side": "buy", "size": "0.00005900", "price": "117977.79000000", "time": "2025-07-15T23:09:50.231831Z", "fetched_at": "2025-07-15T23:10:50.003687+00:00", "symbol": "BTC-USD"}, {"trade_id": 849988492, "side": "buy", "size": "0.00004170", "price": "117977.79000000", "time": "2025-07-15T23:09:50.231831Z", "fetched_at": "2025-07-15T23:10:50.003687+00:00", "symbol": "BTC-USD"}, {"trade_id": 849988491, "side": "buy", "size": "0.00000296", "price": "117977.79000000", "time": "2025-07-15T23:09:50.231831Z", "fetched_at": "2025-07-15T23:10:50.003687+00:00", "symbol": "BTC-USD"}, {"trade_id": 849988490, "side": "sell", "size": "0.00082362", "price": "117977.80000000", "time": "2025-07-15T23:09:49.871957Z", "fetched_at": "2025-07-15T23:10:50.003687+00:00", "symbol": "BTC-USD"}, {"trade_id": 849988489, "side": "sell", "size": "0.00013225", "price": "117977.80000000", "time": "2025-07-15T23:09:49.821911Z", "fetched_at": "2025-07-15T23:10:50.003687+00:00", "symbol": "BTC-USD"}, {"trade_id": 849988488, "side": "sell", "size": "0.00017882", "price": "117977.80000000", "time": "2025-07-15T23:09:49.731765Z", "fetched_at": "2025-07-15T23:10:50.003687+00:00", "symbol": "BTC-USD"}, {"trade_id": 849988487, "side": "sell", "size": "0.00016471", "price": "117977.80000000", "time": "2025-07-15T23:09:49.663825Z", "fetched_at": "2025-07-15T23:10:50.003687+00:00", "symbol": "BTC-USD"}, {"trade_id": 849988486, "side": "sell", "size": "0.00083906", "price": "117977.80000000", "time": "2025-07-15T23:09:49.435101Z", "fetched_at": "2025-07-15T23:10:50.003687+00:00", "symbol": "BTC-USD"}, {"trade_id": 849988485, "side": "sell", "size": "0.00083911", "price": "117977.80000000", "time": "2025-07-15T23:09:49.421713Z", "fetched_at": "2025-07-15T23:10:50.003687+00:00", "symbol": "BTC-USD"}, {"trade_id": 849988484, "side": "sell", "size": "0.00008181", "price": "117977.80000000", "time": "2025-07-15T23:09:49.355648Z", "fetched_at": "2025-07-15T23:10:50.003687+00:00", "symbol": "BTC-USD"}, {"trade_id": 849988483, "side": "sell", "size": "0.00009230", "price": "117977.80000000", "time": "2025-07-15T23:09:48.926185Z", "fetched_at": "2025-07-15T23:10:50.003687+00:00", "symbol": "BTC-USD"}, {"trade_id": 849988482, "side": "sell", "size": "0.00049884", "price": "117977.80000000", "time": "2025-07-15T23:09:48.911077Z", "fetched_at": "2025-07-15T23:10:50.003687+00:00", "symbol": "BTC-USD"}, {"trade_id": 849988481, "side": "sell", "size": "0.00082365", "price": "117977.80000000", "time": "2025-07-15T23:09:48.902847Z", "fetched_at": "2025-07-15T23:10:50.003687+00:00", "symbol": "BTC-USD"}, {"trade_id": 849988480, "side": "sell", "size": "0.00002006", "price": "117977.80000000", "time": "2025-07-15T23:09:48.776494Z", "fetched_at": "2025-07-15T23:10:50.003687+00:00", "symbol": "BTC-USD"}, {"trade_id": 849988479, "side": "sell", "size": "0.00082362", "price": "117977.80000000", "time": "2025-07-15T23:09:48.635390Z", "fetched_at": "2025-07-15T23:10:50.003687+00:00", "symbol": "BTC-USD"}, {"trade_id": 849988478, "side": "sell", "size": "0.00160789", "price": "117977.80000000", "time": "2025-07-15T23:09:48.462223Z", "fetched_at": "2025-07-15T23:10:50.003687+00:00", "symbol": "BTC-USD"}, {"trade_id": 849988477, "side": "sell", "size": "0.00016472", "price": "117977.80000000", "time": "2025-07-15T23:09:48.436572Z", "fetched_at": "2025-07-15T23:10:50.003687+00:00", "symbol": "BTC-USD"}, {"trade_id": 849988476, "side": "sell", "size": "0.00082367", "price": "117977.80000000", "time": "2025-07-15T23:09:48.200069Z", "fetched_at": "2025-07-15T23:10:50.003687+00:00", "symbol": "BTC-USD"}, {"trade_id": 849988475, "side": "sell", "size": "0.00010153", "price": "117977.80000000", "time": "2025-07-15T23:09:48.151682Z", "fetched_at": "2025-07-15T23:10:50.003687+00:00", "symbol": "BTC-USD"}, {"trade_id": 849988474, "side": "sell", "size": "0.00020592", "price": "117977.80000000", "time": "2025-07-15T23:09:47.595601Z", "fetched_at": "2025-07-15T23:10:50.003687+00:00", "symbol": "BTC-USD"}, {"trade_id": 849988473, "side": "sell", "size": "0.01647223", "price": "117977.80000000", "time": "2025-07-15T23:09:47.565525Z", "fetched_at": "2025-07-15T23:10:50.003687+00:00", "symbol": "BTC-USD"}, {"trade_id": 849988472, "side": "sell", "size": "0.00041183", "price": "117977.80000000", "time": "2025-07-15T23:09:47.523480Z", "fetched_at": "2025-07-15T23:10:50.003687+00:00", "symbol": "BTC-USD"}, {"trade_id": 849988471, "side": "sell", "size": "0.00120581", "price": "117977.80000000", "time": "2025-07-15T23:09:47.523409Z", "fetched_at": "2025-07-15T23:10:50.003687+00:00", "symbol": "BTC-USD"}, {"trade_id": 849988470, "side": "sell", "size": "0.00044000", "price": "117977.80000000", "time": "2025-07-15T23:09:47.211622Z", "fetched_at": "2025-07-15T23:10:50.003687+00:00", "symbol": "BTC-USD"}, {"trade_id": 849988469, "side": "sell", "size": "0.00082362", "price": "117977.80000000", "time": "2025-07-15T23:09:47.190172Z", "fetched_at": "2025-07-15T23:10:50.003687+00:00", "symbol": "BTC-USD"}, {"trade_id": 849988468, "side": "sell", "size": "0.00041953", "price": "117977.80000000", "time": "2025-07-15T23:09:47.091300Z", "fetched_at": "2025-07-15T23:10:50.003687+00:00", "symbol": "BTC-USD"}, {"trade_id": 849988467, "side": "buy", "size": "0.00014084", "price": "117977.79000000", "time": "2025-07-15T23:09:46.896191Z", "fetched_at": "2025-07-15T23:10:50.003687+00:00", "symbol": "BTC-USD"}, {"trade_id": 849988466, "side": "sell", "size": "0.00537765", "price": "117977.80000000", "time": "2025-07-15T23:09:46.674664Z", "fetched_at": "2025-07-15T23:10:50.003687+00:00", "symbol": "BTC-USD"}, {"trade_id": 849988465, "side": "sell", "size": "0.00000008", "price": "117977.80000000", "time": "2025-07-15T23:09:46.513610Z", "fetched_at": "2025-07-15T23:10:50.003687+00:00", "symbol": "BTC-USD"}, {"trade_id": 849988464, "side": "sell", "size": "0.00000025", "price": "117977.80000000", "time": "2025-07-15T23:09:46.497245Z", "fetched_at": "2025-07-15T23:10:50.003687+00:00", "symbol": "BTC-USD"}, {"trade_id": 849988463, "side": "sell", "size": "0.00046778", "price": "117977.80000000", "time": "2025-07-15T23:09:46.472828Z", "fetched_at": "2025-07-15T23:10:50.003687+00:00", "symbol": "BTC-USD"}, {"trade_id": 849988462, "side": "sell", "size": "0.00000126", "price": "117977.80000000", "time": "2025-07-15T23:09:46.421840Z", "fetched_at": "2025-07-15T23:10:50.003687+00:00", "symbol": "BTC-USD"}, {"trade_id": 849988461, "side": "sell", "size": "0.00000839", "price": "117977.80000000", "time": "2025-07-15T23:09:46.392849Z", "fetched_at": "2025-07-15T23:10:50.003687+00:00", "symbol": "BTC-USD"}, {"trade_id": 849988460, "side": "sell", "size": "0.00008038", "price": "117977.80000000", "time": "2025-07-15T23:09:46.300831Z", "fetched_at": "2025-07-15T23:10:50.003687+00:00", "symbol": "BTC-USD"}, {"trade_id": 849988459, "side": "sell", "size": "0.00020592", "price": "117977.80000000", "time": "2025-07-15T23:09:46.240403Z", "fetched_at": "2025-07-15T23:10:50.003687+00:00", "symbol": "BTC-USD"}, {"trade_id": 849988458, "side": "sell", "size": "0.00004019", "price": "117977.80000000", "time": "2025-07-15T23:09:46.218812Z", "fetched_at": "2025-07-15T23:10:50.003687+00:00", "symbol": "BTC-USD"}, {"trade_id": 849988457, "side": "sell", "size": "0.00050346", "price": "117977.80000000", "time": "2025-07-15T23:09:46.172145Z", "fetched_at": "2025-07-15T23:10:50.003687+00:00", "symbol": "BTC-USD"}, {"trade_id": 849988456, "side": "sell", "size": "0.00419527", "price": "117977.80000000", "time": "2025-07-15T23:09:46.105810Z", "fetched_at": "2025-07-15T23:10:50.003687+00:00", "symbol": "BTC-USD"}, {"trade_id": 849988455, "side": "sell", "size": "0.00247096", "price": "117977.80000000", "time": "2025-07-15T23:09:46.066786Z", "fetched_at": "2025-07-15T23:10:50.003687+00:00", "symbol": "BTC-USD"}, {"trade_id": 849988454, "side": "sell", "size": "0.00024711", "price": "117977.80000000", "time": "2025-07-15T23:09:45.971916Z", "fetched_at": "2025-07-15T23:10:50.003687+00:00", "symbol": "BTC-USD"}, {"trade_id": 849988453, "side": "sell", "size": "0.00020590", "price": "117977.80000000", "time": "2025-07-15T23:09:45.959077Z", "fetched_at": "2025-07-15T23:10:50.003687+00:00", "symbol": "BTC-USD"}, {"trade_id": 849988452, "side": "sell", "size": "0.00839105", "price": "117977.80000000", "time": "2025-07-15T23:09:45.728347Z", "fetched_at": "2025-07-15T23:10:50.003687+00:00", "symbol": "BTC-USD"}, {"trade_id": 849988451, "side": "sell", "size": "0.00247100", "price": "117977.80000000", "time": "2025-07-15T23:09:45.611086Z", "fetched_at": "2025-07-15T23:10:50.003687+00:00", "symbol": "BTC-USD"}, {"trade_id": 849988450, "side": "sell", "size": "0.00401047", "price": "117977.80000000", "time": "2025-07-15T23:09:45.441552Z", "fetched_at": "2025-07-15T23:10:50.003687+00:00", "symbol": "BTC-USD"}, {"trade_id": 849988449, "side": "sell", "size": "0.00155983", "price": "117977.80000000", "time": "2025-07-15T23:09:45.377539Z", "fetched_at": "2025-07-15T23:10:50.003687+00:00", "symbol": "BTC-USD"}, {"trade_id": 849988448, "side": "sell", "size": "0.00082365", "price": "117977.80000000", "time": "2025-07-15T23:09:45.325636Z", "fetched_at": "2025-07-15T23:10:50.003687+00:00", "symbol": "BTC-USD"}, {"trade_id": 849988447, "side": "sell", "size": "0.00057270", "price": "117977.80000000", "time": "2025-07-15T23:09:45.135960Z", "fetched_at": "2025-07-15T23:10:50.003687+00:00", "symbol": "BTC-USD"}, {"trade_id": 849988446, "side": "sell", "size": "0.00020591", "price": "117977.80000000", "time": "2025-07-15T23:09:45.098425Z", "fetched_at": "2025-07-15T23:10:50.003687+00:00", "symbol": "BTC-USD"}, {"trade_id": 849988445, "side": "sell", "size": "0.00020976", "price": "117977.80000000", "time": "2025-07-15T23:09:45.095408Z", "fetched_at": "2025-07-15T23:10:50.003687+00:00", "symbol": "BTC-USD"}, {"trade_id": 849988444, "side": "sell", "size": "0.00020592", "price": "117977.80000000", "time": "2025-07-15T23:09:45.016433Z", "fetched_at": "2025-07-15T23:10:50.003687+00:00", "symbol": "BTC-USD"}, {"trade_id": 849988443, "side": "sell", "size": "0.00002453", "price": "117977.80000000", "time": "2025-07-15T23:09:44.798610Z", "fetched_at": "2025-07-15T23:10:50.003687+00:00", "symbol": "BTC-USD"}, {"trade_id": 849988442, "side": "sell", "size": "0.00003058", "price": "117977.80000000", "time": "2025-07-15T23:09:44.778650Z", "fetched_at": "2025-07-15T23:10:50.003687+00:00", "symbol": "BTC-USD"}, {"trade_id": 849988441, "side": "sell", "size": "0.00016077", "price": "117977.80000000", "time": "2025-07-15T23:09:44.763781Z", "fetched_at": "2025-07-15T23:10:50.003687+00:00", "symbol": "BTC-USD"}, {"trade_id": 849988440, "side": "sell", "size": "0.00000034", "price": "117977.80000000", "time": "2025-07-15T23:09:44.751747Z", "fetched_at": "2025-07-15T23:10:50.003687+00:00", "symbol": "BTC-USD"}, {"trade_id": 849988439, "side": "sell", "size": "0.00217000", "price": "117977.80000000", "time": "2025-07-15T23:09:44.607103Z", "fetched_at": "2025-07-15T23:10:50.003687+00:00", "symbol": "BTC-USD"}, {"trade_id": 849988438, "side": "sell", "size": "0.00671062", "price": "117977.80000000", "time": "2025-07-15T23:09:44.442040Z", "fetched_at": "2025-07-15T23:10:50.003687+00:00", "symbol": "BTC-USD"}, {"trade_id": 849988437, "side": "sell", "size": "0.00093000", "price": "117977.80000000", "time": "2025-07-15T23:09:43.474750Z", "fetched_at": "2025-07-15T23:10:50.003687+00:00", "symbol": "BTC-USD"}, {"trade_id": 849988436, "side": "sell", "size": "0.00551085", "price": "117977.80000000", "time": "2025-07-15T23:09:43.409164Z", "fetched_at": "2025-07-15T23:10:50.003687+00:00", "symbol": "BTC-USD"}, {"trade_id": 849988435, "side": "sell", "size": "0.00000008", "price": "117977.80000000", "time": "2025-07-15T23:09:43.063737Z", "fetched_at": "2025-07-15T23:10:50.003687+00:00", "symbol": "BTC-USD"}, {"trade_id": 849988434, "side": "sell", "size": "0.00004185", "price": "117977.80000000", "time": "2025-07-15T23:09:43.046537Z", "fetched_at": "2025-07-15T23:10:50.003687+00:00", "symbol": "BTC-USD"}, {"trade_id": 849988433, "side": "sell", "size": "0.00123550", "price": "117977.80000000", "time": "2025-07-15T23:09:42.987712Z", "fetched_at": "2025-07-15T23:10:50.003687+00:00", "symbol": "BTC-USD"}, {"trade_id": 849988432, "side": "buy", "size": "0.00002795", "price": "117977.79000000", "time": "2025-07-15T23:09:42.965016Z", "fetched_at": "2025-07-15T23:10:50.003687+00:00", "symbol": "BTC-USD"}, {"trade_id": 849988431, "side": "sell", "size": "0.00000932", "price": "117977.80000000", "time": "2025-07-15T23:09:42.469251Z", "fetched_at": "2025-07-15T23:10:50.003687+00:00", "symbol": "BTC-USD"}, {"trade_id": 849988430, "side": "sell", "size": "0.00025172", "price": "117977.80000000", "time": "2025-07-15T23:09:42.074259Z", "fetched_at": "2025-07-15T23:10:50.003687+00:00", "symbol": "BTC-USD"}, {"trade_id": 849988429, "side": "sell", "size": "0.00016471", "price": "117977.80000000", "time": "2025-07-15T23:09:41.780981Z", "fetched_at": "2025-07-15T23:10:50.003687+00:00", "symbol": "BTC-USD"}, {"trade_id": 849988428, "side": "sell", "size": "0.00082362", "price": "117977.80000000", "time": "2025-07-15T23:09:40.975418Z", "fetched_at": "2025-07-15T23:10:50.003687+00:00", "symbol": "BTC-USD"}