[{"trade_id": 849992442, "side": "sell", "size": "0.00077060", "price": "117767.19000000", "time": "2025-07-15T23:20:17.007041Z", "fetched_at": "2025-07-15T23:20:19.332169+00:00", "symbol": "BTC-USD"}, {"trade_id": 849992441, "side": "sell", "size": "0.00003500", "price": "117767.16000000", "time": "2025-07-15T23:20:17.007041Z", "fetched_at": "2025-07-15T23:20:19.332169+00:00", "symbol": "BTC-USD"}, {"trade_id": 849992440, "side": "sell", "size": "0.00120033", "price": "117767.20000000", "time": "2025-07-15T23:20:16.964152Z", "fetched_at": "2025-07-15T23:20:19.332169+00:00", "symbol": "BTC-USD"}, {"trade_id": 849992439, "side": "buy", "size": "0.00018911", "price": "117767.15000000", "time": "2025-07-15T23:20:16.958672Z", "fetched_at": "2025-07-15T23:20:19.332169+00:00", "symbol": "BTC-USD"}, {"trade_id": 849992438, "side": "sell", "size": "0.00000240", "price": "117767.20000000", "time": "2025-07-15T23:20:16.947533Z", "fetched_at": "2025-07-15T23:20:19.332169+00:00", "symbol": "BTC-USD"}, {"trade_id": 849992437, "side": "sell", "size": "0.00041261", "price": "117767.22000000", "time": "2025-07-15T23:20:16.911112Z", "fetched_at": "2025-07-15T23:20:19.332169+00:00", "symbol": "BTC-USD"}, {"trade_id": 849992436, "side": "sell", "size": "0.00080547", "price": "117767.22000000", "time": "2025-07-15T23:20:16.862991Z", "fetched_at": "2025-07-15T23:20:19.332169+00:00", "symbol": "BTC-USD"}, {"trade_id": 849992435, "side": "buy", "size": "0.00668800", "price": "117767.15000000", "time": "2025-07-15T23:20:16.843462Z", "fetched_at": "2025-07-15T23:20:19.332169+00:00", "symbol": "BTC-USD"}, {"trade_id": 849992434, "side": "buy", "size": "0.00849128", "price": "117767.86000000", "time": "2025-07-15T23:20:16.843462Z", "fetched_at": "2025-07-15T23:20:19.332169+00:00", "symbol": "BTC-USD"}, {"trade_id": 849992433, "side": "buy", "size": "0.04306945", "price": "117769.62000000", "time": "2025-07-15T23:20:16.843462Z", "fetched_at": "2025-07-15T23:20:19.332169+00:00", "symbol": "BTC-USD"}, {"trade_id": 849992432, "side": "buy", "size": "0.00017500", "price": "117769.63000000", "time": "2025-07-15T23:20:16.843462Z", "fetched_at": "2025-07-15T23:20:19.332169+00:00", "symbol": "BTC-USD"}, {"trade_id": 849992431, "side": "buy", "size": "0.02862944", "price": "117769.65000000", "time": "2025-07-15T23:20:16.843462Z", "fetched_at": "2025-07-15T23:20:19.332169+00:00", "symbol": "BTC-USD"}, {"trade_id": 849992430, "side": "sell", "size": "0.01610965", "price": "117769.66000000", "time": "2025-07-15T23:20:16.780154Z", "fetched_at": "2025-07-15T23:20:19.332169+00:00", "symbol": "BTC-USD"}, {"trade_id": 849992429, "side": "sell", "size": "0.00016503", "price": "117769.66000000", "time": "2025-07-15T23:20:16.757604Z", "fetched_at": "2025-07-15T23:20:19.332169+00:00", "symbol": "BTC-USD"}, {"trade_id": 849992428, "side": "sell", "size": "0.00000208", "price": "117769.66000000", "time": "2025-07-15T23:20:16.727823Z", "fetched_at": "2025-07-15T23:20:19.332169+00:00", "symbol": "BTC-USD"}, {"trade_id": 849992427, "side": "sell", "size": "0.00004027", "price": "117769.66000000", "time": "2025-07-15T23:20:16.670376Z", "fetched_at": "2025-07-15T23:20:19.332169+00:00", "symbol": "BTC-USD"}, {"trade_id": 849992426, "side": "sell", "size": "0.00412614", "price": "117769.66000000", "time": "2025-07-15T23:20:16.640466Z", "fetched_at": "2025-07-15T23:20:19.332169+00:00", "symbol": "BTC-USD"}, {"trade_id": 849992425, "side": "sell", "size": "0.00008407", "price": "117769.66000000", "time": "2025-07-15T23:20:16.622311Z", "fetched_at": "2025-07-15T23:20:19.332169+00:00", "symbol": "BTC-USD"}, {"trade_id": 849992424, "side": "sell", "size": "0.00041261", "price": "117769.66000000", "time": "2025-07-15T23:20:16.516172Z", "fetched_at": "2025-07-15T23:20:19.332169+00:00", "symbol": "BTC-USD"}, {"trade_id": 849992423, "side": "sell", "size": "0.00002858", "price": "117769.66000000", "time": "2025-07-15T23:20:16.350751Z", "fetched_at": "2025-07-15T23:20:19.332169+00:00", "symbol": "BTC-USD"}, {"trade_id": 849992422, "side": "sell", "size": "0.00015318", "price": "117769.66000000", "time": "2025-07-15T23:20:15.938144Z", "fetched_at": "2025-07-15T23:20:19.332169+00:00", "symbol": "BTC-USD"}, {"trade_id": 849992421, "side": "sell", "size": "0.00008000", "price": "117769.66000000", "time": "2025-07-15T23:20:15.758861Z", "fetched_at": "2025-07-15T23:20:19.332169+00:00", "symbol": "BTC-USD"}, {"trade_id": 849992420, "side": "sell", "size": "0.00004203", "price": "117769.66000000", "time": "2025-07-15T23:20:15.362807Z", "fetched_at": "2025-07-15T23:20:19.332169+00:00", "symbol": "BTC-USD"}, {"trade_id": 849992419, "side": "sell", "size": "0.00185565", "price": "117769.66000000", "time": "2025-07-15T23:20:15.354799Z", "fetched_at": "2025-07-15T23:20:19.332169+00:00", "symbol": "BTC-USD"}, {"trade_id": 849992418, "side": "sell", "size": "0.00020135", "price": "117769.66000000", "time": "2025-07-15T23:20:15.328722Z", "fetched_at": "2025-07-15T23:20:19.332169+00:00", "symbol": "BTC-USD"}, {"trade_id": 849992417, "side": "buy", "size": "0.00316639", "price": "117769.65000000", "time": "2025-07-15T23:20:15.066939Z", "fetched_at": "2025-07-15T23:20:19.332169+00:00", "symbol": "BTC-USD"}, {"trade_id": 849992416, "side": "sell", "size": "0.00093995", "price": "117769.66000000", "time": "2025-07-15T23:20:15.041963Z", "fetched_at": "2025-07-15T23:20:19.332169+00:00", "symbol": "BTC-USD"}, {"trade_id": 849992415, "side": "sell", "size": "0.00020622", "price": "117769.66000000", "time": "2025-07-15T23:20:14.988284Z", "fetched_at": "2025-07-15T23:20:19.332169+00:00", "symbol": "BTC-USD"}, {"trade_id": 849992414, "side": "sell", "size": "0.00008054", "price": "117769.66000000", "time": "2025-07-15T23:20:14.867190Z", "fetched_at": "2025-07-15T23:20:19.332169+00:00", "symbol": "BTC-USD"}, {"trade_id": 849992413, "side": "sell", "size": "0.00008408", "price": "117769.66000000", "time": "2025-07-15T23:20:14.619485Z", "fetched_at": "2025-07-15T23:20:19.332169+00:00", "symbol": "BTC-USD"}, {"trade_id": 849992412, "side": "sell", "size": "0.00020633", "price": "117769.66000000", "time": "2025-07-15T23:20:14.253279Z", "fetched_at": "2025-07-15T23:20:19.332169+00:00", "symbol": "BTC-USD"}, {"trade_id": 849992411, "side": "sell", "size": "0.00252671", "price": "117769.66000000", "time": "2025-07-15T23:20:14.221691Z", "fetched_at": "2025-07-15T23:20:19.332169+00:00", "symbol": "BTC-USD"}, {"trade_id": 849992410, "side": "sell", "size": "0.00041266", "price": "117769.66000000", "time": "2025-07-15T23:20:14.026084Z", "fetched_at": "2025-07-15T23:20:19.332169+00:00", "symbol": "BTC-USD"}, {"trade_id": 849992409, "side": "sell", "size": "0.00005465", "price": "117769.66000000", "time": "2025-07-15T23:20:14.020158Z", "fetched_at": "2025-07-15T23:20:19.332169+00:00", "symbol": "BTC-USD"}, {"trade_id": 849992408, "side": "sell", "size": "0.00247568", "price": "117769.66000000", "time": "2025-07-15T23:20:13.986778Z", "fetched_at": "2025-07-15T23:20:19.332169+00:00", "symbol": "BTC-USD"}, {"trade_id": 849992407, "side": "sell", "size": "0.00028887", "price": "117769.66000000", "time": "2025-07-15T23:20:13.982746Z", "fetched_at": "2025-07-15T23:20:19.332169+00:00", "symbol": "BTC-USD"}, {"trade_id": 849992406, "side": "sell", "size": "0.00008198", "price": "117769.66000000", "time": "2025-07-15T23:20:13.912719Z", "fetched_at": "2025-07-15T23:20:19.332169+00:00", "symbol": "BTC-USD"}, {"trade_id": 849992405, "side": "sell", "size": "0.00010000", "price": "117769.66000000", "time": "2025-07-15T23:20:13.796093Z", "fetched_at": "2025-07-15T23:20:19.332169+00:00", "symbol": "BTC-USD"}, {"trade_id": 849992404, "side": "sell", "size": "0.00165050", "price": "117769.66000000", "time": "2025-07-15T23:20:13.332673Z", "fetched_at": "2025-07-15T23:20:19.332169+00:00", "symbol": "BTC-USD"}, {"trade_id": 849992403, "side": "sell", "size": "0.00083901", "price": "117769.66000000", "time": "2025-07-15T23:20:12.789050Z", "fetched_at": "2025-07-15T23:20:19.332169+00:00", "symbol": "BTC-USD"}, {"trade_id": 849992402, "side": "sell", "size": "0.00020634", "price": "117769.66000000", "time": "2025-07-15T23:20:12.739284Z", "fetched_at": "2025-07-15T23:20:19.332169+00:00", "symbol": "BTC-USD"}, {"trade_id": 849992401, "side": "buy", "size": "0.00211893", "price": "117769.65000000", "time": "2025-07-15T23:20:12.494793Z", "fetched_at": "2025-07-15T23:20:19.332169+00:00", "symbol": "BTC-USD"}, {"trade_id": 849992400, "side": "buy", "size": "0.00008524", "price": "117769.65000000", "time": "2025-07-15T23:20:11.604101Z", "fetched_at": "2025-07-15T23:20:19.332169+00:00", "symbol": "BTC-USD"}, {"trade_id": 849992399, "side": "buy", "size": "0.00023126", "price": "117769.62000000", "time": "2025-07-15T23:20:10.728178Z", "fetched_at": "2025-07-15T23:20:19.332169+00:00", "symbol": "BTC-USD"}, {"trade_id": 849992398, "side": "buy", "size": "0.00003929", "price": "117769.77000000", "time": "2025-07-15T23:20:10.728178Z", "fetched_at": "2025-07-15T23:20:19.332169+00:00", "symbol": "BTC-USD"}, {"trade_id": 849992397, "side": "sell", "size": "0.00004458", "price": "117778.27000000", "time": "2025-07-15T23:20:10.411326Z", "fetched_at": "2025-07-15T23:20:19.332169+00:00", "symbol": "BTC-USD"}, {"trade_id": 849992396, "side": "sell", "size": "0.00007798", "price": "117774.68000000", "time": "2025-07-15T23:20:10.411326Z", "fetched_at": "2025-07-15T23:20:19.332169+00:00", "symbol": "BTC-USD"}, {"trade_id": 849992395, "side": "sell", "size": "0.00004574", "price": "117778.26000000", "time": "2025-07-15T23:20:10.355835Z", "fetched_at": "2025-07-15T23:20:19.332169+00:00", "symbol": "BTC-USD"}, {"trade_id": 849992394, "side": "sell", "size": "0.01402705", "price": "117768.07000000", "time": "2025-07-15T23:20:10.196811Z", "fetched_at": "2025-07-15T23:20:19.332169+00:00", "symbol": "BTC-USD"}, {"trade_id": 849992393, "side": "sell", "size": "0.02560000", "price": "117767.94000000", "time": "2025-07-15T23:20:10.196811Z", "fetched_at": "2025-07-15T23:20:19.332169+00:00", "symbol": "BTC-USD"}, {"trade_id": 849992392, "side": "sell", "size": "0.05717392", "price": "117767.93000000", "time": "2025-07-15T23:20:10.196811Z", "fetched_at": "2025-07-15T23:20:19.332169+00:00", "symbol": "BTC-USD"}, {"trade_id": 849992391, "side": "sell", "size": "0.09167268", "price": "117767.92000000", "time": "2025-07-15T23:20:10.196811Z", "fetched_at": "2025-07-15T23:20:19.332169+00:00", "symbol": "BTC-USD"}, {"trade_id": 849992390, "side": "sell", "size": "0.00845757", "price": "117765.62000000", "time": "2025-07-15T23:20:10.195758Z", "fetched_at": "2025-07-15T23:20:19.332169+00:00", "symbol": "BTC-USD"}, {"trade_id": 849992389, "side": "sell", "size": "0.00003387", "price": "117765.62000000", "time": "2025-07-15T23:20:10.194270Z", "fetched_at": "2025-07-15T23:20:19.332169+00:00", "symbol": "BTC-USD"}, {"trade_id": 849992388, "side": "sell", "size": "0.00008039", "price": "117759.49000000", "time": "2025-07-15T23:20:10.194270Z", "fetched_at": "2025-07-15T23:20:19.332169+00:00", "symbol": "BTC-USD"}, {"trade_id": 849992387, "side": "sell", "size": "0.00849169", "price": "117762.12000000", "time": "2025-07-15T23:20:10.192427Z", "fetched_at": "2025-07-15T23:20:19.332169+00:00", "symbol": "BTC-USD"}, {"trade_id": 849992386, "side": "sell", "size": "0.00000567", "price": "117759.49000000", "time": "2025-07-15T23:20:10.192427Z", "fetched_at": "2025-07-15T23:20:19.332169+00:00", "symbol": "BTC-USD"}, {"trade_id": 849992385, "side": "sell", "size": "0.00000768", "price": "117759.49000000", "time": "2025-07-15T23:20:10.192427Z", "fetched_at": "2025-07-15T23:20:19.332169+00:00", "symbol": "BTC-USD"}, {"trade_id": 849992384, "side": "sell", "size": "0.00000186", "price": "117759.49000000", "time": "2025-07-15T23:20:10.192427Z", "fetched_at": "2025-07-15T23:20:19.332169+00:00", "symbol": "BTC-USD"}, {"trade_id": 849992383, "side": "sell", "size": "0.00009905", "price": "117759.49000000", "time": "2025-07-15T23:20:10.192427Z", "fetched_at": "2025-07-15T23:20:19.332169+00:00", "symbol": "BTC-USD"}, {"trade_id": 849992382, "side": "sell", "size": "0.00002287", "price": "117759.49000000", "time": "2025-07-15T23:20:09.944906Z", "fetched_at": "2025-07-15T23:20:19.332169+00:00", "symbol": "BTC-USD"}, {"trade_id": 849992381, "side": "sell", "size": "0.00001033", "price": "117759.47000000", "time": "2025-07-15T23:20:09.944906Z", "fetched_at": "2025-07-15T23:20:19.332169+00:00", "symbol": "BTC-USD"}, {"trade_id": 849992380, "side": "sell", "size": "0.00000220", "price": "117759.47000000", "time": "2025-07-15T23:20:09.944906Z", "fetched_at": "2025-07-15T23:20:19.332169+00:00", "symbol": "BTC-USD"}, {"trade_id": 849992379, "side": "sell", "size": "0.00000663", "price": "117759.47000000", "time": "2025-07-15T23:20:09.944906Z", "fetched_at": "2025-07-15T23:20:19.332169+00:00", "symbol": "BTC-USD"}, {"trade_id": 849992378, "side": "sell", "size": "0.00000613", "price": "117759.37000000", "time": "2025-07-15T23:20:09.608539Z", "fetched_at": "2025-07-15T23:20:19.332169+00:00", "symbol": "BTC-USD"}, {"trade_id": 849992377, "side": "sell", "size": "0.00009683", "price": "117758.35000000", "time": "2025-07-15T23:20:09.391250Z", "fetched_at": "2025-07-15T23:20:19.332169+00:00", "symbol": "BTC-USD"}, {"trade_id": 849992376, "side": "sell", "size": "0.00010823", "price": "117758.34000000", "time": "2025-07-15T23:20:09.391250Z", "fetched_at": "2025-07-15T23:20:19.332169+00:00", "symbol": "BTC-USD"}, {"trade_id": 849992375, "side": "sell", "size": "0.00012910", "price": "117758.31000000", "time": "2025-07-15T23:20:09.391250Z", "fetched_at": "2025-07-15T23:20:19.332169+00:00", "symbol": "BTC-USD"}, {"trade_id": 849992374, "side": "sell", "size": "0.00165044", "price": "117759.44000000", "time": "2025-07-15T23:20:08.243520Z", "fetched_at": "2025-07-15T23:20:19.332169+00:00", "symbol": "BTC-USD"}, {"trade_id": 849992373, "side": "buy", "size": "0.00005346", "price": "117759.43000000", "time": "2025-07-15T23:20:07.886452Z", "fetched_at": "2025-07-15T23:20:19.332169+00:00", "symbol": "BTC-USD"}, {"trade_id": 849992372, "side": "sell", "size": "0.00021283", "price": "117755.36000000", "time": "2025-07-15T23:20:07.321708Z", "fetched_at": "2025-07-15T23:20:19.332169+00:00", "symbol": "BTC-USD"}, {"trade_id": 849992371, "side": "sell", "size": "0.00027700", "price": "117754.92000000", "time": "2025-07-15T23:20:07.321708Z", "fetched_at": "2025-07-15T23:20:19.332169+00:00", "symbol": "BTC-USD"}, {"trade_id": 849992370, "side": "sell", "size": "0.00792940", "price": "117759.37000000", "time": "2025-07-15T23:20:07.105458Z", "fetched_at": "2025-07-15T23:20:19.332169+00:00", "symbol": "BTC-USD"}, {"trade_id": 849992369, "side": "sell", "size": "0.00001921", "price": "117759.36000000", "time": "2025-07-15T23:20:07.105458Z", "fetched_at": "2025-07-15T23:20:19.332169+00:00", "symbol": "BTC-USD"}, {"trade_id": 849992368, "side": "sell", "size": "0.00030480", "price": "117757.27000000", "time": "2025-07-15T23:20:07.105458Z", "fetched_at": "2025-07-15T23:20:19.332169+00:00", "symbol": "BTC-USD"}, {"trade_id": 849992367, "side": "buy", "size": "0.00021692", "price": "117754.37000000", "time": "2025-07-15T23:20:07.025467Z", "fetched_at": "2025-07-15T23:20:19.332169+00:00", "symbol": "BTC-USD"}, {"trade_id": 849992366, "side": "buy", "size": "0.00003848", "price": "117754.38000000", "time": "2025-07-15T23:20:07.025467Z", "fetched_at": "2025-07-15T23:20:19.332169+00:00", "symbol": "BTC-USD"}, {"trade_id": 849992365, "side": "sell", "size": "0.00006739", "price": "117759.49000000", "time": "2025-07-15T23:20:06.783297Z", "fetched_at": "2025-07-15T23:20:19.332169+00:00", "symbol": "BTC-USD"}, {"trade_id": 849992364, "side": "sell", "size": "0.00041248", "price": "117759.49000000", "time": "2025-07-15T23:20:06.297742Z", "fetched_at": "2025-07-15T23:20:19.332169+00:00", "symbol": "BTC-USD"}, {"trade_id": 849992363, "side": "sell", "size": "0.04290943", "price": "117759.49000000", "time": "2025-07-15T23:20:06.274862Z", "fetched_at": "2025-07-15T23:20:19.332169+00:00", "symbol": "BTC-USD"}, {"trade_id": 849992362, "side": "sell", "size": "0.00007382", "price": "117759.49000000", "time": "2025-07-15T23:20:06.274862Z", "fetched_at": "2025-07-15T23:20:19.332169+00:00", "symbol": "BTC-USD"}, {"trade_id": 849992361, "side": "sell", "size": "0.00011602", "price": "117759.49000000", "time": "2025-07-15T23:20:06.274862Z", "fetched_at": "2025-07-15T23:20:19.332169+00:00", "symbol": "BTC-USD"}, {"trade_id": 849992360, "side": "sell", "size": "0.00002343", "price": "117759.49000000", "time": "2025-07-15T23:20:06.274862Z", "fetched_at": "2025-07-15T23:20:19.332169+00:00", "symbol": "BTC-USD"}, {"trade_id": 849992359, "side": "sell", "size": "0.00247518", "price": "117759.49000000", "time": "2025-07-15T23:20:06.274862Z", "fetched_at": "2025-07-15T23:20:19.332169+00:00", "symbol": "BTC-USD"}, {"trade_id": 849992358, "side": "sell", "size": "0.00849192", "price": "117758.97000000", "time": "2025-07-15T23:20:06.274862Z", "fetched_at": "2025-07-15T23:20:19.332169+00:00", "symbol": "BTC-USD"}, {"trade_id": 849992357, "side": "sell", "size": "0.97091020", "price": "117757.20000000", "time": "2025-07-15T23:20:06.274862Z", "fetched_at": "2025-07-15T23:20:19.332169+00:00", "symbol": "BTC-USD"}, {"trade_id": 849992356, "side": "buy", "size": "0.00005382", "price": "117757.19000000", "time": "2025-07-15T23:20:06.231081Z", "fetched_at": "2025-07-15T23:20:19.332169+00:00", "symbol": "BTC-USD"}, {"trade_id": 849992355, "side": "sell", "size": "0.00412527", "price": "117759.46000000", "time": "2025-07-15T23:20:05.472007Z", "fetched_at": "2025-07-15T23:20:19.332169+00:00", "symbol": "BTC-USD"}, {"trade_id": 849992354, "side": "sell", "size": "0.00000823", "price": "117759.46000000", "time": "2025-07-15T23:20:05.308762Z", "fetched_at": "2025-07-15T23:20:19.332169+00:00", "symbol": "BTC-USD"}, {"trade_id": 849992353, "side": "sell", "size": "0.00079544", "price": "117759.46000000", "time": "2025-07-15T23:20:05.274239Z", "fetched_at": "2025-07-15T23:20:19.332169+00:00", "symbol": "BTC-USD"}, {"trade_id": 849992352, "side": "sell", "size": "0.00022919", "price": "117756.93000000", "time": "2025-07-15T23:20:05.258671Z", "fetched_at": "2025-07-15T23:20:19.332169+00:00", "symbol": "BTC-USD"}, {"trade_id": 849992351, "side": "sell", "size": "0.00024150", "price": "117756.89000000", "time": "2025-07-15T23:20:05.258671Z", "fetched_at": "2025-07-15T23:20:19.332169+00:00", "symbol": "BTC-USD"}, {"trade_id": 849992350, "side": "sell", "size": "0.00007740", "price": "117756.89000000", "time": "2025-07-15T23:20:05.258671Z", "fetched_at": "2025-07-15T23:20:19.332169+00:00", "symbol": "BTC-USD"}, {"trade_id": 849992349, "side": "sell", "size": "0.00020764", "price": "117756.85000000", "time": "2025-07-15T23:20:05.258671Z", "fetched_at": "2025-07-15T23:20:19.332169+00:00", "symbol": "BTC-USD"}, {"trade_id": 849992348, "side": "sell", "size": "0.00023917", "price": "117756.82000000", "time": "2025-07-15T23:20:05.258671Z", "fetched_at": "2025-07-15T23:20:19.332169+00:00", "symbol": "BTC-USD"}, {"trade_id": 849992347, "side": "buy", "size": "0.00249178", "price": "117755.98000000", "time": "2025-07-15T23:20:05.089210Z", "fetched_at": "2025-07-15T23:20:19.332169+00:00", "symbol": "BTC-USD"}, {"trade_id": 849992346, "side": "buy", "size": "0.00003986", "price": "117759.48000000", "time": "2025-07-15T23:20:05.089210Z", "fetched_at": "2025-07-15T23:20:19.332169+00:00", "symbol": "BTC-USD"}, {"trade_id": 849992345, "side": "buy", "size": "0.00633625", "price": "117755.95000000", "time": "2025-07-15T23:20:05.067231Z", "fetched_at": "2025-07-15T23:20:19.332169+00:00", "symbol": "BTC-USD"}, {"trade_id": 849992344, "side": "buy", "size": "0.00312303", "price": "117757.71000000", "time": "2025-07-15T23:20:05.067231Z", "fetched_at": "2025-07-15T23:20:19.332169+00:00", "symbol": "BTC-USD"}, {"trade_id": 849992343, "side": "buy", "size": "0.00003986", "price": "117759.48000000", "time": "2025-07-15T23:20:05.067231Z", "fetched_at": "2025-07-15T23:20:19.332169+00:00", "symbol": "BTC-USD"}, {"trade_id": 849992342, "side": "sell", "size": "0.00062002", "price": "117757.73000000", "time": "2025-07-15T23:20:04.863118Z", "fetched_at": "2025-07-15T23:20:19.332169+00:00", "symbol": "BTC-USD"}, {"trade_id": 849992341, "side": "sell", "size": "0.00061615", "price": "117757.74000000", "time": "2025-07-15T23:20:04.827883Z", "fetched_at": "2025-07-15T23:20:19.332169+00:00", "symbol": "BTC-USD"}, {"trade_id": 849992340, "side": "sell", "size": "0.02512664", "price": "117756.01000000", "time": "2025-07-15T23:20:04.481037Z", "fetched_at": "2025-07-15T23:20:19.332169+00:00", "symbol": "BTC-USD"}, {"trade_id": 849992339, "side": "sell", "size": "0.00009340", "price": "117756.00000000", "time": "2025-07-15T23:20:04.481037Z", "fetched_at": "2025-07-15T23:20:19.332169+00:00", "symbol": "BTC-USD"}, {"trade_id": 849992338, "side": "sell", "size": "0.25000000", "price": "117745.41000000", "time": "2025-07-15T23:20:04.171789Z", "fetched_at": "2025-07-15T23:20:19.332169+00:00", "symbol": "BTC-USD"}, {"trade_id": 849992337, "side": "sell", "size": "0.00000212", "price": "117745.39000000", "time": "2025-07-15T23:20:04.171789Z", "fetched_at": "2025-07-15T23:20:19.332169+00:00", "symbol": "BTC-USD"}, {"trade_id": 849992336, "side": "sell", "size": "0.00001034", "price": "117745.39000000", "time": "2025-07-15T23:20:04.171789Z", "fetched_at": "2025-07-15T23:20:19.332169+00:00", "symbol": "BTC-USD"}, {"trade_id": 849992335, "side": "sell", "size": "0.00020255", "price": "117745.39000000", "time": "2025-07-15T23:20:04.171789Z", "fetched_at": "2025-07-15T23:20:19.332169+00:00", "symbol": "BTC-USD"}, {"trade_id": 849992334, "side": "sell", "size": "0.00000665", "price": "117745.39000000", "time": "2025-07-15T23:20:04.171789Z", "fetched_at": "2025-07-15T23:20:19.332169+00:00", "symbol": "BTC-USD"}, {"trade_id": 849992333, "side": "sell", "size": "0.07216786", "price": "117742.83000000", "time": "2025-07-15T23:20:03.625341Z", "fetched_at": "2025-07-15T23:20:19.332169+00:00", "symbol": "BTC-USD"}, {"trade_id": 849992332, "side": "sell", "size": "0.00849309", "price": "117742.72000000", "time": "2025-07-15T23:20:03.625341Z", "fetched_at": "2025-07-15T23:20:19.332169+00:00", "symbol": "BTC-USD"}, {"trade_id": 849992331, "side": "sell", "size": "0.07216786", "price": "117741.06000000", "time": "2025-07-15T23:20:03.605178Z", "fetched_at": "2025-07-15T23:20:19.332169+00:00", "symbol": "BTC-USD"}, {"trade_id": 849992330, "side": "buy", "size": "0.00004593", "price": "117741.05000000", "time": "2025-07-15T23:20:03.567312Z", "fetched_at": "2025-07-15T23:20:19.332169+00:00", "symbol": "BTC-USD"}, {"trade_id": 849992329, "side": "sell", "size": "0.00118355", "price": "117740.95000000", "time": "2025-07-15T23:20:03.476039Z", "fetched_at": "2025-07-15T23:20:19.332169+00:00", "symbol": "BTC-USD"}, {"trade_id": 849992328, "side": "sell", "size": "0.00009338", "price": "117740.95000000", "time": "2025-07-15T23:20:03.476039Z", "fetched_at": "2025-07-15T23:20:19.332169+00:00", "symbol": "BTC-USD"}, {"trade_id": 849992327, "side": "sell", "size": "0.00080526", "price": "117740.95000000", "time": "2025-07-15T23:20:02.849239Z", "fetched_at": "2025-07-15T23:20:19.332169+00:00", "symbol": "BTC-USD"}, {"trade_id": 849992326, "side": "sell", "size": "0.00042000", "price": "117740.95000000", "time": "2025-07-15T23:20:02.530909Z", "fetched_at": "2025-07-15T23:20:19.332169+00:00", "symbol": "BTC-USD"}, {"trade_id": 849992325, "side": "sell", "size": "0.00000900", "price": "117744.63000000", "time": "2025-07-15T23:20:02.441085Z", "fetched_at": "2025-07-15T23:20:19.332169+00:00", "symbol": "BTC-USD"}, {"trade_id": 849992324, "side": "buy", "size": "0.00500000", "price": "117745.47000000", "time": "2025-07-15T23:20:02.432360Z", "fetched_at": "2025-07-15T23:20:19.332169+00:00", "symbol": "BTC-USD"}, {"trade_id": 849992323, "side": "buy", "size": "0.00001792", "price": "117748.05000000", "time": "2025-07-15T23:20:02.432360Z", "fetched_at": "2025-07-15T23:20:19.332169+00:00", "symbol": "BTC-USD"}, {"trade_id": 849992322, "side": "buy", "size": "0.00001000", "price": "117748.05000000", "time": "2025-07-15T23:20:02.432360Z", "fetched_at": "2025-07-15T23:20:19.332169+00:00", "symbol": "BTC-USD"}, {"trade_id": 849992321, "side": "buy", "size": "0.00000482", "price": "117752.58000000", "time": "2025-07-15T23:20:02.393083Z", "fetched_at": "2025-07-15T23:20:19.332169+00:00", "symbol": "BTC-USD"}, {"trade_id": 849992320, "side": "buy", "size": "0.03617000", "price": "117752.58000000", "time": "2025-07-15T23:20:02.387655Z", "fetched_at": "2025-07-15T23:20:19.332169+00:00", "symbol": "BTC-USD"}, {"trade_id": 849992319, "side": "buy", "size": "0.01423140", "price": "117752.58000000", "time": "2025-07-15T23:20:02.377817Z", "fetched_at": "2025-07-15T23:20:19.332169+00:00", "symbol": "BTC-USD"}, {"trade_id": 849992318, "side": "buy", "size": "0.00001792", "price": "117752.75000000", "time": "2025-07-15T23:20:02.377817Z", "fetched_at": "2025-07-15T23:20:19.332169+00:00", "symbol": "BTC-USD"}, {"trade_id": 849992317, "side": "buy", "size": "0.01821129", "price": "117752.58000000", "time": "2025-07-15T23:20:02.292358Z", "fetched_at": "2025-07-15T23:20:19.332169+00:00", "symbol": "BTC-USD"}, {"trade_id": 849992316, "side": "buy", "size": "0.00946124", "price": "117752.58000000", "time": "2025-07-15T23:20:02.290215Z", "fetched_at": "2025-07-15T23:20:19.332169+00:00", "symbol": "BTC-USD"}, {"trade_id": 849992315, "side": "buy", "size": "0.02130625", "price": "117752.58000000", "time": "2025-07-15T23:20:02.279667Z", "fetched_at": "2025-07-15T23:20:19.332169+00:00", "symbol": "BTC-USD"}, {"trade_id": 849992314, "side": "buy", "size": "0.05061500", "price": "117752.58000000", "time": "2025-07-15T23:20:02.271504Z", "fetched_at": "2025-07-15T23:20:19.332169+00:00", "symbol": "BTC-USD"}, {"trade_id": 849992313, "side": "buy", "size": "0.00001760", "price": "117753.20000000", "time": "2025-07-15T23:20:02.271504Z", "fetched_at": "2025-07-15T23:20:19.332169+00:00", "symbol": "BTC-USD"}, {"trade_id": 849992312, "side": "buy", "size": "0.00849194", "price": "117758.75000000", "time": "2025-07-15T23:20:02.263793Z", "fetched_at": "2025-07-15T23:20:19.332169+00:00", "symbol": "BTC-USD"}, {"trade_id": 849992311, "side": "buy", "size": "0.00010686", "price": "117760.49000000", "time": "2025-07-15T23:20:02.263793Z", "fetched_at": "2025-07-15T23:20:19.332169+00:00", "symbol": "BTC-USD"}, {"trade_id": 849992310, "side": "buy", "size": "0.00273900", "price": "117760.49000000", "time": "2025-07-15T23:20:02.262552Z", "fetched_at": "2025-07-15T23:20:19.332169+00:00", "symbol": "BTC-USD"}, {"trade_id": 849992309, "side": "buy", "size": "0.00010100", "price": "117760.51000000", "time": "2025-07-15T23:20:02.262552Z", "fetched_at": "2025-07-15T23:20:19.332169+00:00", "symbol": "BTC-USD"}, {"trade_id": 849992308, "side": "sell", "size": "0.00008254", "price": "117760.54000000", "time": "2025-07-15T23:20:01.961695Z", "fetched_at": "2025-07-15T23:20:19.332169+00:00", "symbol": "BTC-USD"}, {"trade_id": 849992307, "side": "buy", "size": "0.00240847", "price": "117760.47000000", "time": "2025-07-15T23:20:01.657960Z", "fetched_at": "2025-07-15T23:20:19.332169+00:00", "symbol": "BTC-USD"}, {"trade_id": 849992306, "side": "buy", "size": "0.00008390", "price": "117760.48000000", "time": "2025-07-15T23:20:01.657960Z", "fetched_at": "2025-07-15T23:20:19.332169+00:00", "symbol": "BTC-USD"}, {"trade_id": 849992305, "side": "buy", "size": "0.00311920", "price": "117772.26000000", "time": "2025-07-15T23:20:01.617349Z", "fetched_at": "2025-07-15T23:20:19.332169+00:00", "symbol": "BTC-USD"}, {"trade_id": 849992304, "side": "buy", "size": "0.00008389", "price": "117776.85000000", "time": "2025-07-15T23:20:01.617349Z", "fetched_at": "2025-07-15T23:20:19.332169+00:00", "symbol": "BTC-USD"}, {"trade_id": 849992303, "side": "sell", "size": "0.00101773", "price": "117776.86000000", "time": "2025-07-15T23:20:01.592008Z", "fetched_at": "2025-07-15T23:20:19.332169+00:00", "symbol": "BTC-USD"}, {"trade_id": 849992302, "side": "sell", "size": "0.00099955", "price": "117776.86000000", "time": "2025-07-15T23:20:01.577078Z", "fetched_at": "2025-07-15T23:20:19.332169+00:00", "symbol": "BTC-USD"}, {"trade_id": 849992301, "side": "sell", "size": "0.00116314", "price": "117776.86000000", "time": "2025-07-15T23:20:01.576257Z", "fetched_at": "2025-07-15T23:20:19.332169+00:00", "symbol": "BTC-USD"}, {"trade_id": 849992300, "side": "sell", "size": "0.00113641", "price": "117776.86000000", "time": "2025-07-15T23:20:01.576216Z", "fetched_at": "2025-07-15T23:20:19.332169+00:00", "symbol": "BTC-USD"}, {"trade_id": 849992299, "side": "sell", "size": "0.00102046", "price": "117776.86000000", "time": "2025-07-15T23:20:01.576081Z", "fetched_at": "2025-07-15T23:20:19.332169+00:00", "symbol": "BTC-USD"}, {"trade_id": 849992298, "side": "sell", "size": "0.00060792", "price": "117776.86000000", "time": "2025-07-15T23:20:01.576026Z", "fetched_at": "2025-07-15T23:20:19.332169+00:00", "symbol": "BTC-USD"}, {"trade_id": 849992297, "side": "sell", "size": "0.00044823", "price": "117774.36000000", "time": "2025-07-15T23:20:01.576026Z", "fetched_at": "2025-07-15T23:20:19.332169+00:00", "symbol": "BTC-USD"}, {"trade_id": 849992296, "side": "sell", "size": "0.00105870", "price": "117774.36000000", "time": "2025-07-15T23:20:01.575976Z", "fetched_at": "2025-07-15T23:20:19.332169+00:00", "symbol": "BTC-USD"}, {"trade_id": 849992295, "side": "sell", "size": "0.00112856", "price": "117774.36000000", "time": "2025-07-15T23:20:01.575859Z", "fetched_at": "2025-07-15T23:20:19.332169+00:00", "symbol": "BTC-USD"}, {"trade_id": 849992294, "side": "buy", "size": "0.01459365", "price": "117767.90000000", "time": "2025-07-15T23:20:01.574060Z", "fetched_at": "2025-07-15T23:20:19.332169+00:00", "symbol": "BTC-USD"}, {"trade_id": 849992293, "side": "buy", "size": "0.01591628", "price": "117767.90000000", "time": "2025-07-15T23:20:01.573421Z", "fetched_at": "2025-07-15T23:20:19.332169+00:00", "symbol": "BTC-USD"}, {"trade_id": 849992292, "side": "sell", "size": "0.00012557", "price": "117774.36000000", "time": "2025-07-15T23:20:01.570592Z", "fetched_at": "2025-07-15T23:20:19.332169+00:00", "symbol": "BTC-USD"}, {"trade_id": 849992291, "side": "sell", "size": "0.00067261", "price": "117771.92000000", "time": "2025-07-15T23:20:01.570592Z", "fetched_at": "2025-07-15T23:20:19.332169+00:00", "symbol": "BTC-USD"}, {"trade_id": 849992290, "side": "sell", "size": "0.00021308", "price": "117771.80000000", "time": "2025-07-15T23:20:01.570592Z", "fetched_at": "2025-07-15T23:20:19.332169+00:00", "symbol": "BTC-USD"}, {"trade_id": 849992289, "side": "sell", "size": "0.00068373", "price": "117771.80000000", "time": "2025-07-15T23:20:01.570441Z", "fetched_at": "2025-07-15T23:20:19.332169+00:00", "symbol": "BTC-USD"}, {"trade_id": 849992288, "side": "sell", "size": "0.00050445", "price": "117770.94000000", "time": "2025-07-15T23:20:01.570441Z", "fetched_at": "2025-07-15T23:20:19.332169+00:00", "symbol": "BTC-USD"}, {"trade_id": 849992287, "side": "buy", "size": "0.00554175", "price": "117760.47000000", "time": "2025-07-15T23:20:01.570419Z", "fetched_at": "2025-07-15T23:20:19.332169+00:00", "symbol": "BTC-USD"}, {"trade_id": 849992286, "side": "buy", "size": "0.00169237", "price": "117763.64000000", "time": "2025-07-15T23:20:01.570419Z", "fetched_at": "2025-07-15T23:20:19.332169+00:00", "symbol": "BTC-USD"}, {"trade_id": 849992285, "side": "buy", "size": "0.08114490", "price": "117767.90000000", "time": "2025-07-15T23:20:01.554741Z", "fetched_at": "2025-07-15T23:20:19.332169+00:00", "symbol": "BTC-USD"}, {"trade_id": 849992284, "side": "sell", "size": "0.08114000", "price": "117774.37000000", "time": "2025-07-15T23:20:01.547405Z", "fetched_at": "2025-07-15T23:20:19.332169+00:00", "symbol": "BTC-USD"}, {"trade_id": 849992283, "side": "buy", "size": "0.01696663", "price": "117772.24000000", "time": "2025-07-15T23:20:01.546115Z", "fetched_at": "2025-07-15T23:20:19.332169+00:00", "symbol": "BTC-USD"}, {"trade_id": 849992282, "side": "buy", "size": "0.00284480", "price": "117772.25000000", "time": "2025-07-15T23:20:01.546115Z", "fetched_at": "2025-07-15T23:20:19.332169+00:00", "symbol": "BTC-USD"}, {"trade_id": 849992281, "side": "sell", "size": "0.00042000", "price": "117774.37000000", "time": "2025-07-15T23:20:01.529097Z", "fetched_at": "2025-07-15T23:20:19.332169+00:00", "symbol": "BTC-USD"}, {"trade_id": 849992280, "side": "buy", "size": "0.04504988", "price": "117770.56000000", "time": "2025-07-15T23:20:01.446992Z", "fetched_at": "2025-07-15T23:20:19.332169+00:00", "symbol": "BTC-USD"}, {"trade_id": 849992279, "side": "buy", "size": "0.09131864", "price": "117770.56000000", "time": "2025-07-15T23:20:01.446856Z", "fetched_at": "2025-07-15T23:20:19.332169+00:00", "symbol": "BTC-USD"}, {"trade_id": 849992278, "side": "buy", "size": "0.07666088", "price": "117770.56000000", "time": "2025-07-15T23:20:01.446732Z", "fetched_at": "2025-07-15T23:20:19.332169+00:00", "symbol": "BTC-USD"}, {"trade_id": 849992277, "side": "buy", "size": "0.01841990", "price": "117770.56000000", "time": "2025-07-15T23:20:01.446657Z", "fetched_at": "2025-07-15T23:20:19.332169+00:00", "symbol": "BTC-USD"}, {"trade_id": 849992276, "side": "buy", "size": "0.00849074", "price": "117775.31000000", "time": "2025-07-15T23:20:01.446657Z", "fetched_at": "2025-07-15T23:20:19.332169+00:00", "symbol": "BTC-USD"}, {"trade_id": 849992275, "side": "buy", "size": "0.06889618", "price": "117770.56000000", "time": "2025-07-15T23:20:01.446407Z", "fetched_at": "2025-07-15T23:20:19.332169+00:00", "symbol": "BTC-USD"}, {"trade_id": 849992274, "side": "buy", "size": "0.07280138", "price": "117770.56000000", "time": "2025-07-15T23:20:01.446121Z", "fetched_at": "2025-07-15T23:20:19.332169+00:00", "symbol": "BTC-USD"}, {"trade_id": 849992273, "side": "buy", "size": "0.01274323", "price": "117770.56000000", "time": "2025-07-15T23:20:01.446095Z", "fetched_at": "2025-07-15T23:20:19.332169+00:00", "symbol": "BTC-USD"}, {"trade_id": 849992272, "side": "buy", "size": "0.07280138", "price": "117770.56000000", "time": "2025-07-15T23:20:01.446075Z", "fetched_at": "2025-07-15T23:20:19.332169+00:00", "symbol": "BTC-USD"}, {"trade_id": 849992271, "side": "buy", "size": "0.02806233", "price": "117770.56000000", "time": "2025-07-15T23:20:01.445883Z", "fetched_at": "2025-07-15T23:20:19.332169+00:00", "symbol": "BTC-USD"}, {"trade_id": 849992270, "side": "buy", "size": "0.05710644", "price": "117770.56000000", "time": "2025-07-15T23:20:01.445859Z", "fetched_at": "2025-07-15T23:20:19.332169+00:00", "symbol": "BTC-USD"}, {"trade_id": 849992269, "side": "buy", "size": "0.03095396", "price": "117770.56000000", "time": "2025-07-15T23:20:01.445816Z", "fetched_at": "2025-07-15T23:20:19.332169+00:00", "symbol": "BTC-USD"}, {"trade_id": 849992268, "side": "buy", "size": "0.02146729", "price": "117770.56000000", "time": "2025-07-15T23:20:01.445713Z", "fetched_at": "2025-07-15T23:20:19.332169+00:00", "symbol": "BTC-USD"}, {"trade_id": 849992267, "side": "buy", "size": "0.14518225", "price": "117770.56000000", "time": "2025-07-15T23:20:01.445485Z", "fetched_at": "2025-07-15T23:20:19.332169+00:00", "symbol": "BTC-USD"}, {"trade_id": 849992266, "side": "buy", "size": "0.34944885", "price": "117770.56000000", "time": "2025-07-15T23:20:01.445353Z", "fetched_at": "2025-07-15T23:20:19.332169+00:00", "symbol": "BTC-USD"}, {"trade_id": 849992265, "side": "buy", "size": "0.05060895", "price": "117782.81000000", "time": "2025-07-15T23:20:01.445353Z", "fetched_at": "2025-07-15T23:20:19.332169+00:00", "symbol": "BTC-USD"}, {"trade_id": 849992264, "side": "buy", "size": "0.06585939", "price": "117782.84000000", "time": "2025-07-15T23:20:01.445353Z", "fetched_at": "2025-07-15T23:20:19.332169+00:00", "symbol": "BTC-USD"}, {"trade_id": 849992263, "side": "buy", "size": "0.06602470", "price": "117782.84000000", "time": "2025-07-15T23:20:01.444878Z", "fetched_at": "2025-07-15T23:20:19.332169+00:00", "symbol": "BTC-USD"}, {"trade_id": 849992262, "side": "buy", "size": "0.00037530", "price": "117787.10000000", "time": "2025-07-15T23:20:01.444878Z", "fetched_at": "2025-07-15T23:20:19.332169+00:00", "symbol": "BTC-USD"}, {"trade_id": 849992261, "side": "buy", "size": "0.00080000", "price": "117787.10000000", "time": "2025-07-15T23:20:01.443920Z", "fetched_at": "2025-07-15T23:20:19.332169+00:00", "symbol": "BTC-USD"}, {"trade_id": 849992260, "side": "buy", "size": "0.00087000", "price": "117787.10000000", "time": "2025-07-15T23:20:01.441616Z", "fetched_at": "2025-07-15T23:20:19.332169+00:00", "symbol": "BTC-USD"}, {"trade_id": 849992259, "side": "buy", "size": "0.08110000", "price": "117787.10000000", "time": "2025-07-15T23:20:01.441559Z", "fetched_at": "2025-07-15T23:20:19.332169+00:00", "symbol": "BTC-USD"}, {"trade_id": 849992258, "side": "buy", "size": "0.01648845", "price": "117773.33000000", "time": "2025-07-15T23:20:01.440912Z", "fetched_at": "2025-07-15T23:20:19.332169+00:00", "symbol": "BTC-USD"}, {"trade_id": 849992257, "side": "buy", "size": "0.00500000", "price": "117775.10000000", "time": "2025-07-15T23:20:01.440912Z", "fetched_at": "2025-07-15T23:20:19.332169+00:00", "symbol": "BTC-USD"}, {"trade_id": 849992256, "side": "buy", "size": "0.01676116", "price": "117776.40000000", "time": "2025-07-15T23:20:01.440783Z", "fetched_at": "2025-07-15T23:20:19.332169+00:00", "symbol": "BTC-USD"}, {"trade_id": 849992255, "side": "buy", "size": "0.02288617", "price": "117776.79000000", "time": "2025-07-15T23:20:01.440783Z", "fetched_at": "2025-07-15T23:20:19.332169+00:00", "symbol": "BTC-USD"}, {"trade_id": 849992254, "side": "buy", "size": "0.08744830", "price": "117776.79000000", "time": "2025-07-15T23:20:01.439462Z", "fetched_at": "2025-07-15T23:20:19.332169+00:00", "symbol": "BTC-USD"}, {"trade_id": 849992253, "side": "buy", "size": "0.07901715", "price": "117777.30000000", "time": "2025-07-15T23:20:01.435312Z", "fetched_at": "2025-07-15T23:20:19.332169+00:00", "symbol": "BTC-USD"}, {"trade_id": 849992252, "side": "buy", "size": "0.02884090", "price": "117782.79000000", "time": "2025-07-15T23:20:01.433780Z", "fetched_at": "2025-07-15T23:20:19.332169+00:00", "symbol": "BTC-USD"}, {"trade_id": 849992251, "side": "buy", "size": "0.04451204", "price": "117786.71000000", "time": "2025-07-15T23:20:01.433780Z", "fetched_at": "2025-07-15T23:20:19.332169+00:00", "symbol": "BTC-USD"}, {"trade_id": 849992250, "side": "buy", "size": "0.00084561", "price": "117784.00000000", "time": "2025-07-15T23:20:01.428903Z", "fetched_at": "2025-07-15T23:20:19.332169+00:00", "symbol": "BTC-USD"}, {"trade_id": 849992249, "side": "buy", "size": "0.00087818", "price": "117786.40000000", "time": "2025-07-15T23:20:01.427518Z", "fetched_at": "2025-07-15T23:20:19.332169+00:00", "symbol": "BTC-USD"}, {"trade_id": 849992248, "side": "buy", "size": "0.05783752", "price": "117786.70000000", "time": "2025-07-15T23:20:01.427518Z", "fetched_at": "2025-07-15T23:20:19.332169+00:00", "symbol": "BTC-USD"}, {"trade_id": 849992247, "side": "buy", "size": "0.02326561", "price": "117786.70000000", "time": "2025-07-15T23:20:01.427338Z", "fetched_at": "2025-07-15T23:20:19.332169+00:00", "symbol": "BTC-USD"}, {"trade_id": 849992246, "side": "buy", "size": "0.00018207", "price": "117787.06000000", "time": "2025-07-15T23:20:01.427338Z", "fetched_at": "2025-07-15T23:20:19.332169+00:00", "symbol": "BTC-USD"}, {"trade_id": 849992245, "side": "buy", "size": "0.00002858", "price": "117787.06000000", "time": "2025-07-15T23:20:01.426809Z", "fetched_at": "2025-07-15T23:20:19.332169+00:00", "symbol": "BTC-USD"}, {"trade_id": 849992244, "side": "buy", "size": "0.02901173", "price": "117788.08000000", "time": "2025-07-15T23:20:01.426809Z", "fetched_at": "2025-07-15T23:20:19.332169+00:00", "symbol": "BTC-USD"}, {"trade_id": 849992243, "side": "buy", "size": "0.00418895", "price": "117788.08000000", "time": "2025-07-15T23:20:01.425628Z", "fetched_at": "2025-07-15T23:20:19.332169+00:00", "symbol": "BTC-USD"}, {"trade_id": 849992242, "side": "buy", "size": "0.04000000", "price": "117788.46000000", "time": "2025-07-15T23:20:01.425628Z", "fetched_at": "2025-07-15T23:20:19.332169+00:00", "symbol": "BTC-USD"}, {"trade_id": 849992241, "side": "buy", "size": "0.03779236", "price": "117788.46000000", "time": "2025-07-15T23:20:01.425628Z", "fetched_at": "2025-07-15T23:20:19.332169+00:00", "symbol": "BTC-USD"}, {"trade_id": 849992240, "side": "buy", "size": "0.01148871", "price": "117788.46000000", "time": "2025-07-15T23:20:01.424489Z", "fetched_at": "2025-07-15T23:20:19.332169+00:00", "symbol": "BTC-USD"}, {"trade_id": 849992239, "side": "buy", "size": "0.03071893", "price": "117788.46000000", "time": "2025-07-15T23:20:01.420589Z", "fetched_at": "2025-07-15T23:20:19.332169+00:00", "symbol": "BTC-USD"}, {"trade_id": 849992238, "side": "buy", "size": "0.02000000", "price": "117789.60000000", "time": "2025-07-15T23:20:01.420589Z", "fetched_at": "2025-07-15T23:20:19.332169+00:00", "symbol": "BTC-USD"}, {"trade_id": 849992237, "side": "buy", "size": "0.01697454", "price": "117789.87000000", "time": "2025-07-15T23:20:01.420589Z", "fetched_at": "2025-07-15T23:20:19.332169+00:00", "symbol": "BTC-USD"}, {"trade_id": 849992236, "side": "buy", "size": "0.08490029", "price": "117790.66000000", "time": "2025-07-15T23:20:01.420589Z", "fetched_at": "2025-07-15T23:20:19.332169+00:00", "symbol": "BTC-USD"}, {"trade_id": 849992235, "side": "buy", "size": "0.01103658", "price": "117790.70000000", "time": "2025-07-15T23:20:01.420589Z", "fetched_at": "2025-07-15T23:20:19.332169+00:00", "symbol": "BTC-USD"}, {"trade_id": 849992234, "side": "buy", "size": "0.05000000", "price": "117791.49000000", "time": "2025-07-15T23:20:01.420461Z", "fetched_at": "2025-07-15T23:20:19.332169+00:00", "symbol": "BTC-USD"}, {"trade_id": 849992233, "side": "buy", "size": "0.03630725", "price": "117791.50000000", "time": "2025-07-15T23:20:01.420461Z", "fetched_at": "2025-07-15T23:20:19.332169+00:00", "symbol": "BTC-USD"}, {"trade_id": 849992232, "side": "buy", "size": "0.08049207", "price": "117791.50000000", "time": "2025-07-15T23:20:01.420191Z", "fetched_at": "2025-07-15T23:20:19.332169+00:00", "symbol": "BTC-USD"}, {"trade_id": 849992231, "side": "buy", "size": "0.03071162", "price": "117792.99000000", "time": "2025-07-15T23:20:01.420191Z", "fetched_at": "2025-07-15T23:20:19.332169+00:00", "symbol": "BTC-USD"}, {"trade_id": 849992230, "side": "buy", "size": "0.00848934", "price": "117794.76000000", "time": "2025-07-15T23:20:01.420115Z", "fetched_at": "2025-07-15T23:20:19.332169+00:00", "symbol": "BTC-USD"}, {"trade_id": 849992229, "side": "buy", "size": "0.03086227", "price": "117794.77000000", "time": "2025-07-15T23:20:01.420115Z", "fetched_at": "2025-07-15T23:20:19.332169+00:00", "symbol": "BTC-USD"}, {"trade_id": 849992228, "side": "buy", "size": "0.01616635", "price": "117798.97000000", "time": "2025-07-15T23:20:01.420115Z", "fetched_at": "2025-07-15T23:20:19.332169+00:00", "symbol": "BTC-USD"}, {"trade_id": 849992227, "side": "buy", "size": "0.00000713", "price": "117798.97000000", "time": "2025-07-15T23:20:01.420115Z", "fetched_at": "2025-07-15T23:20:19.332169+00:00", "symbol": "BTC-USD"}, {"trade_id": 849992226, "side": "buy", "size": "0.00001842", "price": "117798.97000000", "time": "2025-07-15T23:20:01.420115Z", "fetched_at": "2025-07-15T23:20:19.332169+00:00", "symbol": "BTC-USD"}, {"trade_id": 849992225, "side": "buy", "size": "0.00025840", "price": "117798.97000000", "time": "2025-07-15T23:20:01.420115Z", "fetched_at": "2025-07-15T23:20:19.332169+00:00", "symbol": "BTC-USD"}, {"trade_id": 849992224, "side": "buy", "size": "0.05100000", "price": "117800.19000000", "time": "2025-07-15T23:20:01.420115Z", "fetched_at": "2025-07-15T23:20:19.332169+00:00", "symbol": "BTC-USD"}, {"trade_id": 849992223, "side": "buy", "size": "0.00007231", "price": "117800.20000000", "time": "2025-07-15T23:20:01.420115Z", "fetched_at": "2025-07-15T23:20:19.332169+00:00", "symbol": "BTC-USD"}, {"trade_id": 849992222, "side": "buy", "size": "0.00848863", "price": "117804.64000000", "time": "2025-07-15T23:20:01.419546Z", "fetched_at": "2025-07-15T23:20:19.332169+00:00", "symbol": "BTC-USD"}, {"trade_id": 849992221, "side": "buy", "size": "0.00000900", "price": "117806.42000000", "time": "2025-07-15T23:20:01.419546Z", "fetched_at": "2025-07-15T23:20:19.332169+00:00", "symbol": "BTC-USD"}, {"trade_id": 849992220, "side": "buy", "size": "0.00100100", "price": "117806.42000000", "time": "2025-07-15T23:20:01.419546Z", "fetched_at": "2025-07-15T23:20:19.332169+00:00", "symbol": "BTC-USD"}, {"trade_id": 849992219, "side": "buy", "size": "0.00284466", "price": "117806.43000000", "time": "2025-07-15T23:20:01.419546Z", "fetched_at": "2025-07-15T23:20:19.332169+00:00", "symbol": "BTC-USD"}, {"trade_id": 849992218, "side": "buy", "size": "0.00259840", "price": "117806.43000000", "time": "2025-07-15T23:20:01.419546Z", "fetched_at": "2025-07-15T23:20:19.332169+00:00", "symbol": "BTC-USD"}, {"trade_id": 849992217, "side": "buy", "size": "0.00002374", "price": "117806.43000000", "time": "2025-07-15T23:20:01.419546Z", "fetched_at": "2025-07-15T23:20:19.332169+00:00", "symbol": "BTC-USD"}, {"trade_id": 849992216, "side": "buy", "size": "0.03381965", "price": "117806.43000000", "time": "2025-07-15T23:20:01.419546Z", "fetched_at": "2025-07-15T23:20:19.332169+00:00", "symbol": "BTC-USD"}, {"trade_id": 849992215, "side": "sell", "size": "0.00118235", "price": "117806.44000000", "time": "2025-07-15T23:20:00.683453Z", "fetched_at": "2025-07-15T23:20:19.332169+00:00", "symbol": "BTC-USD"}, {"trade_id": 849992214, "side": "sell", "size": "0.00329470", "price": "117806.44000000", "time": "2025-07-15T23:20:00.532197Z", "fetched_at": "2025-07-15T23:20:19.332169+00:00", "symbol": "BTC-USD"}, {"trade_id": 849992213, "side": "sell", "size": "0.00842642", "price": "117806.44000000", "time": "2025-07-15T23:20:00.357573Z", "fetched_at": "2025-07-15T23:20:19.332169+00:00", "symbol": "BTC-USD"}, {"trade_id": 849992212, "side": "sell", "size": "0.00008508", "price": "117806.44000000", "time": "2025-07-15T23:20:00.357573Z", "fetched_at": "2025-07-15T23:20:19.332169+00:00", "symbol": "BTC-USD"}, {"trade_id": 849992211, "side": "sell", "size": "0.00848850", "price": "117806.44000000", "time": "2025-07-15T23:20:00.357573Z", "fetched_at": "2025-07-15T23:20:19.332169+00:00", "symbol": "BTC-USD"}, {"trade_id": 849992210, "side": "buy", "size": "0.00018035", "price": "117806.43000000", "time": "2025-07-15T23:20:00.342949Z", "fetched_at": "2025-07-15T23:20:19.332169+00:00", "symbol": "BTC-USD"}, {"trade_id": 849992209, "side": "sell", "size": "0.00088833", "price": "117807.50000000", "time": "2025-07-15T23:19:59.808287Z", "fetched_at": "2025-07-15T23:20:19.332169+00:00", "symbol": "BTC-USD"}, {"trade_id": 849992208, "side": "sell", "size": "0.00007797", "price": "117807.49000000", "time": "2025-07-15T23:19:59.808287Z", "fetched_at": "2025-07-15T23:20:19.332169+00:00", "symbol": "BTC-USD"}, {"trade_id": 849992207, "side": "sell", "size": "0.00407282", "price": "117807.51000000", "time": "2025-07-15T23:19:59.269939Z", "fetched_at": "2025-07-15T23:20:19.332169+00:00", "symbol": "BTC-USD"}, {"trade_id": 849992206, "side": "sell", "size": "0.00005291", "price": "117806.42000000", "time": "2025-07-15T23:19:59.269939Z", "fetched_at": "2025-07-15T23:20:19.332169+00:00", "symbol": "BTC-USD"}, {"trade_id": 849992205, "side": "sell", "size": "0.00183771", "price": "117803.21000000", "time": "2025-07-15T23:19:58.343382Z", "fetched_at": "2025-07-15T23:20:19.332169+00:00", "symbol": "BTC-USD"}, {"trade_id": 849992204, "side": "sell", "size": "0.00001000", "price": "117801.03000000", "time": "2025-07-15T23:19:58.023444Z", "fetched_at": "2025-07-15T23:20:19.332169+00:00", "symbol": "BTC-USD"}, {"trade_id": 849992203, "side": "sell", "size": "0.00257946", "price": "117800.00000000", "time": "2025-07-15T23:19:58.023444Z", "fetched_at": "2025-07-15T23:20:19.332169+00:00", "symbol": "BTC-USD"}, {"trade_id": 849992202, "side": "sell", "size": "0.00894870", "price": "117798.98000000", "time": "2025-07-15T23:19:58.023376Z", "fetched_at": "2025-07-15T23:20:19.332169+00:00", "symbol": "BTC-USD"}, {"trade_id": 849992201, "side": "sell", "size": "0.00848929", "price": "117795.42000000", "time": "2025-07-15T23:19:58.007884Z", "fetched_at": "2025-07-15T23:20:19.332169+00:00", "symbol": "BTC-USD"}, {"trade_id": 849992200, "side": "sell", "size": "0.00007182", "price": "117795.41000000", "time": "2025-07-15T23:19:58.007884Z", "fetched_at": "2025-07-15T23:20:19.332169+00:00", "symbol": "BTC-USD"}, {"trade_id": 849992199, "side": "sell", "size": "0.00000799", "price": "117793.77000000", "time": "2025-07-15T23:19:58.007884Z", "fetched_at": "2025-07-15T23:20:19.332169+00:00", "symbol": "BTC-USD"}, {"trade_id": 849992198, "side": "sell", "size": "0.00000195", "price": "117793.77000000", "time": "2025-07-15T23:19:58.007884Z", "fetched_at": "2025-07-15T23:20:19.332169+00:00", "symbol": "BTC-USD"}, {"trade_id": 849992197, "side": "sell", "size": "0.00000586", "price": "117793.77000000", "time": "2025-07-15T23:19:58.007884Z", "fetched_at": "2025-07-15T23:20:19.332169+00:00", "symbol": "BTC-USD"}, {"trade_id": 849992196, "side": "sell", "size": "0.00063300", "price": "117793.74000000", "time": "2025-07-15T23:19:58.007884Z", "fetched_at": "2025-07-15T23:20:19.332169+00:00", "symbol": "BTC-USD"}, {"trade_id": 849992195, "side": "sell", "size": "0.00001000", "price": "117792.20000000", "time": "2025-07-15T23:19:58.007884Z", "fetched_at": "2025-07-15T23:20:19.332169+00:00", "symbol": "BTC-USD"}, {"trade_id": 849992194, "side": "sell", "size": "0.00084048", "price": "117792.19000000", "time": "2025-07-15T23:19:57.606125Z", "fetched_at": "2025-07-15T23:20:19.332169+00:00", "symbol": "BTC-USD"}, {"trade_id": 849992193, "side": "sell", "size": "0.81006303", "price": "117790.10000000", "time": "2025-07-15T23:19:57.465312Z", "fetched_at": "2025-07-15T23:20:19.332169+00:00", "symbol": "BTC-USD"}, {"trade_id": 849992192, "side": "sell", "size": "0.15193387", "price": "117790.10000000", "time": "2025-07-15T23:19:57.436365Z", "fetched_at": "2025-07-15T23:20:19.332169+00:00", "symbol": "BTC-USD"}, {"trade_id": 849992191, "side": "sell", "size": "0.96174514", "price": "117789.60000000", "time": "2025-07-15T23:19:57.436365Z", "fetched_at": "2025-07-15T23:20:19.332169+00:00", "symbol": "BTC-USD"}, {"trade_id": 849992190, "side": "sell", "size": "0.00000429", "price": "117789.60000000", "time": "2025-07-15T23:19:57.423102Z", "fetched_at": "2025-07-15T23:20:19.332169+00:00", "symbol": "BTC-USD"}, {"trade_id": 849992189, "side": "sell", "size": "0.00502873", "price": "117789.58000000", "time": "2025-07-15T23:19:55.890212Z", "fetched_at": "2025-07-15T23:20:19.332169+00:00", "symbol": "BTC-USD"}, {"trade_id": 849992188, "side": "sell", "size": "0.00008665", "price": "117786.15000000", "time": "2025-07-15T23:19:55.890212Z", "fetched_at": "2025-07-15T23:20:19.332169+00:00", "symbol": "BTC-USD"}, {"trade_id": 849992187, "side": "sell", "size": "0.04433345", "price": "117784.31000000", "time": "2025-07-15T23:19:55.156915Z", "fetched_at": "2025-07-15T23:20:19.332169+00:00", "symbol": "BTC-USD"}, {"trade_id": 849992186, "side": "sell", "size": "0.00002858", "price": "117784.31000000", "time": "2025-07-15T23:19:55.002247Z", "fetched_at": "2025-07-15T23:20:19.332169+00:00", "symbol": "BTC-USD"}, {"trade_id": 849992185, "side": "sell", "size": "0.00013793", "price": "117784.31000000", "time": "2025-07-15T23:19:54.875372Z", "fetched_at": "2025-07-15T23:20:19.332169+00:00", "symbol": "BTC-USD"}, {"trade_id": 849992184, "side": "sell", "size": "0.00001252", "price": "117784.31000000", "time": "2025-07-15T23:19:54.875372Z", "fetched_at": "2025-07-15T23:20:19.332169+00:00", "symbol": "BTC-USD"}, {"trade_id": 849992183, "side": "sell", "size": "0.00007245", "price": "117784.31000000", "time": "2025-07-15T23:19:54.856421Z", "fetched_at": "2025-07-15T23:20:19.332169+00:00", "symbol": "BTC-USD"}, {"trade_id": 849992182, "side": "sell", "size": "0.00139851", "price": "117789.55000000", "time": "2025-07-15T23:19:54.336531Z", "fetched_at": "2025-07-15T23:20:19.332169+00:00", "symbol": "BTC-USD"}, {"trade_id": 849992181, "side": "sell", "size": "0.00005367", "price": "117784.29000000", "time": "2025-07-15T23:19:54.147121Z", "fetched_at": "2025-07-15T23:20:19.332169+00:00", "symbol": "BTC-USD"}, {"trade_id": 849992180, "side": "sell", "size": "0.00024752", "price": "117789.60000000", "time": "2025-07-15T23:19:53.462578Z", "fetched_at": "2025-07-15T23:20:19.332169+00:00", "symbol": "BTC-USD"}, {"trade_id": 849992179, "side": "sell", "size": "0.00005434", "price": "117789.57000000", "time": "2025-07-15T23:19:53.043191Z", "fetched_at": "2025-07-15T23:20:19.332169+00:00", "symbol": "BTC-USD"}, {"trade_id": 849992178, "side": "sell", "size": "0.00005209", "price": "117784.18000000", "time": "2025-07-15T23:19:53.043191Z", "fetched_at": "2025-07-15T23:20:19.332169+00:00", "symbol": "BTC-USD"}, {"trade_id": 849992177, "side": "sell", "size": "0.00005209", "price": "117784.17000000", "time": "2025-07-15T23:19:52.962518Z", "fetched_at": "2025-07-15T23:20:19.332169+00:00", "symbol": "BTC-USD"}, {"trade_id": 849992176, "side": "sell", "size": "0.00000441", "price": "117789.58000000", "time": "2025-07-15T23:19:52.873094Z", "fetched_at": "2025-07-15T23:20:19.332169+00:00", "symbol": "BTC-USD"}, {"trade_id": 849992175, "side": "buy", "size": "0.00311546", "price": "117784.08000000", "time": "2025-07-15T23:19:52.592210Z", "fetched_at": "2025-07-15T23:20:19.332169+00:00", "symbol": "BTC-USD"}, {"trade_id": 849992174, "side": "buy", "size": "0.00325080", "price": "117784.08000000", "time": "2025-07-15T23:19:52.592210Z", "fetched_at": "2025-07-15T23:20:19.332169+00:00", "symbol": "BTC-USD"}, {"trade_id": 849992173, "side": "buy", "size": "0.00016265", "price": "117784.05000000", "time": "2025-07-15T23:19:51.851022Z", "fetched_at": "2025-07-15T23:20:19.332169+00:00", "symbol": "BTC-USD"}, {"trade_id": 849992172, "side": "sell", "size": "0.00005419", "price": "117784.06000000", "time": "2025-07-15T23:19:51.688968Z", "fetched_at": "2025-07-15T23:20:19.332169+00:00", "symbol": "BTC-USD"}, {"trade_id": 849992171, "side": "sell", "size": "0.00145216", "price": "117789.59000000", "time": "2025-07-15T23:19:51.362896Z", "fetched_at": "2025-07-15T23:20:19.332169+00:00", "symbol": "BTC-USD"}, {"trade_id": 849992170, "side": "sell", "size": "0.00004279", "price": "117784.00000000", "time": "2025-07-15T23:19:51.362896Z", "fetched_at": "2025-07-15T23:20:19.332169+00:00", "symbol": "BTC-USD"}, {"trade_id": 849992169, "side": "sell", "size": "0.00001647", "price": "117784.00000000", "time": "2025-07-15T23:19:50.912438Z", "fetched_at": "2025-07-15T23:20:19.332169+00:00", "symbol": "BTC-USD"}, {"trade_id": 849992168, "side": "sell", "size": "0.00077673", "price": "117790.00000000", "time": "2025-07-15T23:19:50.499756Z", "fetched_at": "2025-07-15T23:20:19.332169+00:00", "symbol": "BTC-USD"}, {"trade_id": 849992167, "side": "sell", "size": "0.00004833", "price": "117784.00000000", "time": "2025-07-15T23:19:50.499756Z", "fetched_at": "2025-07-15T23:20:19.332169+00:00", "symbol": "BTC-USD"}, {"trade_id": 849992166, "side": "buy", "size": "0.01311936", "price": "117783.99000000", "time": "2025-07-15T23:19:50.495820Z", "fetched_at": "2025-07-15T23:20:19.332169+00:00", "symbol": "BTC-USD"}, {"trade_id": 849992165, "side": "buy", "size": "0.00007409", "price": "117783.99000000", "time": "2025-07-15T23:19:50.495820Z", "fetched_at": "2025-07-15T23:20:19.332169+00:00", "symbol": "BTC-USD"}, {"trade_id": 849992164, "side": "sell", "size": "0.00015293", "price": "117790.00000000", "time": "2025-07-15T23:19:49.559323Z", "fetched_at": "2025-07-15T23:20:19.332169+00:00", "symbol": "BTC-USD"}, {"trade_id": 849992163, "side": "sell", "size": "0.00005333", "price": "117789.99000000", "time": "2025-07-15T23:19:49.559323Z", "fetched_at": "2025-07-15T23:20:19.332169+00:00", "symbol": "BTC-USD"}, {"trade_id": 849992162, "side": "sell", "size": "0.00005350", "price": "117783.16000000", "time": "2025-07-15T23:19:49.248471Z", "fetched_at": "2025-07-15T23:20:19.332169+00:00", "symbol": "BTC-USD"}, {"trade_id": 849992161, "side": "sell", "size": "0.00105074", "price": "117789.94000000", "time": "2025-07-15T23:19:48.890789Z", "fetched_at": "2025-07-15T23:20:19.332169+00:00", "symbol": "BTC-USD"}, {"trade_id": 849992160, "side": "sell", "size": "0.00309624", "price": "117789.96000000", "time": "2025-07-15T23:19:48.558211Z", "fetched_at": "2025-07-15T23:20:19.332169+00:00", "symbol": "BTC-USD"}, {"trade_id": 849992159, "side": "sell", "size": "0.00004734", "price": "117789.95000000", "time": "2025-07-15T23:19:48.558211Z", "fetched_at": "2025-07-15T23:20:19.332169+00:00", "symbol": "BTC-USD"}, {"trade_id": 849992158, "side": "sell", "size": "0.00083401", "price": "117789.96000000", "time": "2025-07-15T23:19:48.481605Z", "fetched_at": "2025-07-15T23:20:19.332169+00:00", "symbol": "BTC-USD"}, {"trade_id": 849992157, "side": "sell", "size": "0.00004863", "price": "117789.95000000", "time": "2025-07-15T23:19:48.481605Z", "fetched_at": "2025-07-15T23:20:19.332169+00:00", "symbol": "BTC-USD"}, {"trade_id": 849992156, "side": "sell", "size": "0.00011268", "price": "117789.88000000", "time": "2025-07-15T23:19:47.883048Z", "fetched_at": "2025-07-15T23:20:19.332169+00:00", "symbol": "BTC-USD"}, {"trade_id": 849992155, "side": "sell", "size": "0.00005542", "price": "117789.87000000", "time": "2025-07-15T23:19:47.883048Z", "fetched_at": "2025-07-15T23:20:19.332169+00:00", "symbol": "BTC-USD"}, {"trade_id": 849992154, "side": "sell", "size": "0.00082515", "price": "117789.90000000", "time": "2025-07-15T23:19:47.735671Z", "fetched_at": "2025-07-15T23:20:19.332169+00:00", "symbol": "BTC-USD"}, {"trade_id": 849992153, "side": "sell", "size": "0.00002858", "price": "117789.91000000", "time": "2025-07-15T23:19:47.690210Z", "fetched_at": "2025-07-15T23:20:19.332169+00:00", "symbol": "BTC-USD"}, {"trade_id": 849992152, "side": "sell", "size": "0.00005321", "price": "117789.99000000", "time": "2025-07-15T23:19:47.541551Z", "fetched_at": "2025-07-15T23:20:19.332169+00:00", "symbol": "BTC-USD"}, {"trade_id": 849992151, "side": "sell", "size": "0.01004714", "price": "117788.76000000", "time": "2025-07-15T23:19:47.317670Z", "fetched_at": "2025-07-15T23:20:19.332169+00:00", "symbol": "BTC-USD"}, {"trade_id": 849992150, "side": "sell", "size": "0.01933484", "price": "117788.77000000", "time": "2025-07-15T23:19:47.282982Z", "fetched_at": "2025-07-15T23:20:19.332169+00:00", "symbol": "BTC-USD"}, {"trade_id": 849992149, "side": "sell", "size": "0.00005600", "price": "117788.76000000", "time": "2025-07-15T23:19:47.282982Z", "fetched_at": "2025-07-15T23:20:19.332169+00:00", "symbol": "BTC-USD"}, {"trade_id": 849992148, "side": "sell", "size": "0.00002616", "price": "117786.48000000", "time": "2025-07-15T23:19:47.261107Z", "fetched_at": "2025-07-15T23:20:19.332169+00:00", "symbol": "BTC-USD"}, {"trade_id": 849992147, "side": "sell", "size": "0.00000840", "price": "117788.25000000", "time": "2025-07-15T23:19:47.041913Z", "fetched_at": "2025-07-15T23:20:19.332169+00:00", "symbol": "BTC-USD"}, {"trade_id": 849992146, "side": "sell", "size": "0.04950000", "price": "117782.80000000", "time": "2025-07-15T23:19:46.398446Z", "fetched_at": "2025-07-15T23:20:19.332169+00:00", "symbol": "BTC-USD"}, {"trade_id": 849992145, "side": "sell", "size": "0.00825146", "price": "117782.80000000", "time": "2025-07-15T23:19:44.729084Z", "fetched_at": "2025-07-15T23:20:19.332169+00:00", "symbol": "BTC-USD"}, {"trade_id": 849992144, "side": "buy", "size": "0.00072174", "price": "117782.79000000", "time": "2025-07-15T23:19:44.115295Z", "fetched_at": "2025-07-15T23:20:19.332169+00:00", "symbol": "BTC-USD"}, {"trade_id": 849992143, "side": "buy", "size": "0.02143736", "price": "117782.79000000", "time": "2025-07-15T23:19:43.695042Z", "fetched_at": "2025-07-15T23:20:19.332169+00:00", "symbol": "BTC-USD"}, {"trade_id": 849992142, "side": "sell", "size": "0.00020619", "price": "117782.80000000", "time": "2025-07-15T23:19:43.093118Z", "fetched_at": "2025-07-15T23:20:19.332169+00:00", "symbol": "BTC-USD"}, {"trade_id": 849992141, "side": "sell", "size": "0.00021017", "price": "117782.80000000", "time": "2025-07-15T23:19:42.584524Z", "fetched_at": "2025-07-15T23:20:19.332169+00:00", "symbol": "BTC-USD"}, {"trade_id": 849992140, "side": "sell", "size": "0.00842694", "price": "117782.85000000", "time": "2025-07-15T23:19:41.805908Z", "fetched_at": "2025-07-15T23:20:19.332169+00:00", "symbol": "BTC-USD"}, {"trade_id": 849992139, "side": "sell", "size": "0.00005295", "price": "117774.93000000", "time": "2025-07-15T23:19:41.059159Z", "fetched_at": "2025-07-15T23:20:19.332169+00:00", "symbol": "BTC-USD"}, {"trade_id": 849992138, "side": "buy", "size": "0.00131578", "price": "117775.35000000", "time": "2025-07-15T23:19:40.903523Z", "fetched_at": "2025-07-15T23:20:19.332169+00:00", "symbol": "BTC-USD"}, {"trade_id": 849992137, "side": "buy", "size": "0.03074463", "price": "117776.97000000", "time": "2025-07-15T23:19:40.903523Z", "fetched_at": "2025-07-15T23:20:19.332169+00:00", "symbol": "BTC-USD"}, {"trade_id": 849992136, "side": "buy", "size": "0.00424476", "price": "117777.21000000", "time": "2025-07-15T23:19:40.903523Z", "fetched_at": "2025-07-15T23:20:19.332169+00:00", "symbol": "BTC-USD"}, {"trade_id": 849992135, "side": "buy", "size": "0.00849052", "price": "117778.38000000", "time": "2025-07-15T23:19:40.903523Z", "fetched_at": "2025-07-15T23:20:19.332169+00:00", "symbol": "BTC-USD"}, {"trade_id": 849992134, "side": "buy", "size": "0.00009337", "price": "117778.39000000", "time": "2025-07-15T23:19:40.903523Z", "fetched_at": "2025-07-15T23:20:19.332169+00:00", "symbol": "BTC-USD"}, {"trade_id": 849992133, "side": "buy", "size": "0.00848999", "price": "117785.70000000", "time": "2025-07-15T23:19:40.903523Z", "fetched_at": "2025-07-15T23:20:19.332169+00:00", "symbol": "BTC-USD"}, {"trade_id": 849992132, "side": "buy", "size": "0.00000900", "price": "117787.03000000", "time": "2025-07-15T23:19:40.903523Z", "fetched_at": "2025-07-15T23:20:19.332169+00:00", "symbol": "BTC-USD"}, {"trade_id": 849992131, "side": "buy", "size": "0.04800000", "price": "117787.05000000", "time": "2025-07-15T23:19:40.903523Z", "fetched_at": "2025-07-15T23:20:19.332169+00:00", "symbol": "BTC-USD"}, {"trade_id": 849992130, "side": "buy", "size": "0.00002375", "price": "117787.05000000", "time": "2025-07-15T23:19:40.903523Z", "fetched_at": "2025-07-15T23:20:19.332169+00:00", "symbol": "BTC-USD"}, {"trade_id": 849992129, "side": "buy", "size": "0.00241058", "price": "117787.05000000", "time": "2025-07-15T23:19:40.903523Z", "fetched_at": "2025-07-15T23:20:19.332169+00:00", "symbol": "BTC-USD"}, {"trade_id": 849992128, "side": "buy", "size": "0.00064846", "price": "117787.05000000", "time": "2025-07-15T23:19:40.903523Z", "fetched_at": "2025-07-15T23:20:19.332169+00:00", "symbol": "BTC-USD"}, {"trade_id": 849992127, "side": "sell", "size": "0.00410535", "price": "117787.06000000", "time": "2025-07-15T23:19:40.823942Z", "fetched_at": "2025-07-15T23:20:19.332169+00:00", "symbol": "BTC-USD"}, {"trade_id": 849992126, "side": "sell", "size": "0.00002028", "price": "117787.06000000", "time": "2025-07-15T23:19:40.823942Z", "fetched_at": "2025-07-15T23:20:19.332169+00:00", "symbol": "BTC-USD"}, {"trade_id": 849992125, "side": "buy", "size": "0.00024254", "price": "117787.05000000", "time": "2025-07-15T23:19:40.737912Z", "fetched_at": "2025-07-15T23:20:19.332169+00:00", "symbol": "BTC-USD"}, {"trade_id": 849992124, "side": "sell", "size": "0.00084059", "price": "117787.06000000", "time": "2025-07-15T23:19:40.401292Z", "fetched_at": "2025-07-15T23:20:19.332169+00:00", "symbol": "BTC-USD"}, {"trade_id": 849992123, "side": "sell", "size": "0.00416735", "price": "117788.19000000", "time": "2025-07-15T23:19:40.091984Z", "fetched_at": "2025-07-15T23:20:19.332169+00:00", "symbol": "BTC-USD"}, {"trade_id": 849992122, "side": "sell", "size": "0.00004597", "price": "117787.06000000", "time": "2025-07-15T23:19:40.091984Z", "fetched_at": "2025-07-15T23:20:19.332169+00:00", "symbol": "BTC-USD"}, {"trade_id": 849992121, "side": "sell", "size": "0.00013896", "price": "117787.06000000", "time": "2025-07-15T23:19:40.032985Z", "fetched_at": "2025-07-15T23:20:19.332169+00:00", "symbol": "BTC-USD"}, {"trade_id": 849992120, "side": "sell", "size": "0.00032212", "price": "117787.06000000", "time": "2025-07-15T23:19:39.487287Z", "fetched_at": "2025-07-15T23:20:19.332169+00:00", "symbol": "BTC-USD"}, {"trade_id": 849992119, "side": "buy", "size": "0.00000664", "price": "117786.76000000", "time": "2025-07-15T23:19:38.800993Z", "fetched_at": "2025-07-15T23:20:19.332169+00:00", "symbol": "BTC-USD"}, {"trade_id": 849992118, "side": "buy", "size": "0.00009336", "price": "117786.76000000", "time": "2025-07-15T23:19:38.800993Z", "fetched_at": "2025-07-15T23:20:19.332169+00:00", "symbol": "BTC-USD"}, {"trade_id": 849992117, "side": "sell", "size": "0.00001138", "price": "117786.77000000", "time": "2025-07-15T23:19:38.793280Z", "fetched_at": "2025-07-15T23:20:19.332169+00:00", "symbol": "BTC-USD"}, {"trade_id": 849992116, "side": "sell", "size": "0.00001858", "price": "117783.37000000", "time": "2025-07-15T23:19:38.205015Z", "fetched_at": "2025-07-15T23:20:19.332169+00:00", "symbol": "BTC-USD"}, {"trade_id": 849992115, "side": "sell", "size": "0.00001000", "price": "117783.37000000", "time": "2025-07-15T23:19:38.205015Z", "fetched_at": "2025-07-15T23:20:19.332169+00:00", "symbol": "BTC-USD"}, {"trade_id": 849992114, "side": "buy", "size": "0.00085747", "price": "117783.36000000", "time": "2025-07-15T23:19:38.120509Z", "fetched_at": "2025-07-15T23:20:19.332169+00:00", "symbol": "BTC-USD"}, {"trade_id": 849992113, "side": "sell", "size": "0.03316550", "price": "117774.30000000", "time": "2025-07-15T23:19:37.972675Z", "fetched_at": "2025-07-15T23:20:19.332169+00:00", "symbol": "BTC-USD"}, {"trade_id": 849992112, "side": "sell", "size": "0.03981829", "price": "117774.30000000", "time": "2025-07-15T23:19:37.972675Z", "fetched_at": "2025-07-15T23:20:19.332169+00:00", "symbol": "BTC-USD"}, {"trade_id": 849992111, "side": "sell", "size": "0.01083450", "price": "117774.30000000", "time": "2025-07-15T23:19:37.964052Z", "fetched_at": "2025-07-15T23:20:19.332169+00:00", "symbol": "BTC-USD"}, {"trade_id": 849992110, "side": "sell", "size": "0.02687169", "price": "117774.30000000", "time": "2025-07-15T23:19:37.957233Z", "fetched_at": "2025-07-15T23:20:19.332169+00:00", "symbol": "BTC-USD"}, {"trade_id": 849992109, "side": "sell", "size": "0.17247552", "price": "117774.30000000", "time": "2025-07-15T23:19:37.951048Z", "fetched_at": "2025-07-15T23:20:19.332169+00:00", "symbol": "BTC-USD"}, {"trade_id": 849992108, "side": "sell", "size": "0.04400000", "price": "117771.18000000", "time": "2025-07-15T23:19:37.656374Z", "fetched_at": "2025-07-15T23:20:19.332169+00:00", "symbol": "BTC-USD"}, {"trade_id": 849992107, "side": "sell", "size": "0.04400000", "price": "117771.17000000", "time": "2025-07-15T23:19:37.656374Z", "fetched_at": "2025-07-15T23:20:19.332169+00:00", "symbol": "BTC-USD"}, {"trade_id": 849992106, "side": "buy", "size": "0.05160689", "price": "117771.16000000", "time": "2025-07-15T23:19:37.554146Z", "fetched_at": "2025-07-15T23:20:19.332169+00:00", "symbol": "BTC-USD"}, {"trade_id": 849992105, "side": "buy", "size": "0.00057966", "price": "117771.16000000", "time": "2025-07-15T23:19:37.203075Z", "fetched_at": "2025-07-15T23:20:19.332169+00:00", "symbol": "BTC-USD"}, {"trade_id": 849992104, "side": "buy", "size": "0.00001355", "price": "117768.89000000", "time": "2025-07-15T23:19:36.693047Z", "fetched_at": "2025-07-15T23:20:19.332169+00:00", "symbol": "BTC-USD"}, {"trade_id": 849992103, "side": "buy", "size": "0.00732333", "price": "117768.89000000", "time": "2025-07-15T23:19:36.658909Z", "fetched_at": "2025-07-15T23:20:19.332169+00:00", "symbol": "BTC-USD"}, {"trade_id": 849992102, "side": "buy", "size": "0.01134804", "price": "117770.56000000", "time": "2025-07-15T23:19:36.658909Z", "fetched_at": "2025-07-15T23:20:19.332169+00:00", "symbol": "BTC-USD"}, {"trade_id": 849992101, "side": "buy", "size": "0.00000900", "price": "117771.13000000", "time": "2025-07-15T23:19:36.658909Z", "fetched_at": "2025-07-15T23:20:19.332169+00:00", "symbol": "BTC-USD"}, {"trade_id": 849992100, "side": "buy", "size": "0.03865196", "price": "117770.56000000", "time": "2025-07-15T23:19:36.595092Z", "fetched_at": "2025-07-15T23:20:19.332169+00:00", "symbol": "BTC-USD"}, {"trade_id": 849992099, "side": "buy", "size": "0.00009338", "price": "117770.57000000", "time": "2025-07-15T23:19:36.595092Z", "fetched_at": "2025-07-15T23:20:19.332169+00:00", "symbol": "BTC-USD"}, {"trade_id": 849992098, "side": "buy", "size": "0.00370200", "price": "117771.15000000", "time": "2025-07-15T23:19:36.595092Z", "fetched_at": "2025-07-15T23:20:19.332169+00:00", "symbol": "BTC-USD"}, {"trade_id": 849992097, "side": "sell", "size": "0.00104705", "price": "117771.18000000", "time": "2025-07-15T23:19:36.072763Z", "fetched_at": "2025-07-15T23:20:19.332169+00:00", "symbol": "BTC-USD"}, {"trade_id": 849992096, "side": "buy", "size": "0.00077181", "price": "117771.17000000", "time": "2025-07-15T23:19:35.846129Z", "fetched_at": "2025-07-15T23:20:19.332169+00:00", "symbol": "BTC-USD"}, {"trade_id": 849992095, "side": "buy", "size": "0.00012727", "price": "117771.17000000", "time": "2025-07-15T23:19:35.745034Z", "fetched_at": "2025-07-15T23:20:19.332169+00:00", "symbol": "BTC-USD"}, {"trade_id": 849992094, "side": "sell", "size": "0.00011769", "price": "117773.82000000", "time": "2025-07-15T23:19:34.873811Z", "fetched_at": "2025-07-15T23:20:19.332169+00:00", "symbol": "BTC-USD"}, {"trade_id": 849992093, "side": "sell", "size": "0.00008365", "price": "117773.81000000", "time": "2025-07-15T23:19:34.873811Z", "fetched_at": "2025-07-15T23:20:19.332169+00:00", "symbol": "BTC-USD"}, {"trade_id": 849992092, "side": "sell", "size": "0.00001000", "price": "117773.99000000", "time": "2025-07-15T23:19:34.445610Z", "fetched_at": "2025-07-15T23:20:19.332169+00:00", "symbol": "BTC-USD"}, {"trade_id": 849992091, "side": "buy", "size": "0.00190279", "price": "117770.82000000", "time": "2025-07-15T23:19:34.368205Z", "fetched_at": "2025-07-15T23:20:19.332169+00:00", "symbol": "BTC-USD"}, {"trade_id": 849992090, "side": "buy", "size": "0.13230000", "price": "117770.90000000", "time": "2025-07-15T23:19:34.368205Z", "fetched_at": "2025-07-15T23:20:19.332169+00:00", "symbol": "BTC-USD"}, {"trade_id": 849992089, "side": "buy", "size": "0.00007045", "price": "117770.90000000", "time": "2025-07-15T23:19:34.368205Z", "fetched_at": "2025-07-15T23:20:19.332169+00:00", "symbol": "BTC-USD"}, {"trade_id": 849992088, "side": "sell", "size": "0.00001114", "price": "117774.06000000", "time": "2025-07-15T23:19:33.787665Z", "fetched_at": "2025-07-15T23:20:19.332169+00:00", "symbol": "BTC-USD"}, {"trade_id": 849992087, "side": "sell", "size": "0.00004000", "price": "117772.97000000", "time": "2025-07-15T23:19:32.631775Z", "fetched_at": "2025-07-15T23:20:19.332169+00:00", "symbol": "BTC-USD"}, {"trade_id": 849992086, "side": "sell", "size": "0.00003000", "price": "117772.97000000", "time": "2025-07-15T23:19:32.623755Z", "fetched_at": "2025-07-15T23:20:19.332169+00:00", "symbol": "BTC-USD"}, {"trade_id": 849992085, "side": "sell", "size": "0.00014855", "price": "117772.51000000", "time": "2025-07-15T23:19:31.667899Z", "fetched_at": "2025-07-15T23:20:19.332169+00:00", "symbol": "BTC-USD"}, {"trade_id": 849992084, "side": "buy", "size": "0.00026909", "price": "117766.82000000", "time": "2025-07-15T23:19:30.576773Z", "fetched_at": "2025-07-15T23:20:19.332169+00:00", "symbol": "BTC-USD"}, {"trade_id": 849992083, "side": "sell", "size": "0.04126039", "price": "117774.39000000", "time": "2025-07-15T23:19:30.319221Z", "fetched_at": "2025-07-15T23:20:19.332169+00:00", "symbol": "BTC-USD"}, {"trade_id": 849992082, "side": "sell", "size": "0.06900000", "price": "117763.66000000", "time": "2025-07-15T23:19:29.814474Z", "fetched_at": "2025-07-15T23:20:19.332169+00:00", "symbol": "BTC-USD"}, {"trade_id": 849992081, "side": "sell", "size": "0.00849158", "price": "117763.66000000", "time": "2025-07-15T23:19:29.814474Z", "fetched_at": "2025-07-15T23:20:19.332169+00:00", "symbol": "BTC-USD"}, {"trade_id": 849992080, "side": "sell", "size": "0.00186100", "price": "117763.53000000", "time": "2025-07-15T23:19:29.814474Z", "fetched_at": "2025-07-15T23:20:19.332169+00:00", "symbol": "BTC-USD"}, {"trade_id": 849992079, "side": "sell", "size": "0.00127700", "price": "117763.53000000", "time": "2025-07-15T23:19:29.814474Z", "fetched_at": "2025-07-15T23:20:19.332169+00:00", "symbol": "BTC-USD"}, {"trade_id": 849992078, "side": "sell", "size": "0.03964822", "price": "117763.53000000", "time": "2025-07-15T23:19:29.814474Z", "fetched_at": "2025-07-15T23:20:19.332169+00:00", "symbol": "BTC-USD"}, {"trade_id": 849992077, "side": "sell", "size": "0.03414135", "price": "117763.53000000", "time": "2025-07-15T23:19:29.814335Z", "fetched_at": "2025-07-15T23:20:19.332169+00:00", "symbol": "BTC-USD"}, {"trade_id": 849992076, "side": "sell", "size": "0.00854943", "price": "117763.53000000", "time": "2025-07-15T23:19:29.814160Z", "fetched_at": "2025-07-15T23:20:19.332169+00:00", "symbol": "BTC-USD"}, {"trade_id": 849992075, "side": "sell", "size": "0.04639255", "price": "117763.53000000", "time": "2025-07-15T23:19:29.814160Z", "fetched_at": "2025-07-15T23:20:19.332169+00:00", "symbol": "BTC-USD"}, {"trade_id": 849992074, "side": "sell", "size": "0.11812951", "price": "117763.53000000", "time": "2025-07-15T23:19:29.813886Z", "fetched_at": "2025-07-15T23:20:19.332169+00:00", "symbol": "BTC-USD"}, {"trade_id": 849992073, "side": "sell", "size": "0.00008640", "price": "117761.89000000", "time": "2025-07-15T23:19:29.813533Z", "fetched_at": "2025-07-15T23:20:19.332169+00:00", "symbol": "BTC-USD"}, {"trade_id": 849992072, "side": "sell", "size": "0.06900000", "price": "117761.89000000", "time": "2025-07-15T23:19:29.813533Z", "fetched_at": "2025-07-15T23:20:19.332169+00:00", "symbol": "BTC-USD"}, {"trade_id": 849992071, "side": "buy", "size": "0.00492575", "price": "117761.88000000", "time": "2025-07-15T23:19:29.380267Z", "fetched_at": "2025-07-15T23:20:19.332169+00:00", "symbol": "BTC-USD"}, {"trade_id": 849992070, "side": "buy", "size": "0.00001061", "price": "117761.88000000", "time": "2025-07-15T23:19:29.380267Z", "fetched_at": "2025-07-15T23:20:19.332169+00:00", "symbol": "BTC-USD"}, {"trade_id": 849992069, "side": "buy", "size": "0.00000237", "price": "117761.88000000", "time": "2025-07-15T23:19:29.380267Z", "fetched_at": "2025-07-15T23:20:19.332169+00:00", "symbol": "BTC-USD"}, {"trade_id": 849992068, "side": "buy", "size": "0.00014733", "price": "117761.88000000", "time": "2025-07-15T23:19:29.380267Z", "fetched_at": "2025-07-15T23:20:19.332169+00:00", "symbol": "BTC-USD"}, {"trade_id": 849992067, "side": "buy", "size": "0.03100000", "price": "117761.88000000", "time": "2025-07-15T23:19:29.380267Z", "fetched_at": "2025-07-15T23:20:19.332169+00:00", "symbol": "BTC-USD"}, {"trade_id": 849992066, "side": "sell", "size": "0.00412553", "price": "117761.89000000", "time": "2025-07-15T23:19:29.224263Z", "fetched_at": "2025-07-15T23:20:19.332169+00:00", "symbol": "BTC-USD"}, {"trade_id": 849992065, "side": "sell", "size": "0.00020626", "price": "117761.89000000", "time": "2025-07-15T23:19:28.642016Z", "fetched_at": "2025-07-15T23:20:19.332169+00:00", "symbol": "BTC-USD"}, {"trade_id": 849992064, "side": "sell", "size": "0.00000008", "price": "117761.89000000", "time": "2025-07-15T23:19:28.578521Z", "fetched_at": "2025-07-15T23:20:19.332169+00:00", "symbol": "BTC-USD"}, {"trade_id": 849992063, "side": "sell", "size": "0.07300000", "price": "117761.89000000", "time": "2025-07-15T23:19:28.455083Z", "fetched_at": "2025-07-15T23:20:19.332169+00:00", "symbol": "BTC-USD"}, {"trade_id": 849992062, "side": "sell", "size": "0.00007367", "price": "117761.89000000", "time": "2025-07-15T23:19:28.455083Z", "fetched_at": "2025-07-15T23:20:19.332169+00:00", "symbol": "BTC-USD"}, {"trade_id": 849992061, "side": "sell", "size": "0.01654196", "price": "117763.17000000", "time": "2025-07-15T23:19:28.426474Z", "fetched_at": "2025-07-15T23:20:19.332169+00:00", "symbol": "BTC-USD"}, {"trade_id": 849992060, "side": "sell", "size": "0.00007367", "price": "117763.16000000", "time": "2025-07-15T23:19:28.426474Z", "fetched_at": "2025-07-15T23:20:19.332169+00:00", "symbol": "BTC-USD"}, {"trade_id": 849992059, "side": "sell", "size": "0.00001040", "price": "117763.17000000", "time": "2025-07-15T23:19:28.356644Z", "fetched_at": "2025-07-15T23:20:19.332169+00:00", "symbol": "BTC-USD"}, {"trade_id": 849992058, "side": "sell", "size": "0.00007367", "price": "117763.16000000", "time": "2025-07-15T23:19:28.356644Z", "fetched_at": "2025-07-15T23:20:19.332169+00:00", "symbol": "BTC-USD"}, {"trade_id": 849992057, "side": "sell", "size": "0.00183658", "price": "117761.89000000", "time": "2025-07-15T23:19:28.342099Z", "fetched_at": "2025-07-15T23:20:19.332169+00:00", "symbol": "BTC-USD"}, {"trade_id": 849992056, "side": "sell", "size": "0.00017052", "price": "117761.89000000", "time": "2025-07-15T23:19:27.748126Z", "fetched_at": "2025-07-15T23:20:19.332169+00:00", "symbol": "BTC-USD"}, {"trade_id": 849992055, "side": "sell", "size": "0.00838057", "price": "117761.89000000", "time": "2025-07-15T23:19:27.532112Z", "fetched_at": "2025-07-15T23:20:19.332169+00:00", "symbol": "BTC-USD"}, {"trade_id": 849992054, "side": "sell", "size": "0.00002536", "price": "117761.89000000", "time": "2025-07-15T23:19:27.532112Z", "fetched_at": "2025-07-15T23:20:19.332169+00:00", "symbol": "BTC-USD"}, {"trade_id": 849992053, "side": "sell", "size": "0.00000802", "price": "117761.89000000", "time": "2025-07-15T23:19:26.622471Z", "fetched_at": "2025-07-15T23:20:19.332169+00:00", "symbol": "BTC-USD"}, {"trade_id": 849992052, "side": "sell", "size": "0.00000900", "price": "117761.89000000", "time": "2025-07-15T23:19:26.327021Z", "fetched_at": "2025-07-15T23:20:19.332169+00:00", "symbol": "BTC-USD"}, {"trade_id": 849992051, "side": "buy", "size": "0.00323527", "price": "117753.16000000", "time": "2025-07-15T23:19:26.295824Z", "fetched_at": "2025-07-15T23:20:19.332169+00:00", "symbol": "BTC-USD"}, {"trade_id": 849992050, "side": "buy", "size": "0.00007031", "price": "117753.17000000", "time": "2025-07-15T23:19:26.295824Z", "fetched_at": "2025-07-15T23:20:19.332169+00:00", "symbol": "BTC-USD"}, {"trade_id": 849992049, "side": "buy", "size": "0.00424569", "price": "117754.19000000", "time": "2025-07-15T23:19:26.295824Z", "fetched_at": "2025-07-15T23:20:19.332169+00:00", "symbol": "BTC-USD"}, {"trade_id": 849992048, "side": "buy", "size": "0.00499987", "price": "117757.34000000", "time": "2025-07-15T23:19:26.295824Z", "fetched_at": "2025-07-15T23:20:19.332169+00:00", "symbol": "BTC-USD"}, {"trade_id": 849992047, "side": "buy", "size": "0.00849200", "price": "117757.88000000", "time": "2025-07-15T23:19:26.295824Z", "fetched_at": "2025-07-15T23:20:19.332169+00:00", "symbol": "BTC-USD"}, {"trade_id": 849992046, "side": "buy", "size": "0.00849172", "price": "117761.73000000", "time": "2025-07-15T23:19:26.295824Z", "fetched_at": "2025-07-15T23:20:19.332169+00:00", "symbol": "BTC-USD"}, {"trade_id": 849992045, "side": "buy", "size": "0.17500000", "price": "117761.86000000", "time": "2025-07-15T23:19:26.295824Z", "fetched_at": "2025-07-15T23:20:19.332169+00:00", "symbol": "BTC-USD"}, {"trade_id": 849992044, "side": "buy", "size": "0.04900000", "price": "117761.86000000", "time": "2025-07-15T23:19:26.295824Z", "fetched_at": "2025-07-15T23:20:19.332169+00:00", "symbol": "BTC-USD"}, {"trade_id": 849992043, "side": "buy", "size": "0.00000356", "price": "117761.86000000", "time": "2025-07-15T23:19:26.295824Z", "fetched_at": "2025-07-15T23:20:19.332169+00:00", "symbol": "BTC-USD"}, {"trade_id": 849992042, "side": "buy", "size": "0.00001052", "price": "117761.86000000", "time": "2025-07-15T23:19:26.295824Z", "fetched_at": "2025-07-15T23:20:19.332169+00:00", "symbol": "BTC-USD"}, {"trade_id": 849992041, "side": "buy", "size": "0.00014724", "price": "117761.86000000", "time": "2025-07-15T23:19:26.295824Z", "fetched_at": "2025-07-15T23:20:19.332169+00:00", "symbol": "BTC-USD"}, {"trade_id": 849992040, "side": "buy", "size": "0.00657479", "price": "117761.86000000", "time": "2025-07-15T23:19:26.295824Z", "fetched_at": "2025-07-15T23:20:19.332169+00:00", "symbol": "BTC-USD"}, {"trade_id": 849992039, "side": "buy", "size": "0.00506145", "price": "117761.87000000", "time": "2025-07-15T23:19:26.295824Z", "fetched_at": "2025-07-15T23:20:19.332169+00:00", "symbol": "BTC-USD"}, {"trade_id": 849992038, "side": "buy", "size": "0.00123700", "price": "117763.48000000", "time": "2025-07-15T23:19:26.295824Z", "fetched_at": "2025-07-15T23:20:19.332169+00:00", "symbol": "BTC-USD"}, {"trade_id": 849992037, "side": "buy", "size": "0.13230000", "price": "117763.50000000", "time": "2025-07-15T23:19:26.295824Z", "fetched_at": "2025-07-15T23:20:19.332169+00:00", "symbol": "BTC-USD"}, {"trade_id": 849992036, "side": "buy", "size": "0.00522657", "price": "117763.50000000", "time": "2025-07-15T23:19:26.295824Z", "fetched_at": "2025-07-15T23:20:19.332169+00:00", "symbol": "BTC-USD"}, {"trade_id": 849992035, "side": "buy", "size": "0.00391000", "price": "117763.50000000", "time": "2025-07-15T23:19:26.295824Z", "fetched_at": "2025-07-15T23:20:19.332169+00:00", "symbol": "BTC-USD"}, {"trade_id": 849992034, "side": "sell", "size": "0.00001639", "price": "117763.51000000", "time": "2025-07-15T23:19:26.171581Z", "fetched_at": "2025-07-15T23:20:19.332169+00:00", "symbol": "BTC-USD"}, {"trade_id": 849992033, "side": "sell", "size": "0.00004202", "price": "117763.51000000", "time": "2025-07-15T23:19:26.083951Z", "fetched_at": "2025-07-15T23:20:19.332169+00:00", "symbol": "BTC-USD"}, {"trade_id": 849992032, "side": "sell", "size": "0.00500000", "price": "117763.51000000", "time": "2025-07-15T23:19:25.708715Z", "fetched_at": "2025-07-15T23:20:19.332169+00:00", "symbol": "BTC-USD"}, {"trade_id": 849992031, "side": "sell", "size": "0.00004202", "price": "117763.51000000", "time": "2025-07-15T23:19:25.338334Z", "fetched_at": "2025-07-15T23:20:19.332169+00:00", "symbol": "BTC-USD"}, {"trade_id": 849992030, "side": "sell", "size": "0.00012372", "price": "117763.53000000", "time": "2025-07-15T23:19:25.250505Z", "fetched_at": "2025-07-15T23:20:19.332169+00:00", "symbol": "BTC-USD"}, {"trade_id": 849992029, "side": "sell", "size": "0.00031862", "price": "117763.53000000", "time": "2025-07-15T23:19:25.214734Z", "fetched_at": "2025-07-15T23:20:19.332169+00:00", "symbol": "BTC-USD"}, {"trade_id": 849992028, "side": "sell", "size": "0.00038000", "price": "117763.53000000", "time": "2025-07-15T23:19:25.021002Z", "fetched_at": "2025-07-15T23:20:19.332169+00:00", "symbol": "BTC-USD"}, {"trade_id": 849992027, "side": "sell", "size": "0.00042025", "price": "117763.53000000", "time": "2025-07-15T23:19:24.921474Z", "fetched_at": "2025-07-15T23:20:19.332169+00:00", "symbol": "BTC-USD"}, {"trade_id": 849992026, "side": "buy", "size": "0.00183500", "price": "117763.52000000", "time": "2025-07-15T23:19:24.896594Z", "fetched_at": "2025-07-15T23:20:19.332169+00:00", "symbol": "BTC-USD"}, {"trade_id": 849992025, "side": "sell", "size": "0.00061877", "price": "117763.53000000", "time": "2025-07-15T23:19:24.853297Z", "fetched_at": "2025-07-15T23:20:19.332169+00:00", "symbol": "BTC-USD"}, {"trade_id": 849992024, "side": "buy", "size": "0.00021577", "price": "117763.52000000", "time": "2025-07-15T23:19:24.837939Z", "fetched_at": "2025-07-15T23:20:19.332169+00:00", "symbol": "BTC-USD"}, {"trade_id": 849992023, "side": "sell", "size": "0.00041256", "price": "117763.53000000", "time": "2025-07-15T23:19:24.162753Z", "fetched_at": "2025-07-15T23:20:19.332169+00:00", "symbol": "BTC-USD"}, {"trade_id": 849992022, "side": "sell", "size": "0.00003992", "price": "117763.53000000", "time": "2025-07-15T23:19:24.051602Z", "fetched_at": "2025-07-15T23:20:19.332169+00:00", "symbol": "BTC-USD"}, {"trade_id": 849992021, "side": "sell", "size": "0.00082499", "price": "117763.53000000", "time": "2025-07-15T23:19:24.004879Z", "fetched_at": "2025-07-15T23:20:19.332169+00:00", "symbol": "BTC-USD"}, {"trade_id": 849992020, "side": "sell", "size": "0.00040260", "price": "117763.53000000", "time": "2025-07-15T23:19:23.160145Z", "fetched_at": "2025-07-15T23:20:19.332169+00:00", "symbol": "BTC-USD"}, {"trade_id": 849992019, "side": "sell", "size": "0.00020130", "price": "117763.53000000", "time": "2025-07-15T23:19:23.061764Z", "fetched_at": "2025-07-15T23:20:19.332169+00:00", "symbol": "BTC-USD"}, {"trade_id": 849992018, "side": "sell", "size": "0.00008405", "price": "117763.53000000", "time": "2025-07-15T23:19:22.888044Z", "fetched_at": "2025-07-15T23:20:19.332169+00:00", "symbol": "BTC-USD"}, {"trade_id": 849992017, "side": "buy", "size": "0.00004246", "price": "117763.52000000", "time": "2025-07-15T23:19:22.687645Z", "fetched_at": "2025-07-15T23:20:19.332169+00:00", "symbol": "BTC-USD"}, {"trade_id": 849992016, "side": "sell", "size": "0.00412514", "price": "117763.53000000", "time": "2025-07-15T23:19:22.496175Z", "fetched_at": "2025-07-15T23:20:19.332169+00:00", "symbol": "BTC-USD"}, {"trade_id": 849992015, "side": "buy", "size": "0.00081064", "price": "117763.52000000", "time": "2025-07-15T23:19:22.257112Z", "fetched_at": "2025-07-15T23:20:19.332169+00:00", "symbol": "BTC-USD"}, {"trade_id": 849992014, "side": "sell", "size": "0.00020131", "price": "117763.53000000", "time": "2025-07-15T23:19:22.123394Z", "fetched_at": "2025-07-15T23:20:19.332169+00:00", "symbol": "BTC-USD"}, {"trade_id": 849992013, "side": "sell", "size": "0.00082503", "price": "117763.53000000", "time": "2025-07-15T23:19:22.115321Z", "fetched_at": "2025-07-15T23:20:19.332169+00:00", "symbol": "BTC-USD"}, {"trade_id": 849992012, "side": "sell", "size": "0.07649968", "price": "117763.53000000", "time": "2025-07-15T23:19:21.854934Z", "fetched_at": "2025-07-15T23:20:19.332169+00:00", "symbol": "BTC-USD"}, {"trade_id": 849992011, "side": "sell", "size": "0.00007886", "price": "117763.51000000", "time": "2025-07-15T23:19:21.854934Z", "fetched_at": "2025-07-15T23:20:19.332169+00:00", "symbol": "BTC-USD"}, {"trade_id": 849992010, "side": "sell", "size": "0.07000000", "price": "117763.51000000", "time": "2025-07-15T23:19:21.854934Z", "fetched_at": "2025-07-15T23:20:19.332169+00:00", "symbol": "BTC-USD"}, {"trade_id": 849992009, "side": "sell", "size": "0.00022156", "price": "117763.51000000", "time": "2025-07-15T23:19:21.854934Z", "fetched_at": "2025-07-15T23:20:19.332169+00:00", "symbol": "BTC-USD"}, {"trade_id": 849992008, "side": "sell", "size": "0.95219990", "price": "117763.51000000", "time": "2025-07-15T23:19:21.854934Z", "fetched_at": "2025-07-15T23:20:19.332169+00:00", "symbol": "BTC-USD"}, {"trade_id": 849992007, "side": "sell", "size": "0.00000432", "price": "117763.51000000", "time": "2025-07-15T23:19:21.564497Z", "fetched_at": "2025-07-15T23:20:19.332169+00:00", "symbol": "BTC-USD"}, {"trade_id": 849992006, "side": "sell", "size": "0.00013277", "price": "117763.51000000", "time": "2025-07-15T23:19:21.451128Z", "fetched_at": "2025-07-15T23:20:19.332169+00:00", "symbol": "BTC-USD"}, {"trade_id": 849992005, "side": "sell", "size": "0.00084046", "price": "117763.51000000", "time": "2025-07-15T23:19:21.273961Z", "fetched_at": "2025-07-15T23:20:19.332169+00:00", "symbol": "BTC-USD"}, {"trade_id": 849992004, "side": "sell", "size": "0.00008405", "price": "117763.51000000", "time": "2025-07-15T23:19:21.257576Z", "fetched_at": "2025-07-15T23:20:19.332169+00:00", "symbol": "BTC-USD"}, {"trade_id": 849992003, "side": "sell", "size": "0.00061877", "price": "117763.51000000", "time": "2025-07-15T23:19:21.081148Z", "fetched_at": "2025-07-15T23:20:19.332169+00:00", "symbol": "BTC-USD"}, {"trade_id": 849992002, "side": "buy", "size": "0.00212213", "price": "117763.52000000", "time": "2025-07-15T23:19:20.474864Z", "fetched_at": "2025-07-15T23:20:19.332169+00:00", "symbol": "BTC-USD"}, {"trade_id": 849992001, "side": "buy", "size": "0.00057255", "price": "117763.52000000", "time": "2025-07-15T23:19:20.344380Z", "fetched_at": "2025-07-15T23:20:19.332169+00:00", "symbol": "BTC-USD"}, {"trade_id": 849992000, "side": "sell", "size": "0.06004000", "price": "117761.87000000", "time": "2025-07-15T23:19:20.085165Z", "fetched_at": "2025-07-15T23:20:19.332169+00:00", "symbol": "BTC-USD"}, {"trade_id": 849991999, "side": "buy", "size": "0.04500000", "price": "117770.56000000", "time": "2025-07-15T23:19:19.992659Z", "fetched_at": "2025-07-15T23:20:19.332169+00:00", "symbol": "BTC-USD"}, {"trade_id": 849991998, "side": "buy", "size": "0.00002791", "price": "117773.97000000", "time": "2025-07-15T23:19:19.983285Z", "fetched_at": "2025-07-15T23:20:19.332169+00:00", "symbol": "BTC-USD"}, {"trade_id": 849991997, "side": "buy", "size": "0.00000900", "price": "117773.97000000", "time": "2025-07-15T23:19:19.983285Z", "fetched_at": "2025-07-15T23:20:19.332169+00:00", "symbol": "BTC-USD"}, {"trade_id": 849991996, "side": "buy", "size": "0.00776000", "price": "117773.97000000", "time": "2025-07-15T23:19:19.983285Z", "fetched_at": "2025-07-15T23:20:19.332169+00:00", "symbol": "BTC-USD"}, {"trade_id": 849991995, "side": "sell", "size": "0.00202908", "price": "117773.98000000", "time": "2025-07-15T23:19:19.880966Z", "fetched_at": "2025-07-15T23:20:19.332169+00:00", "symbol": "BTC-USD"}, {"trade_id": 849991994, "side": "sell", "size": "0.00007215", "price": "117773.98000000", "time": "2025-07-15T23:19:19.880966Z", "fetched_at": "2025-07-15T23:20:19.332169+00:00", "symbol": "BTC-USD"}, {"trade_id": 849991993, "side": "sell", "size": "0.00008213", "price": "117776.99000000", "time": "2025-07-15T23:19:19.687403Z", "fetched_at": "2025-07-15T23:20:19.332169+00:00", "symbol": "BTC-USD"}, {"trade_id": 849991992, "side": "sell", "size": "0.00007101", "price": "117773.98000000", "time": "2025-07-15T23:19:19.687403Z", "fetched_at": "2025-07-15T23:20:19.332169+00:00", "symbol": "BTC-USD"}, {"trade_id": 849991991, "side": "sell", "size": "0.00041251", "price": "117776.95000000", "time": "2025-07-15T23:19:19.457661Z", "fetched_at": "2025-07-15T23:20:19.332169+00:00", "symbol": "BTC-USD"}, {"trade_id": 849991990, "side": "sell", "size": "0.00020626", "price": "117776.95000000", "time": "2025-07-15T23:19:19.427632Z", "fetched_at": "2025-07-15T23:20:19.332169+00:00", "symbol": "BTC-USD"}, {"trade_id": 849991989, "side": "sell", "size": "0.00164999", "price": "117776.95000000", "time": "2025-07-15T23:19:19.378677Z", "fetched_at": "2025-07-15T23:20:19.332169+00:00", "symbol": "BTC-USD"}, {"trade_id": 849991988, "side": "sell", "size": "0.00008052", "price": "117776.95000000", "time": "2025-07-15T23:19:19.291515Z", "fetched_at": "2025-07-15T23:20:19.332169+00:00", "symbol": "BTC-USD"}, {"trade_id": 849991987, "side": "sell", "size": "0.74204925", "price": "117777.20000000", "time": "2025-07-15T23:19:19.247726Z", "fetched_at": "2025-07-15T23:20:19.332169+00:00", "symbol": "BTC-USD"}, {"trade_id": 849991986, "side": "sell", "size": "0.00849082", "price": "117774.17000000", "time": "2025-07-15T23:19:19.247726Z", "fetched_at": "2025-07-15T23:20:19.332169+00:00", "symbol": "BTC-USD"}, {"trade_id": 849991985, "side": "sell", "size": "0.00007052", "price": "117774.00000000", "time": "2025-07-15T23:19:19.247726Z", "fetched_at": "2025-07-15T23:20:19.332169+00:00", "symbol": "BTC-USD"}, {"trade_id": 849991984, "side": "sell", "size": "0.24945473", "price": "117774.00000000", "time": "2025-07-15T23:19:19.247726Z", "fetched_at": "2025-07-15T23:20:19.332169+00:00", "symbol": "BTC-USD"}, {"trade_id": 849991983, "side": "sell", "size": "0.00001089", "price": "117774.00000000", "time": "2025-07-15T23:19:19.141043Z", "fetched_at": "2025-07-15T23:20:19.332169+00:00", "symbol": "BTC-USD"}, {"trade_id": 849991982, "side": "sell", "size": "0.00003992", "price": "117774.00000000", "time": "2025-07-15T23:19:19.138498Z", "fetched_at": "2025-07-15T23:20:19.332169+00:00", "symbol": "BTC-USD"}, {"trade_id": 849991981, "side": "sell", "size": "0.00041251", "price": "117774.00000000", "time": "2025-07-15T23:19:19.042662Z", "fetched_at": "2025-07-15T23:20:19.332169+00:00", "symbol": "BTC-USD"}, {"trade_id": 849991980, "side": "sell", "size": "0.00008195", "price": "117774.00000000", "time": "2025-07-15T23:19:18.965548Z", "fetched_at": "2025-07-15T23:20:19.332169+00:00", "symbol": "BTC-USD"}, {"trade_id": 849991979, "side": "sell", "size": "0.00032346", "price": "117777.29000000", "time": "2025-07-15T23:19:18.466631Z", "fetched_at": "2025-07-15T23:20:19.332169+00:00", "symbol": "BTC-USD"}, {"trade_id": 849991978, "side": "sell", "size": "0.00008905", "price": "117774.00000000", "time": "2025-07-15T23:19:18.466631Z", "fetched_at": "2025-07-15T23:20:19.332169+00:00", "symbol": "BTC-USD"}, {"trade_id": 849991977, "side": "sell", "size": "0.00019774", "price": "117767.52000000", "time": "2025-07-15T23:19:17.670802Z", "fetched_at": "2025-07-15T23:20:19.332169+00:00", "symbol": "BTC-USD"}, {"trade_id": 849991976, "side": "sell", "size": "0.00008756", "price": "117763.64000000", "time": "2025-07-15T23:19:17.670802Z", "fetched_at": "2025-07-15T23:20:19.332169+00:00", "symbol": "BTC-USD"}, {"trade_id": 849991975, "side": "sell", "size": "0.03573700", "price": "117761.87000000", "time": "2025-07-15T23:19:17.635737Z", "fetched_at": "2025-07-15T23:20:19.332169+00:00", "symbol": "BTC-USD"}, {"trade_id": 849991974, "side": "sell", "size": "0.95793990", "price": "117761.87000000", "time": "2025-07-15T23:19:17.635737Z", "fetched_at": "2025-07-15T23:20:19.332169+00:00", "symbol": "BTC-USD"}, {"trade_id": 849991973, "side": "sell", "size": "0.00024058", "price": "117761.87000000", "time": "2025-07-15T23:19:17.635737Z", "fetched_at": "2025-07-15T23:20:19.332169+00:00", "symbol": "BTC-USD"}, {"trade_id": 849991972, "side": "sell", "size": "0.20731922", "price": "117761.87000000", "time": "2025-07-15T23:19:17.635737Z", "fetched_at": "2025-07-15T23:20:19.332169+00:00", "symbol": "BTC-USD"}, {"trade_id": 849991971, "side": "sell", "size": "0.00571536", "price": "117761.87000000", "time": "2025-07-15T23:19:17.337607Z", "fetched_at": "2025-07-15T23:20:19.332169+00:00", "symbol": "BTC-USD"}, {"trade_id": 849991970, "side": "sell", "size": "0.00040263", "price": "117761.87000000", "time": "2025-07-15T23:19:17.126675Z", "fetched_at": "2025-07-15T23:20:19.332169+00:00", "symbol": "BTC-USD"}, {"trade_id": 849991969, "side": "sell", "size": "0.00082503", "price": "117761.87000000", "time": "2025-07-15T23:19:16.793354Z", "fetched_at": "2025-07-15T23:20:19.332169+00:00", "symbol": "BTC-USD"}, {"trade_id": 849991968, "side": "sell", "size": "0.00020625", "price": "117761.87000000", "time": "2025-07-15T23:19:16.176018Z", "fetched_at": "2025-07-15T23:20:19.332169+00:00", "symbol": "BTC-USD"}, {"trade_id": 849991967, "side": "sell", "size": "0.00032998", "price": "117761.87000000", "time": "2025-07-15T23:19:15.711265Z", "fetched_at": "2025-07-15T23:20:19.332169+00:00", "symbol": "BTC-USD"}, {"trade_id": 849991966, "side": "sell", "size": "0.00008123", "price": "117761.87000000", "time": "2025-07-15T23:19:15.645704Z", "fetched_at": "2025-07-15T23:20:19.332169+00:00", "symbol": "BTC-USD"}, {"trade_id": 849991965, "side": "sell", "size": "0.00008405", "price": "117761.87000000", "time": "2025-07-15T23:19:15.546946Z", "fetched_at": "2025-07-15T23:20:19.332169+00:00", "symbol": "BTC-USD"}, {"trade_id": 849991964, "side": "sell", "size": "0.00041249", "price": "117761.87000000", "time": "2025-07-15T23:19:15.351888Z", "fetched_at": "2025-07-15T23:20:19.332169+00:00", "symbol": "BTC-USD"}, {"trade_id": 849991963, "side": "sell", "size": "0.00041250", "price": "117761.87000000", "time": "2025-07-15T23:19:15.158009Z", "fetched_at": "2025-07-15T23:20:19.332169+00:00", "symbol": "BTC-USD"}, {"trade_id": 849991962, "side": "buy", "size": "0.04009986", "price": "117761.86000000", "time": "2025-07-15T23:19:14.855324Z", "fetched_at": "2025-07-15T23:20:19.332169+00:00", "symbol": "BTC-USD"}, {"trade_id": 849991961, "side": "buy", "size": "0.04500000", "price": "117761.86000000", "time": "2025-07-15T23:19:14.855324Z", "fetched_at": "2025-07-15T23:20:19.332169+00:00", "symbol": "BTC-USD"}, {"trade_id": 849991960, "side": "sell", "size": "0.02415685", "price": "117761.87000000", "time": "2025-07-15T23:19:14.814913Z", "fetched_at": "2025-07-15T23:20:19.332169+00:00", "symbol": "BTC-USD"}, {"trade_id": 849991959, "side": "sell", "size": "0.00825028", "price": "117761.87000000", "time": "2025-07-15T23:19:14.756508Z", "fetched_at": "2025-07-15T23:20:19.332169+00:00", "symbol": "BTC-USD"}, {"trade_id": 849991958, "side": "sell", "size": "0.00013204", "price": "117761.87000000", "time": "2025-07-15T23:19:14.658801Z", "fetched_at": "2025-07-15T23:20:19.332169+00:00", "symbol": "BTC-USD"}, {"trade_id": 849991957, "side": "sell", "size": "0.00042023", "price": "117761.87000000", "time": "2025-07-15T23:19:14.632343Z", "fetched_at": "2025-07-15T23:20:19.332169+00:00", "symbol": "BTC-USD"}, {"trade_id": 849991956, "side": "sell", "size": "0.00020129", "price": "117761.87000000", "time": "2025-07-15T23:19:14.632171Z", "fetched_at": "2025-07-15T23:20:19.332169+00:00", "symbol": "BTC-USD"}, {"trade_id": 849991955, "side": "sell", "size": "0.00105057", "price": "117761.87000000", "time": "2025-07-15T23:19:14.503514Z", "fetched_at": "2025-07-15T23:20:19.332169+00:00", "symbol": "BTC-USD"}, {"trade_id": 849991954, "side": "buy", "size": "0.04244734", "price": "117766.50000000", "time": "2025-07-15T23:19:13.875473Z", "fetched_at": "2025-07-15T23:20:19.332169+00:00", "symbol": "BTC-USD"}, {"trade_id": 849991953, "side": "buy", "size": "0.00568424", "price": "117770.56000000", "time": "2025-07-15T23:19:13.868604Z", "fetched_at": "2025-07-15T23:20:19.332169+00:00", "symbol": "BTC-USD"}, {"trade_id": 849991952, "side": "buy", "size": "0.03831576", "price": "117770.56000000", "time": "2025-07-15T23:19:13.868592Z", "fetched_at": "2025-07-15T23:20:19.332169+00:00", "symbol": "BTC-USD"}, {"trade_id": 849991951, "side": "buy", "size": "0.00020357", "price": "117770.56000000", "time": "2025-07-15T23:19:13.868592Z", "fetched_at": "2025-07-15T23:20:19.332169+00:00", "symbol": "BTC-USD"}, {"trade_id": 849991950, "side": "buy", "size": "0.00004973", "price": "117770.57000000", "time": "2025-07-15T23:19:13.868592Z", "fetched_at": "2025-07-15T23:20:19.332169+00:00", "symbol": "BTC-USD"}, {"trade_id": 849991949, "side": "buy", "size": "0.00849085", "price": "117773.89000000", "time": "2025-07-15T23:19:13.863286Z", "fetched_at": "2025-07-15T23:20:19.332169+00:00", "symbol": "BTC-USD"}, {"trade_id": 849991948, "side": "buy", "size": "0.00683900", "price": "117775.64000000", "time": "2025-07-15T23:19:13.863123Z", "fetched_at": "2025-07-15T23:20:19.332169+00:00", "symbol": "BTC-USD"}, {"trade_id": 849991947, "side": "buy", "size": "0.00004907", "price": "117775.66000000", "time": "2025-07-15T23:19:13.863123Z", "fetched_at": "2025-07-15T23:20:19.332169+00:00", "symbol": "BTC-USD"}, {"trade_id": 849991946, "side": "buy", "size": "0.00000348", "price": "117775.66000000", "time": "2025-07-15T23:19:13.863123Z", "fetched_at": "2025-07-15T23:20:19.332169+00:00", "symbol": "BTC-USD"}, {"trade_id": 849991945, "side": "buy", "size": "0.00506369", "price": "117775.66000000", "time": "2025-07-15T23:19:13.863123Z", "fetched_at": "2025-07-15T23:20:19.332169+00:00", "symbol": "BTC-USD"}