[{"trade_id": 850039160, "side": "sell", "size": "0.00004122", "price": "117811.83000000", "time": "2025-07-16T01:23:10.807494Z", "fetched_at": "2025-07-16T01:23:25.312322+00:00", "symbol": "BTC-USD"}, {"trade_id": 850039159, "side": "sell", "size": "0.00082479", "price": "117811.83000000", "time": "2025-07-16T01:23:10.754504Z", "fetched_at": "2025-07-16T01:23:25.312322+00:00", "symbol": "BTC-USD"}, {"trade_id": 850039158, "side": "sell", "size": "0.00082477", "price": "117811.83000000", "time": "2025-07-16T01:23:10.017010Z", "fetched_at": "2025-07-16T01:23:25.312322+00:00", "symbol": "BTC-USD"}, {"trade_id": 850039157, "side": "sell", "size": "0.00007352", "price": "117811.83000000", "time": "2025-07-16T01:23:09.454462Z", "fetched_at": "2025-07-16T01:23:25.312322+00:00", "symbol": "BTC-USD"}, {"trade_id": 850039156, "side": "buy", "size": "0.00042864", "price": "117811.82000000", "time": "2025-07-16T01:23:09.060590Z", "fetched_at": "2025-07-16T01:23:25.312322+00:00", "symbol": "BTC-USD"}, {"trade_id": 850039155, "side": "buy", "size": "0.00004577", "price": "117811.82000000", "time": "2025-07-16T01:23:08.816042Z", "fetched_at": "2025-07-16T01:23:25.312322+00:00", "symbol": "BTC-USD"}, {"trade_id": 850039154, "side": "sell", "size": "0.00025135", "price": "117811.83000000", "time": "2025-07-16T01:23:08.675986Z", "fetched_at": "2025-07-16T01:23:25.312322+00:00", "symbol": "BTC-USD"}, {"trade_id": 850039153, "side": "sell", "size": "0.00012603", "price": "117811.83000000", "time": "2025-07-16T01:23:08.580641Z", "fetched_at": "2025-07-16T01:23:25.312322+00:00", "symbol": "BTC-USD"}, {"trade_id": 850039152, "side": "buy", "size": "0.00001836", "price": "117811.82000000", "time": "2025-07-16T01:23:08.486994Z", "fetched_at": "2025-07-16T01:23:25.312322+00:00", "symbol": "BTC-USD"}, {"trade_id": 850039151, "side": "sell", "size": "0.00005715", "price": "117811.83000000", "time": "2025-07-16T01:23:08.262767Z", "fetched_at": "2025-07-16T01:23:25.312322+00:00", "symbol": "BTC-USD"}, {"trade_id": 850039150, "side": "sell", "size": "0.00042011", "price": "117811.83000000", "time": "2025-07-16T01:23:08.260346Z", "fetched_at": "2025-07-16T01:23:25.312322+00:00", "symbol": "BTC-USD"}, {"trade_id": 850039149, "side": "sell", "size": "0.00041239", "price": "117811.83000000", "time": "2025-07-16T01:23:07.981501Z", "fetched_at": "2025-07-16T01:23:25.312322+00:00", "symbol": "BTC-USD"}, {"trade_id": 850039148, "side": "sell", "size": "0.00082479", "price": "117811.83000000", "time": "2025-07-16T01:23:07.679269Z", "fetched_at": "2025-07-16T01:23:25.312322+00:00", "symbol": "BTC-USD"}, {"trade_id": 850039147, "side": "sell", "size": "0.00041238", "price": "117811.83000000", "time": "2025-07-16T01:23:07.571160Z", "fetched_at": "2025-07-16T01:23:25.312322+00:00", "symbol": "BTC-USD"}, {"trade_id": 850039146, "side": "sell", "size": "0.00080504", "price": "117811.83000000", "time": "2025-07-16T01:23:07.542716Z", "fetched_at": "2025-07-16T01:23:25.312322+00:00", "symbol": "BTC-USD"}, {"trade_id": 850039145, "side": "sell", "size": "0.00164951", "price": "117811.83000000", "time": "2025-07-16T01:23:07.480973Z", "fetched_at": "2025-07-16T01:23:25.312322+00:00", "symbol": "BTC-USD"}, {"trade_id": 850039144, "side": "sell", "size": "0.00004201", "price": "117811.83000000", "time": "2025-07-16T01:23:07.002202Z", "fetched_at": "2025-07-16T01:23:25.312322+00:00", "symbol": "BTC-USD"}, {"trade_id": 850039143, "side": "buy", "size": "0.00024926", "price": "117811.82000000", "time": "2025-07-16T01:23:06.959442Z", "fetched_at": "2025-07-16T01:23:25.312322+00:00", "symbol": "BTC-USD"}, {"trade_id": 850039142, "side": "sell", "size": "0.00020619", "price": "117811.83000000", "time": "2025-07-16T01:23:06.805155Z", "fetched_at": "2025-07-16T01:23:25.312322+00:00", "symbol": "BTC-USD"}, {"trade_id": 850039141, "side": "buy", "size": "0.00030225", "price": "117811.82000000", "time": "2025-07-16T01:23:06.614469Z", "fetched_at": "2025-07-16T01:23:25.312322+00:00", "symbol": "BTC-USD"}, {"trade_id": 850039140, "side": "buy", "size": "0.00000169", "price": "117812.00000000", "time": "2025-07-16T01:23:06.614469Z", "fetched_at": "2025-07-16T01:23:25.312322+00:00", "symbol": "BTC-USD"}, {"trade_id": 850039139, "side": "buy", "size": "0.00003501", "price": "117812.00000000", "time": "2025-07-16T01:23:06.614469Z", "fetched_at": "2025-07-16T01:23:25.312322+00:00", "symbol": "BTC-USD"}, {"trade_id": 850039138, "side": "buy", "size": "0.00000135", "price": "117812.00000000", "time": "2025-07-16T01:23:06.614469Z", "fetched_at": "2025-07-16T01:23:25.312322+00:00", "symbol": "BTC-USD"}, {"trade_id": 850039137, "side": "buy", "size": "0.00001926", "price": "117812.00000000", "time": "2025-07-16T01:23:06.614469Z", "fetched_at": "2025-07-16T01:23:25.312322+00:00", "symbol": "BTC-USD"}, {"trade_id": 850039136, "side": "buy", "size": "0.00464044", "price": "117812.00000000", "time": "2025-07-16T01:23:06.614469Z", "fetched_at": "2025-07-16T01:23:25.312322+00:00", "symbol": "BTC-USD"}, {"trade_id": 850039135, "side": "sell", "size": "0.00000924", "price": "117812.01000000", "time": "2025-07-16T01:23:06.598078Z", "fetched_at": "2025-07-16T01:23:25.312322+00:00", "symbol": "BTC-USD"}, {"trade_id": 850039134, "side": "sell", "size": "0.00003991", "price": "117812.01000000", "time": "2025-07-16T01:23:06.573714Z", "fetched_at": "2025-07-16T01:23:25.312322+00:00", "symbol": "BTC-USD"}, {"trade_id": 850039133, "side": "sell", "size": "0.00012007", "price": "117812.01000000", "time": "2025-07-16T01:23:06.040975Z", "fetched_at": "2025-07-16T01:23:25.312322+00:00", "symbol": "BTC-USD"}, {"trade_id": 850039132, "side": "sell", "size": "0.00020619", "price": "117812.01000000", "time": "2025-07-16T01:23:05.985430Z", "fetched_at": "2025-07-16T01:23:25.312322+00:00", "symbol": "BTC-USD"}, {"trade_id": 850039131, "side": "sell", "size": "0.00041238", "price": "117812.01000000", "time": "2025-07-16T01:23:05.666882Z", "fetched_at": "2025-07-16T01:23:25.312322+00:00", "symbol": "BTC-USD"}, {"trade_id": 850039130, "side": "sell", "size": "0.00041238", "price": "117812.01000000", "time": "2025-07-16T01:23:05.206941Z", "fetched_at": "2025-07-16T01:23:25.312322+00:00", "symbol": "BTC-USD"}, {"trade_id": 850039129, "side": "sell", "size": "0.00082479", "price": "117812.01000000", "time": "2025-07-16T01:23:04.835949Z", "fetched_at": "2025-07-16T01:23:25.312322+00:00", "symbol": "BTC-USD"}, {"trade_id": 850039128, "side": "buy", "size": "0.00848804", "price": "117812.88000000", "time": "2025-07-16T01:23:04.701411Z", "fetched_at": "2025-07-16T01:23:25.312322+00:00", "symbol": "BTC-USD"}, {"trade_id": 850039127, "side": "buy", "size": "0.00499998", "price": "117814.46000000", "time": "2025-07-16T01:23:04.701411Z", "fetched_at": "2025-07-16T01:23:25.312322+00:00", "symbol": "BTC-USD"}, {"trade_id": 850039126, "side": "buy", "size": "0.00000127", "price": "117814.49000000", "time": "2025-07-16T01:23:04.701411Z", "fetched_at": "2025-07-16T01:23:25.312322+00:00", "symbol": "BTC-USD"}, {"trade_id": 850039125, "side": "buy", "size": "0.00009812", "price": "117814.49000000", "time": "2025-07-16T01:23:04.701411Z", "fetched_at": "2025-07-16T01:23:25.312322+00:00", "symbol": "BTC-USD"}, {"trade_id": 850039124, "side": "buy", "size": "0.00000704", "price": "117814.49000000", "time": "2025-07-16T01:23:04.701411Z", "fetched_at": "2025-07-16T01:23:25.312322+00:00", "symbol": "BTC-USD"}, {"trade_id": 850039123, "side": "buy", "size": "0.00202182", "price": "117814.49000000", "time": "2025-07-16T01:23:04.701411Z", "fetched_at": "2025-07-16T01:23:25.312322+00:00", "symbol": "BTC-USD"}, {"trade_id": 850039122, "side": "buy", "size": "0.00003759", "price": "117814.49000000", "time": "2025-07-16T01:23:04.701411Z", "fetched_at": "2025-07-16T01:23:25.312322+00:00", "symbol": "BTC-USD"}, {"trade_id": 850039121, "side": "buy", "size": "0.00099986", "price": "117814.49000000", "time": "2025-07-16T01:23:04.701411Z", "fetched_at": "2025-07-16T01:23:25.312322+00:00", "symbol": "BTC-USD"}, {"trade_id": 850039120, "side": "sell", "size": "0.00004201", "price": "117814.50000000", "time": "2025-07-16T01:23:04.581458Z", "fetched_at": "2025-07-16T01:23:25.312322+00:00", "symbol": "BTC-USD"}, {"trade_id": 850039119, "side": "sell", "size": "0.00020619", "price": "117814.50000000", "time": "2025-07-16T01:23:04.442480Z", "fetched_at": "2025-07-16T01:23:25.312322+00:00", "symbol": "BTC-USD"}, {"trade_id": 850039118, "side": "buy", "size": "0.00400000", "price": "117814.49000000", "time": "2025-07-16T01:23:04.225251Z", "fetched_at": "2025-07-16T01:23:25.312322+00:00", "symbol": "BTC-USD"}, {"trade_id": 850039117, "side": "sell", "size": "0.00082476", "price": "117814.50000000", "time": "2025-07-16T01:23:04.189972Z", "fetched_at": "2025-07-16T01:23:25.312322+00:00", "symbol": "BTC-USD"}, {"trade_id": 850039116, "side": "sell", "size": "0.00004201", "price": "117814.50000000", "time": "2025-07-16T01:23:03.972095Z", "fetched_at": "2025-07-16T01:23:25.312322+00:00", "symbol": "BTC-USD"}, {"trade_id": 850039115, "side": "sell", "size": "0.00016494", "price": "117814.50000000", "time": "2025-07-16T01:23:03.942557Z", "fetched_at": "2025-07-16T01:23:25.312322+00:00", "symbol": "BTC-USD"}, {"trade_id": 850039114, "side": "sell", "size": "0.00012811", "price": "117814.50000000", "time": "2025-07-16T01:23:03.844236Z", "fetched_at": "2025-07-16T01:23:25.312322+00:00", "symbol": "BTC-USD"}, {"trade_id": 850039113, "side": "sell", "size": "0.00012368", "price": "117814.50000000", "time": "2025-07-16T01:23:03.820361Z", "fetched_at": "2025-07-16T01:23:25.312322+00:00", "symbol": "BTC-USD"}, {"trade_id": 850039112, "side": "sell", "size": "0.00008402", "price": "117814.50000000", "time": "2025-07-16T01:23:03.749734Z", "fetched_at": "2025-07-16T01:23:25.312322+00:00", "symbol": "BTC-USD"}, {"trade_id": 850039111, "side": "sell", "size": "0.11503083", "price": "117814.50000000", "time": "2025-07-16T01:23:03.569638Z", "fetched_at": "2025-07-16T01:23:25.312322+00:00", "symbol": "BTC-USD"}, {"trade_id": 850039110, "side": "sell", "size": "0.13230000", "price": "117814.50000000", "time": "2025-07-16T01:23:03.569638Z", "fetched_at": "2025-07-16T01:23:25.312322+00:00", "symbol": "BTC-USD"}, {"trade_id": 850039109, "side": "sell", "size": "0.00041238", "price": "117815.19000000", "time": "2025-07-16T01:23:03.459325Z", "fetched_at": "2025-07-16T01:23:25.312322+00:00", "symbol": "BTC-USD"}, {"trade_id": 850039108, "side": "sell", "size": "0.00021006", "price": "117815.19000000", "time": "2025-07-16T01:23:03.370657Z", "fetched_at": "2025-07-16T01:23:25.312322+00:00", "symbol": "BTC-USD"}, {"trade_id": 850039107, "side": "sell", "size": "0.00008192", "price": "117815.19000000", "time": "2025-07-16T01:23:03.161390Z", "fetched_at": "2025-07-16T01:23:25.312322+00:00", "symbol": "BTC-USD"}, {"trade_id": 850039106, "side": "sell", "size": "0.00008334", "price": "117815.19000000", "time": "2025-07-16T01:23:02.744496Z", "fetched_at": "2025-07-16T01:23:25.312322+00:00", "symbol": "BTC-USD"}, {"trade_id": 850039105, "side": "sell", "size": "0.00848787", "price": "117815.19000000", "time": "2025-07-16T01:23:02.744496Z", "fetched_at": "2025-07-16T01:23:25.312322+00:00", "symbol": "BTC-USD"}, {"trade_id": 850039104, "side": "buy", "size": "0.00000347", "price": "117822.47000000", "time": "2025-07-16T01:23:02.628505Z", "fetched_at": "2025-07-16T01:23:25.312322+00:00", "symbol": "BTC-USD"}, {"trade_id": 850039103, "side": "buy", "size": "0.00067516", "price": "117822.47000000", "time": "2025-07-16T01:23:02.628505Z", "fetched_at": "2025-07-16T01:23:25.312322+00:00", "symbol": "BTC-USD"}, {"trade_id": 850039102, "side": "buy", "size": "0.00848729", "price": "117823.18000000", "time": "2025-07-16T01:23:02.628505Z", "fetched_at": "2025-07-16T01:23:25.312322+00:00", "symbol": "BTC-USD"}, {"trade_id": 850039101, "side": "buy", "size": "0.00000900", "price": "117824.94000000", "time": "2025-07-16T01:23:02.628505Z", "fetched_at": "2025-07-16T01:23:25.312322+00:00", "symbol": "BTC-USD"}, {"trade_id": 850039100, "side": "buy", "size": "0.00003817", "price": "117824.95000000", "time": "2025-07-16T01:23:02.628505Z", "fetched_at": "2025-07-16T01:23:25.312322+00:00", "symbol": "BTC-USD"}, {"trade_id": 850039099, "side": "buy", "size": "0.00000127", "price": "117824.95000000", "time": "2025-07-16T01:23:02.628505Z", "fetched_at": "2025-07-16T01:23:25.312322+00:00", "symbol": "BTC-USD"}, {"trade_id": 850039098, "side": "buy", "size": "0.00052000", "price": "117824.95000000", "time": "2025-07-16T01:23:02.628505Z", "fetched_at": "2025-07-16T01:23:25.312322+00:00", "symbol": "BTC-USD"}, {"trade_id": 850039097, "side": "buy", "size": "0.00014742", "price": "117824.95000000", "time": "2025-07-16T01:23:02.628505Z", "fetched_at": "2025-07-16T01:23:25.312322+00:00", "symbol": "BTC-USD"}, {"trade_id": 850039096, "side": "sell", "size": "0.00020753", "price": "117824.96000000", "time": "2025-07-16T01:23:02.604903Z", "fetched_at": "2025-07-16T01:23:25.312322+00:00", "symbol": "BTC-USD"}, {"trade_id": 850039095, "side": "sell", "size": "0.00008192", "price": "117824.96000000", "time": "2025-07-16T01:23:02.118302Z", "fetched_at": "2025-07-16T01:23:25.312322+00:00", "symbol": "BTC-USD"}, {"trade_id": 850039094, "side": "sell", "size": "0.00056353", "price": "117824.96000000", "time": "2025-07-16T01:23:02.109898Z", "fetched_at": "2025-07-16T01:23:25.312322+00:00", "symbol": "BTC-USD"}, {"trade_id": 850039093, "side": "sell", "size": "0.00004025", "price": "117824.96000000", "time": "2025-07-16T01:23:01.998751Z", "fetched_at": "2025-07-16T01:23:25.312322+00:00", "symbol": "BTC-USD"}, {"trade_id": 850039092, "side": "sell", "size": "0.00420108", "price": "117824.96000000", "time": "2025-07-16T01:23:01.845774Z", "fetched_at": "2025-07-16T01:23:25.312322+00:00", "symbol": "BTC-USD"}, {"trade_id": 850039091, "side": "sell", "size": "0.00412378", "price": "117824.96000000", "time": "2025-07-16T01:23:01.653407Z", "fetched_at": "2025-07-16T01:23:25.312322+00:00", "symbol": "BTC-USD"}, {"trade_id": 850039090, "side": "sell", "size": "0.00008232", "price": "117824.96000000", "time": "2025-07-16T01:23:01.498039Z", "fetched_at": "2025-07-16T01:23:25.312322+00:00", "symbol": "BTC-USD"}, {"trade_id": 850039089, "side": "sell", "size": "0.00031292", "price": "117824.96000000", "time": "2025-07-16T01:23:01.282218Z", "fetched_at": "2025-07-16T01:23:25.312322+00:00", "symbol": "BTC-USD"}, {"trade_id": 850039088, "side": "sell", "size": "0.00160420", "price": "117824.96000000", "time": "2025-07-16T01:23:01.214576Z", "fetched_at": "2025-07-16T01:23:25.312322+00:00", "symbol": "BTC-USD"}, {"trade_id": 850039087, "side": "sell", "size": "0.00013720", "price": "117824.96000000", "time": "2025-07-16T01:23:00.866659Z", "fetched_at": "2025-07-16T01:23:25.312322+00:00", "symbol": "BTC-USD"}, {"trade_id": 850039086, "side": "sell", "size": "0.00041239", "price": "117824.96000000", "time": "2025-07-16T01:23:00.710406Z", "fetched_at": "2025-07-16T01:23:25.312322+00:00", "symbol": "BTC-USD"}, {"trade_id": 850039085, "side": "sell", "size": "0.00096600", "price": "117824.96000000", "time": "2025-07-16T01:23:00.355308Z", "fetched_at": "2025-07-16T01:23:25.312322+00:00", "symbol": "BTC-USD"}, {"trade_id": 850039084, "side": "sell", "size": "0.00001497", "price": "117824.96000000", "time": "2025-07-16T01:22:59.688556Z", "fetched_at": "2025-07-16T01:23:25.312322+00:00", "symbol": "BTC-USD"}, {"trade_id": 850039083, "side": "sell", "size": "0.00082476", "price": "117824.96000000", "time": "2025-07-16T01:22:59.466665Z", "fetched_at": "2025-07-16T01:23:25.312322+00:00", "symbol": "BTC-USD"}, {"trade_id": 850039082, "side": "sell", "size": "0.00014894", "price": "117824.96000000", "time": "2025-07-16T01:22:59.413709Z", "fetched_at": "2025-07-16T01:23:25.312322+00:00", "symbol": "BTC-USD"}, {"trade_id": 850039081, "side": "sell", "size": "0.00002620", "price": "117824.96000000", "time": "2025-07-16T01:22:58.949440Z", "fetched_at": "2025-07-16T01:23:25.312322+00:00", "symbol": "BTC-USD"}, {"trade_id": 850039080, "side": "sell", "size": "0.00000840", "price": "117824.96000000", "time": "2025-07-16T01:22:58.856611Z", "fetched_at": "2025-07-16T01:23:25.312322+00:00", "symbol": "BTC-USD"}, {"trade_id": 850039079, "side": "sell", "size": "0.00000596", "price": "117824.98000000", "time": "2025-07-16T01:22:55.249936Z", "fetched_at": "2025-07-16T01:23:25.312322+00:00", "symbol": "BTC-USD"}, {"trade_id": 850039078, "side": "buy", "size": "0.00018000", "price": "117814.91000000", "time": "2025-07-16T01:22:53.524300Z", "fetched_at": "2025-07-16T01:23:25.312322+00:00", "symbol": "BTC-USD"}, {"trade_id": 850039077, "side": "buy", "size": "0.00004888", "price": "117822.22000000", "time": "2025-07-16T01:22:53.524300Z", "fetched_at": "2025-07-16T01:23:25.312322+00:00", "symbol": "BTC-USD"}, {"trade_id": 850039076, "side": "buy", "size": "0.00848716", "price": "117825.05000000", "time": "2025-07-16T01:22:53.524300Z", "fetched_at": "2025-07-16T01:23:25.312322+00:00", "symbol": "BTC-USD"}, {"trade_id": 850039075, "side": "buy", "size": "0.00007902", "price": "117825.06000000", "time": "2025-07-16T01:22:53.524300Z", "fetched_at": "2025-07-16T01:23:25.312322+00:00", "symbol": "BTC-USD"}, {"trade_id": 850039074, "side": "buy", "size": "0.00000101", "price": "117826.81000000", "time": "2025-07-16T01:22:53.524300Z", "fetched_at": "2025-07-16T01:23:25.312322+00:00", "symbol": "BTC-USD"}, {"trade_id": 850039073, "side": "buy", "size": "0.00027000", "price": "117826.81000000", "time": "2025-07-16T01:22:53.524300Z", "fetched_at": "2025-07-16T01:23:25.312322+00:00", "symbol": "BTC-USD"}, {"trade_id": 850039072, "side": "buy", "size": "0.00093393", "price": "117826.81000000", "time": "2025-07-16T01:22:53.524300Z", "fetched_at": "2025-07-16T01:23:25.312322+00:00", "symbol": "BTC-USD"}, {"trade_id": 850039071, "side": "buy", "size": "0.00078907", "price": "117826.81000000", "time": "2025-07-16T01:22:53.212023Z", "fetched_at": "2025-07-16T01:23:25.312322+00:00", "symbol": "BTC-USD"}, {"trade_id": 850039070, "side": "buy", "size": "0.00000900", "price": "117826.81000000", "time": "2025-07-16T01:22:53.212023Z", "fetched_at": "2025-07-16T01:23:25.312322+00:00", "symbol": "BTC-USD"}, {"trade_id": 850039069, "side": "buy", "size": "0.00000118", "price": "117826.82000000", "time": "2025-07-16T01:22:53.212023Z", "fetched_at": "2025-07-16T01:23:25.312322+00:00", "symbol": "BTC-USD"}, {"trade_id": 850039068, "side": "buy", "size": "0.00134706", "price": "117826.82000000", "time": "2025-07-16T01:22:53.212023Z", "fetched_at": "2025-07-16T01:23:25.312322+00:00", "symbol": "BTC-USD"}, {"trade_id": 850039067, "side": "buy", "size": "0.00000356", "price": "117826.82000000", "time": "2025-07-16T01:22:53.212023Z", "fetched_at": "2025-07-16T01:23:25.312322+00:00", "symbol": "BTC-USD"}, {"trade_id": 850039066, "side": "buy", "size": "0.00002196", "price": "117826.82000000", "time": "2025-07-16T01:22:53.212023Z", "fetched_at": "2025-07-16T01:23:25.312322+00:00", "symbol": "BTC-USD"}, {"trade_id": 850039065, "side": "buy", "size": "0.00037428", "price": "117826.82000000", "time": "2025-07-16T01:22:53.212023Z", "fetched_at": "2025-07-16T01:23:25.312322+00:00", "symbol": "BTC-USD"}, {"trade_id": 850039064, "side": "sell", "size": "0.00238402", "price": "117826.83000000", "time": "2025-07-16T01:22:52.365447Z", "fetched_at": "2025-07-16T01:23:25.312322+00:00", "symbol": "BTC-USD"}, {"trade_id": 850039063, "side": "sell", "size": "0.00041209", "price": "117826.83000000", "time": "2025-07-16T01:22:52.132098Z", "fetched_at": "2025-07-16T01:23:25.312322+00:00", "symbol": "BTC-USD"}, {"trade_id": 850039062, "side": "buy", "size": "0.00008487", "price": "117826.82000000", "time": "2025-07-16T01:22:51.473570Z", "fetched_at": "2025-07-16T01:23:25.312322+00:00", "symbol": "BTC-USD"}, {"trade_id": 850039061, "side": "buy", "size": "0.00028185", "price": "117826.82000000", "time": "2025-07-16T01:22:51.210963Z", "fetched_at": "2025-07-16T01:23:25.312322+00:00", "symbol": "BTC-USD"}, {"trade_id": 850039060, "side": "buy", "size": "0.00000118", "price": "117826.82000000", "time": "2025-07-16T01:22:51.210963Z", "fetched_at": "2025-07-16T01:23:25.312322+00:00", "symbol": "BTC-USD"}, {"trade_id": 850039059, "side": "buy", "size": "0.00135003", "price": "117826.82000000", "time": "2025-07-16T01:22:51.210963Z", "fetched_at": "2025-07-16T01:23:25.312322+00:00", "symbol": "BTC-USD"}, {"trade_id": 850039058, "side": "buy", "size": "0.00000458", "price": "117826.82000000", "time": "2025-07-16T01:22:51.210963Z", "fetched_at": "2025-07-16T01:23:25.312322+00:00", "symbol": "BTC-USD"}, {"trade_id": 850039057, "side": "buy", "size": "0.00000900", "price": "117826.82000000", "time": "2025-07-16T01:22:51.210963Z", "fetched_at": "2025-07-16T01:23:25.312322+00:00", "symbol": "BTC-USD"}, {"trade_id": 850039056, "side": "buy", "size": "0.00049634", "price": "117826.82000000", "time": "2025-07-16T01:22:51.210963Z", "fetched_at": "2025-07-16T01:23:25.312322+00:00", "symbol": "BTC-USD"}, {"trade_id": 850039055, "side": "buy", "size": "0.00024612", "price": "117826.82000000", "time": "2025-07-16T01:22:50.099285Z", "fetched_at": "2025-07-16T01:23:25.312322+00:00", "symbol": "BTC-USD"}, {"trade_id": 850039054, "side": "buy", "size": "0.00028236", "price": "117826.82000000", "time": "2025-07-16T01:22:46.206062Z", "fetched_at": "2025-07-16T01:23:25.312322+00:00", "symbol": "BTC-USD"}, {"trade_id": 850039053, "side": "buy", "size": "0.00253988", "price": "117826.82000000", "time": "2025-07-16T01:22:46.118689Z", "fetched_at": "2025-07-16T01:23:25.312322+00:00", "symbol": "BTC-USD"}, {"trade_id": 850039052, "side": "sell", "size": "0.00048295", "price": "117826.83000000", "time": "2025-07-16T01:22:45.392292Z", "fetched_at": "2025-07-16T01:23:25.312322+00:00", "symbol": "BTC-USD"}, {"trade_id": 850039051, "side": "sell", "size": "0.00060372", "price": "117826.83000000", "time": "2025-07-16T01:22:44.597775Z", "fetched_at": "2025-07-16T01:23:25.312322+00:00", "symbol": "BTC-USD"}, {"trade_id": 850039050, "side": "sell", "size": "0.00013307", "price": "117826.83000000", "time": "2025-07-16T01:22:44.481404Z", "fetched_at": "2025-07-16T01:23:25.312322+00:00", "symbol": "BTC-USD"}, {"trade_id": 850039049, "side": "sell", "size": "0.00037109", "price": "117826.83000000", "time": "2025-07-16T01:22:43.725216Z", "fetched_at": "2025-07-16T01:23:25.312322+00:00", "symbol": "BTC-USD"}, {"trade_id": 850039048, "side": "sell", "size": "0.00007779", "price": "117826.83000000", "time": "2025-07-16T01:22:43.716967Z", "fetched_at": "2025-07-16T01:23:25.312322+00:00", "symbol": "BTC-USD"}, {"trade_id": 850039047, "side": "sell", "size": "0.00040239", "price": "117826.83000000", "time": "2025-07-16T01:22:43.351277Z", "fetched_at": "2025-07-16T01:23:25.312322+00:00", "symbol": "BTC-USD"}, {"trade_id": 850039046, "side": "buy", "size": "0.00292530", "price": "117826.82000000", "time": "2025-07-16T01:22:43.330298Z", "fetched_at": "2025-07-16T01:23:25.312322+00:00", "symbol": "BTC-USD"}, {"trade_id": 850039045, "side": "buy", "size": "0.00000118", "price": "117826.82000000", "time": "2025-07-16T01:22:43.330298Z", "fetched_at": "2025-07-16T01:23:25.312322+00:00", "symbol": "BTC-USD"}, {"trade_id": 850039044, "side": "buy", "size": "0.00118883", "price": "117826.82000000", "time": "2025-07-16T01:22:43.330298Z", "fetched_at": "2025-07-16T01:23:25.312322+00:00", "symbol": "BTC-USD"}, {"trade_id": 850039043, "side": "sell", "size": "0.00070719", "price": "117826.83000000", "time": "2025-07-16T01:22:42.172977Z", "fetched_at": "2025-07-16T01:23:25.312322+00:00", "symbol": "BTC-USD"}, {"trade_id": 850039042, "side": "sell", "size": "0.00060367", "price": "117826.83000000", "time": "2025-07-16T01:22:41.311180Z", "fetched_at": "2025-07-16T01:23:25.312322+00:00", "symbol": "BTC-USD"}, {"trade_id": 850039041, "side": "sell", "size": "0.00000008", "price": "117826.83000000", "time": "2025-07-16T01:22:41.025010Z", "fetched_at": "2025-07-16T01:23:25.312322+00:00", "symbol": "BTC-USD"}, {"trade_id": 850039040, "side": "sell", "size": "0.00008390", "price": "117826.83000000", "time": "2025-07-16T01:22:41.007677Z", "fetched_at": "2025-07-16T01:23:25.312322+00:00", "symbol": "BTC-USD"}, {"trade_id": 850039039, "side": "sell", "size": "0.00002251", "price": "117827.58000000", "time": "2025-07-16T01:22:40.792844Z", "fetched_at": "2025-07-16T01:23:25.312322+00:00", "symbol": "BTC-USD"}, {"trade_id": 850039038, "side": "sell", "size": "0.00000630", "price": "117827.58000000", "time": "2025-07-16T01:22:40.596142Z", "fetched_at": "2025-07-16T01:23:25.312322+00:00", "symbol": "BTC-USD"}, {"trade_id": 850039037, "side": "sell", "size": "0.00000008", "price": "117831.05000000", "time": "2025-07-16T01:22:40.284352Z", "fetched_at": "2025-07-16T01:23:25.312322+00:00", "symbol": "BTC-USD"}, {"trade_id": 850039036, "side": "sell", "size": "0.00000042", "price": "117831.10000000", "time": "2025-07-16T01:22:40.266149Z", "fetched_at": "2025-07-16T01:23:25.312322+00:00", "symbol": "BTC-USD"}, {"trade_id": 850039035, "side": "sell", "size": "0.00074928", "price": "117831.10000000", "time": "2025-07-16T01:22:40.242042Z", "fetched_at": "2025-07-16T01:23:25.312322+00:00", "symbol": "BTC-USD"}, {"trade_id": 850039034, "side": "sell", "size": "0.00009336", "price": "117831.09000000", "time": "2025-07-16T01:22:40.242042Z", "fetched_at": "2025-07-16T01:23:25.312322+00:00", "symbol": "BTC-USD"}, {"trade_id": 850039033, "side": "sell", "size": "0.00082461", "price": "117826.83000000", "time": "2025-07-16T01:22:39.667078Z", "fetched_at": "2025-07-16T01:23:25.312322+00:00", "symbol": "BTC-USD"}, {"trade_id": 850039032, "side": "sell", "size": "0.00042003", "price": "117826.83000000", "time": "2025-07-16T01:22:39.100894Z", "fetched_at": "2025-07-16T01:23:25.312322+00:00", "symbol": "BTC-USD"}, {"trade_id": 850039031, "side": "buy", "size": "0.00015857", "price": "117826.82000000", "time": "2025-07-16T01:22:39.076808Z", "fetched_at": "2025-07-16T01:23:25.312322+00:00", "symbol": "BTC-USD"}, {"trade_id": 850039030, "side": "buy", "size": "0.00004143", "price": "117826.82000000", "time": "2025-07-16T01:22:39.076808Z", "fetched_at": "2025-07-16T01:23:25.312322+00:00", "symbol": "BTC-USD"}, {"trade_id": 850039029, "side": "sell", "size": "0.00040247", "price": "117831.12000000", "time": "2025-07-16T01:22:37.896521Z", "fetched_at": "2025-07-16T01:23:25.312322+00:00", "symbol": "BTC-USD"}, {"trade_id": 850039028, "side": "sell", "size": "0.00002100", "price": "117834.83000000", "time": "2025-07-16T01:22:37.769319Z", "fetched_at": "2025-07-16T01:23:25.312322+00:00", "symbol": "BTC-USD"}, {"trade_id": 850039027, "side": "buy", "size": "0.00845593", "price": "117815.14000000", "time": "2025-07-16T01:22:37.722814Z", "fetched_at": "2025-07-16T01:23:25.312322+00:00", "symbol": "BTC-USD"}, {"trade_id": 850039026, "side": "buy", "size": "0.03270534", "price": "117816.36000000", "time": "2025-07-16T01:22:37.722814Z", "fetched_at": "2025-07-16T01:23:25.312322+00:00", "symbol": "BTC-USD"}, {"trade_id": 850039025, "side": "buy", "size": "0.03102248", "price": "117817.48000000", "time": "2025-07-16T01:22:37.722814Z", "fetched_at": "2025-07-16T01:23:25.312322+00:00", "symbol": "BTC-USD"}, {"trade_id": 850039024, "side": "buy", "size": "0.00848635", "price": "117819.14000000", "time": "2025-07-16T01:22:37.722814Z", "fetched_at": "2025-07-16T01:23:25.312322+00:00", "symbol": "BTC-USD"}, {"trade_id": 850039023, "side": "buy", "size": "0.00001000", "price": "117819.52000000", "time": "2025-07-16T01:22:37.722814Z", "fetched_at": "2025-07-16T01:23:25.312322+00:00", "symbol": "BTC-USD"}, {"trade_id": 850039022, "side": "buy", "size": "0.07824774", "price": "117819.60000000", "time": "2025-07-16T01:22:37.722814Z", "fetched_at": "2025-07-16T01:23:25.312322+00:00", "symbol": "BTC-USD"}, {"trade_id": 850039021, "side": "buy", "size": "0.02000000", "price": "117819.61000000", "time": "2025-07-16T01:22:37.722814Z", "fetched_at": "2025-07-16T01:23:25.312322+00:00", "symbol": "BTC-USD"}, {"trade_id": 850039020, "side": "buy", "size": "0.04211017", "price": "117819.62000000", "time": "2025-07-16T01:22:37.722814Z", "fetched_at": "2025-07-16T01:23:25.312322+00:00", "symbol": "BTC-USD"}, {"trade_id": 850039019, "side": "buy", "size": "0.00424345", "price": "117821.63000000", "time": "2025-07-16T01:22:37.722814Z", "fetched_at": "2025-07-16T01:23:25.312322+00:00", "symbol": "BTC-USD"}, {"trade_id": 850039018, "side": "buy", "size": "0.00500309", "price": "117823.12000000", "time": "2025-07-16T01:22:37.722814Z", "fetched_at": "2025-07-16T01:23:25.312322+00:00", "symbol": "BTC-USD"}, {"trade_id": 850039017, "side": "buy", "size": "0.13230000", "price": "117823.39000000", "time": "2025-07-16T01:22:37.722814Z", "fetched_at": "2025-07-16T01:23:25.312322+00:00", "symbol": "BTC-USD"}, {"trade_id": 850039016, "side": "buy", "size": "0.00848715", "price": "117825.16000000", "time": "2025-07-16T01:22:37.722814Z", "fetched_at": "2025-07-16T01:23:25.312322+00:00", "symbol": "BTC-USD"}, {"trade_id": 850039015, "side": "buy", "size": "0.07817178", "price": "117826.65000000", "time": "2025-07-16T01:22:37.722814Z", "fetched_at": "2025-07-16T01:23:25.312322+00:00", "symbol": "BTC-USD"}, {"trade_id": 850039014, "side": "buy", "size": "0.00004438", "price": "117826.66000000", "time": "2025-07-16T01:22:37.722814Z", "fetched_at": "2025-07-16T01:23:25.312322+00:00", "symbol": "BTC-USD"}, {"trade_id": 850039013, "side": "buy", "size": "0.00000237", "price": "117827.12000000", "time": "2025-07-16T01:22:37.722814Z", "fetched_at": "2025-07-16T01:23:25.312322+00:00", "symbol": "BTC-USD"}, {"trade_id": 850039012, "side": "buy", "size": "0.00001000", "price": "117828.36000000", "time": "2025-07-16T01:22:37.722814Z", "fetched_at": "2025-07-16T01:23:25.312322+00:00", "symbol": "BTC-USD"}, {"trade_id": 850039011, "side": "buy", "size": "0.00118031", "price": "117829.05000000", "time": "2025-07-16T01:22:37.722814Z", "fetched_at": "2025-07-16T01:23:25.312322+00:00", "symbol": "BTC-USD"}, {"trade_id": 850039010, "side": "buy", "size": "0.00848656", "price": "117833.41000000", "time": "2025-07-16T01:22:37.722814Z", "fetched_at": "2025-07-16T01:23:25.312322+00:00", "symbol": "BTC-USD"}, {"trade_id": 850039009, "side": "buy", "size": "0.00004905", "price": "117835.18000000", "time": "2025-07-16T01:22:37.722814Z", "fetched_at": "2025-07-16T01:23:25.312322+00:00", "symbol": "BTC-USD"}, {"trade_id": 850039008, "side": "buy", "size": "0.00000900", "price": "117835.18000000", "time": "2025-07-16T01:22:37.722814Z", "fetched_at": "2025-07-16T01:23:25.312322+00:00", "symbol": "BTC-USD"}, {"trade_id": 850039007, "side": "buy", "size": "0.00000237", "price": "117835.18000000", "time": "2025-07-16T01:22:37.722814Z", "fetched_at": "2025-07-16T01:23:25.312322+00:00", "symbol": "BTC-USD"}, {"trade_id": 850039006, "side": "buy", "size": "0.00134968", "price": "117835.18000000", "time": "2025-07-16T01:22:37.722814Z", "fetched_at": "2025-07-16T01:23:25.312322+00:00", "symbol": "BTC-USD"}, {"trade_id": 850039005, "side": "buy", "size": "0.02762000", "price": "117835.18000000", "time": "2025-07-16T01:22:37.722814Z", "fetched_at": "2025-07-16T01:23:25.312322+00:00", "symbol": "BTC-USD"}, {"trade_id": 850039004, "side": "buy", "size": "0.00000280", "price": "117835.18000000", "time": "2025-07-16T01:22:37.722814Z", "fetched_at": "2025-07-16T01:23:25.312322+00:00", "symbol": "BTC-USD"}, {"trade_id": 850039003, "side": "sell", "size": "0.00016100", "price": "117835.19000000", "time": "2025-07-16T01:22:36.948281Z", "fetched_at": "2025-07-16T01:23:25.312322+00:00", "symbol": "BTC-USD"}, {"trade_id": 850039002, "side": "sell", "size": "0.00293665", "price": "117835.19000000", "time": "2025-07-16T01:22:36.359853Z", "fetched_at": "2025-07-16T01:23:25.312322+00:00", "symbol": "BTC-USD"}, {"trade_id": 850039001, "side": "sell", "size": "0.00009335", "price": "117835.19000000", "time": "2025-07-16T01:22:36.359853Z", "fetched_at": "2025-07-16T01:23:25.312322+00:00", "symbol": "BTC-USD"}, {"trade_id": 850039000, "side": "buy", "size": "0.00187282", "price": "117838.09000000", "time": "2025-07-16T01:22:36.202255Z", "fetched_at": "2025-07-16T01:23:25.312322+00:00", "symbol": "BTC-USD"}, {"trade_id": 850038999, "side": "buy", "size": "0.00664000", "price": "117838.12000000", "time": "2025-07-16T01:22:36.202255Z", "fetched_at": "2025-07-16T01:23:25.312322+00:00", "symbol": "BTC-USD"}, {"trade_id": 850038998, "side": "buy", "size": "0.00000364", "price": "117838.12000000", "time": "2025-07-16T01:22:36.202255Z", "fetched_at": "2025-07-16T01:23:25.312322+00:00", "symbol": "BTC-USD"}, {"trade_id": 850038997, "side": "buy", "size": "0.00000118", "price": "117838.12000000", "time": "2025-07-16T01:22:36.202255Z", "fetched_at": "2025-07-16T01:23:25.312322+00:00", "symbol": "BTC-USD"}, {"trade_id": 850038996, "side": "buy", "size": "0.02345000", "price": "117838.12000000", "time": "2025-07-16T01:22:36.202255Z", "fetched_at": "2025-07-16T01:23:25.312322+00:00", "symbol": "BTC-USD"}, {"trade_id": 850038995, "side": "buy", "size": "0.00945647", "price": "117838.12000000", "time": "2025-07-16T01:22:36.202255Z", "fetched_at": "2025-07-16T01:23:25.312322+00:00", "symbol": "BTC-USD"}, {"trade_id": 850038994, "side": "sell", "size": "0.00004024", "price": "117838.13000000", "time": "2025-07-16T01:22:35.704726Z", "fetched_at": "2025-07-16T01:23:25.312322+00:00", "symbol": "BTC-USD"}, {"trade_id": 850038993, "side": "buy", "size": "0.00055353", "price": "117838.12000000", "time": "2025-07-16T01:22:35.692321Z", "fetched_at": "2025-07-16T01:23:25.312322+00:00", "symbol": "BTC-USD"}, {"trade_id": 850038992, "side": "buy", "size": "0.00000347", "price": "117838.12000000", "time": "2025-07-16T01:22:35.692321Z", "fetched_at": "2025-07-16T01:23:25.312322+00:00", "symbol": "BTC-USD"}, {"trade_id": 850038991, "side": "buy", "size": "0.00004905", "price": "117838.12000000", "time": "2025-07-16T01:22:35.692321Z", "fetched_at": "2025-07-16T01:23:25.312322+00:00", "symbol": "BTC-USD"}, {"trade_id": 850038990, "side": "sell", "size": "0.02350767", "price": "117838.13000000", "time": "2025-07-16T01:22:35.389518Z", "fetched_at": "2025-07-16T01:23:25.312322+00:00", "symbol": "BTC-USD"}, {"trade_id": 850038989, "side": "sell", "size": "0.00014253", "price": "117838.13000000", "time": "2025-07-16T01:22:35.389518Z", "fetched_at": "2025-07-16T01:23:25.312322+00:00", "symbol": "BTC-USD"}, {"trade_id": 850038988, "side": "sell", "size": "0.00262525", "price": "117838.13000000", "time": "2025-07-16T01:22:35.389518Z", "fetched_at": "2025-07-16T01:23:25.312322+00:00", "symbol": "BTC-USD"}, {"trade_id": 850038987, "side": "sell", "size": "0.00160972", "price": "117838.13000000", "time": "2025-07-16T01:22:34.970751Z", "fetched_at": "2025-07-16T01:23:25.312322+00:00", "symbol": "BTC-USD"}, {"trade_id": 850038986, "side": "sell", "size": "0.00000840", "price": "117838.13000000", "time": "2025-07-16T01:22:33.331653Z", "fetched_at": "2025-07-16T01:23:25.312322+00:00", "symbol": "BTC-USD"}, {"trade_id": 850038985, "side": "sell", "size": "0.00416327", "price": "117838.13000000", "time": "2025-07-16T01:22:32.498960Z", "fetched_at": "2025-07-16T01:23:25.312322+00:00", "symbol": "BTC-USD"}, {"trade_id": 850038984, "side": "sell", "size": "0.01773900", "price": "117845.91000000", "time": "2025-07-16T01:22:31.670007Z", "fetched_at": "2025-07-16T01:23:25.312322+00:00", "symbol": "BTC-USD"}, {"trade_id": 850038983, "side": "sell", "size": "0.00084644", "price": "117845.93000000", "time": "2025-07-16T01:22:31.644114Z", "fetched_at": "2025-07-16T01:23:25.312322+00:00", "symbol": "BTC-USD"}, {"trade_id": 850038982, "side": "buy", "size": "0.00848566", "price": "117845.94000000", "time": "2025-07-16T01:22:31.630634Z", "fetched_at": "2025-07-16T01:23:25.312322+00:00", "symbol": "BTC-USD"}, {"trade_id": 850038981, "side": "buy", "size": "0.00002196", "price": "117847.71000000", "time": "2025-07-16T01:22:31.622812Z", "fetched_at": "2025-07-16T01:23:25.312322+00:00", "symbol": "BTC-USD"}, {"trade_id": 850038980, "side": "buy", "size": "0.02100100", "price": "117847.71000000", "time": "2025-07-16T01:22:31.622812Z", "fetched_at": "2025-07-16T01:23:25.312322+00:00", "symbol": "BTC-USD"}, {"trade_id": 850038979, "side": "buy", "size": "0.02145607", "price": "117847.71000000", "time": "2025-07-16T01:22:31.622812Z", "fetched_at": "2025-07-16T01:23:25.312322+00:00", "symbol": "BTC-USD"}, {"trade_id": 850038978, "side": "sell", "size": "0.00212023", "price": "117847.72000000", "time": "2025-07-16T01:22:31.532361Z", "fetched_at": "2025-07-16T01:23:25.312322+00:00", "symbol": "BTC-USD"}, {"trade_id": 850038977, "side": "sell", "size": "0.00005723", "price": "117847.72000000", "time": "2025-07-16T01:22:31.532361Z", "fetched_at": "2025-07-16T01:23:25.312322+00:00", "symbol": "BTC-USD"}, {"trade_id": 850038976, "side": "sell", "size": "0.00002067", "price": "117847.72000000", "time": "2025-07-16T01:22:31.532361Z", "fetched_at": "2025-07-16T01:23:25.312322+00:00", "symbol": "BTC-USD"}, {"trade_id": 850038975, "side": "sell", "size": "0.00028505", "price": "117847.72000000", "time": "2025-07-16T01:22:31.532361Z", "fetched_at": "2025-07-16T01:23:25.312322+00:00", "symbol": "BTC-USD"}, {"trade_id": 850038974, "side": "sell", "size": "0.00163998", "price": "117847.72000000", "time": "2025-07-16T01:22:31.532361Z", "fetched_at": "2025-07-16T01:23:25.312322+00:00", "symbol": "BTC-USD"}, {"trade_id": 850038973, "side": "sell", "size": "0.00110269", "price": "117847.72000000", "time": "2025-07-16T01:22:31.293092Z", "fetched_at": "2025-07-16T01:23:25.312322+00:00", "symbol": "BTC-USD"}, {"trade_id": 850038972, "side": "sell", "size": "0.00008402", "price": "117847.72000000", "time": "2025-07-16T01:22:30.814347Z", "fetched_at": "2025-07-16T01:23:25.312322+00:00", "symbol": "BTC-USD"}, {"trade_id": 850038971, "side": "sell", "size": "0.00009334", "price": "117847.71000000", "time": "2025-07-16T01:22:29.324899Z", "fetched_at": "2025-07-16T01:23:25.312322+00:00", "symbol": "BTC-USD"}, {"trade_id": 850038970, "side": "sell", "size": "0.00014968", "price": "117846.05000000", "time": "2025-07-16T01:22:29.324899Z", "fetched_at": "2025-07-16T01:23:25.312322+00:00", "symbol": "BTC-USD"}, {"trade_id": 850038969, "side": "sell", "size": "0.03027526", "price": "117846.04000000", "time": "2025-07-16T01:22:29.324899Z", "fetched_at": "2025-07-16T01:23:25.312322+00:00", "symbol": "BTC-USD"}, {"trade_id": 850038968, "side": "sell", "size": "0.00848565", "price": "117845.98000000", "time": "2025-07-16T01:22:29.324899Z", "fetched_at": "2025-07-16T01:23:25.312322+00:00", "symbol": "BTC-USD"}, {"trade_id": 850038967, "side": "buy", "size": "0.00000110", "price": "117847.71000000", "time": "2025-07-16T01:22:29.312501Z", "fetched_at": "2025-07-16T01:23:25.312322+00:00", "symbol": "BTC-USD"}, {"trade_id": 850038966, "side": "sell", "size": "0.00025206", "price": "117847.72000000", "time": "2025-07-16T01:22:28.875714Z", "fetched_at": "2025-07-16T01:23:25.312322+00:00", "symbol": "BTC-USD"}, {"trade_id": 850038965, "side": "sell", "size": "0.00000743", "price": "117847.72000000", "time": "2025-07-16T01:22:28.706484Z", "fetched_at": "2025-07-16T01:23:25.312322+00:00", "symbol": "BTC-USD"}, {"trade_id": 850038964, "side": "sell", "size": "0.00000088", "price": "117847.71000000", "time": "2025-07-16T01:22:28.706484Z", "fetched_at": "2025-07-16T01:23:25.312322+00:00", "symbol": "BTC-USD"}, {"trade_id": 850038963, "side": "sell", "size": "0.00006410", "price": "117847.72000000", "time": "2025-07-16T01:22:28.405777Z", "fetched_at": "2025-07-16T01:23:25.312322+00:00", "symbol": "BTC-USD"}, {"trade_id": 850038962, "side": "sell", "size": "0.00001992", "price": "117846.03000000", "time": "2025-07-16T01:22:28.405777Z", "fetched_at": "2025-07-16T01:23:25.312322+00:00", "symbol": "BTC-USD"}, {"trade_id": 850038961, "side": "sell", "size": "0.00109271", "price": "117847.72000000", "time": "2025-07-16T01:22:28.234220Z", "fetched_at": "2025-07-16T01:23:25.312322+00:00", "symbol": "BTC-USD"}, {"trade_id": 850038960, "side": "sell", "size": "0.00000664", "price": "117847.55000000", "time": "2025-07-16T01:22:28.234220Z", "fetched_at": "2025-07-16T01:23:25.312322+00:00", "symbol": "BTC-USD"}, {"trade_id": 850038959, "side": "sell", "size": "0.00008919", "price": "117846.03000000", "time": "2025-07-16T01:22:28.234220Z", "fetched_at": "2025-07-16T01:23:25.312322+00:00", "symbol": "BTC-USD"}, {"trade_id": 850038958, "side": "sell", "size": "0.00140682", "price": "117846.06000000", "time": "2025-07-16T01:22:28.063012Z", "fetched_at": "2025-07-16T01:23:25.312322+00:00", "symbol": "BTC-USD"}, {"trade_id": 850038957, "side": "sell", "size": "0.00001034", "price": "117846.04000000", "time": "2025-07-16T01:22:28.063012Z", "fetched_at": "2025-07-16T01:23:25.312322+00:00", "symbol": "BTC-USD"}, {"trade_id": 850038956, "side": "sell", "size": "0.00012736", "price": "117846.04000000", "time": "2025-07-16T01:22:28.063012Z", "fetched_at": "2025-07-16T01:23:25.312322+00:00", "symbol": "BTC-USD"}, {"trade_id": 850038955, "side": "sell", "size": "0.00007565", "price": "117846.03000000", "time": "2025-07-16T01:22:28.063012Z", "fetched_at": "2025-07-16T01:23:25.312322+00:00", "symbol": "BTC-USD"}, {"trade_id": 850038954, "side": "sell", "size": "0.00002919", "price": "117838.13000000", "time": "2025-07-16T01:22:28.063012Z", "fetched_at": "2025-07-16T01:23:25.312322+00:00", "symbol": "BTC-USD"}, {"trade_id": 850038953, "side": "sell", "size": "0.00000840", "price": "117838.13000000", "time": "2025-07-16T01:22:27.911757Z", "fetched_at": "2025-07-16T01:23:25.312322+00:00", "symbol": "BTC-USD"}, {"trade_id": 850038952, "side": "sell", "size": "0.00084008", "price": "117836.95000000", "time": "2025-07-16T01:22:26.219624Z", "fetched_at": "2025-07-16T01:23:25.312322+00:00", "symbol": "BTC-USD"}, {"trade_id": 850038951, "side": "buy", "size": "0.00485483", "price": "117827.45000000", "time": "2025-07-16T01:22:24.889021Z", "fetched_at": "2025-07-16T01:23:25.312322+00:00", "symbol": "BTC-USD"}, {"trade_id": 850038950, "side": "buy", "size": "0.00006088", "price": "117827.46000000", "time": "2025-07-16T01:22:24.889021Z", "fetched_at": "2025-07-16T01:23:25.312322+00:00", "symbol": "BTC-USD"}, {"trade_id": 850038949, "side": "buy", "size": "0.00848635", "price": "117836.32000000", "time": "2025-07-16T01:22:24.889021Z", "fetched_at": "2025-07-16T01:23:25.312322+00:00", "symbol": "BTC-USD"}, {"trade_id": 850038948, "side": "buy", "size": "0.00342376", "price": "117838.09000000", "time": "2025-07-16T01:22:24.889021Z", "fetched_at": "2025-07-16T01:23:25.312322+00:00", "symbol": "BTC-USD"}, {"trade_id": 850038947, "side": "sell", "size": "0.00007488", "price": "117838.10000000", "time": "2025-07-16T01:22:24.486399Z", "fetched_at": "2025-07-16T01:23:25.312322+00:00", "symbol": "BTC-USD"}, {"trade_id": 850038946, "side": "buy", "size": "0.00032748", "price": "117838.09000000", "time": "2025-07-16T01:22:23.822296Z", "fetched_at": "2025-07-16T01:23:25.312322+00:00", "symbol": "BTC-USD"}, {"trade_id": 850038945, "side": "buy", "size": "0.00000560", "price": "117838.09000000", "time": "2025-07-16T01:22:23.822296Z", "fetched_at": "2025-07-16T01:23:25.312322+00:00", "symbol": "BTC-USD"}, {"trade_id": 850038944, "side": "buy", "size": "0.00005965", "price": "117838.09000000", "time": "2025-07-16T01:22:23.822296Z", "fetched_at": "2025-07-16T01:23:25.312322+00:00", "symbol": "BTC-USD"}, {"trade_id": 850038943, "side": "buy", "size": "0.00000127", "price": "117838.10000000", "time": "2025-07-16T01:22:23.822296Z", "fetched_at": "2025-07-16T01:23:25.312322+00:00", "symbol": "BTC-USD"}, {"trade_id": 850038942, "side": "sell", "size": "0.00197971", "price": "117837.35000000", "time": "2025-07-16T01:22:21.855604Z", "fetched_at": "2025-07-16T01:23:25.312322+00:00", "symbol": "BTC-USD"}, {"trade_id": 850038941, "side": "sell", "size": "0.00008213", "price": "117837.34000000", "time": "2025-07-16T01:22:21.855604Z", "fetched_at": "2025-07-16T01:23:25.312322+00:00", "symbol": "BTC-USD"}, {"trade_id": 850038940, "side": "sell", "size": "0.00847585", "price": "117836.38000000", "time": "2025-07-16T01:22:21.460135Z", "fetched_at": "2025-07-16T01:23:25.312322+00:00", "symbol": "BTC-USD"}, {"trade_id": 850038939, "side": "sell", "size": "0.00832552", "price": "117834.61000000", "time": "2025-07-16T01:22:21.460135Z", "fetched_at": "2025-07-16T01:23:25.312322+00:00", "symbol": "BTC-USD"}, {"trade_id": 850038938, "side": "sell", "size": "0.00016095", "price": "117834.61000000", "time": "2025-07-16T01:22:21.320461Z", "fetched_at": "2025-07-16T01:23:25.312322+00:00", "symbol": "BTC-USD"}, {"trade_id": 850038937, "side": "buy", "size": "0.00383657", "price": "117826.65000000", "time": "2025-07-16T01:22:20.964806Z", "fetched_at": "2025-07-16T01:23:25.312322+00:00", "symbol": "BTC-USD"}, {"trade_id": 850038936, "side": "buy", "size": "0.00005166", "price": "117826.66000000", "time": "2025-07-16T01:22:20.964806Z", "fetched_at": "2025-07-16T01:23:25.312322+00:00", "symbol": "BTC-USD"}, {"trade_id": 850038935, "side": "buy", "size": "0.00003853", "price": "117828.22000000", "time": "2025-07-16T01:22:20.964806Z", "fetched_at": "2025-07-16T01:23:25.312322+00:00", "symbol": "BTC-USD"}, {"trade_id": 850038934, "side": "buy", "size": "0.00000127", "price": "117828.22000000", "time": "2025-07-16T01:22:20.964806Z", "fetched_at": "2025-07-16T01:23:25.312322+00:00", "symbol": "BTC-USD"}, {"trade_id": 850038933, "side": "buy", "size": "0.00848638", "price": "117835.86000000", "time": "2025-07-16T01:22:20.964806Z", "fetched_at": "2025-07-16T01:23:25.312322+00:00", "symbol": "BTC-USD"}, {"trade_id": 850038932, "side": "buy", "size": "0.00000008", "price": "117837.38000000", "time": "2025-07-16T01:22:20.964806Z", "fetched_at": "2025-07-16T01:23:25.312322+00:00", "symbol": "BTC-USD"}, {"trade_id": 850038931, "side": "buy", "size": "0.00472862", "price": "117837.52000000", "time": "2025-07-16T01:22:20.964806Z", "fetched_at": "2025-07-16T01:23:25.312322+00:00", "symbol": "BTC-USD"}, {"trade_id": 850038930, "side": "sell", "size": "0.00021731", "price": "117837.53000000", "time": "2025-07-16T01:22:20.612025Z", "fetched_at": "2025-07-16T01:23:25.312322+00:00", "symbol": "BTC-USD"}, {"trade_id": 850038929, "side": "sell", "size": "0.00064401", "price": "117837.53000000", "time": "2025-07-16T01:22:20.417418Z", "fetched_at": "2025-07-16T01:23:25.312322+00:00", "symbol": "BTC-USD"}, {"trade_id": 850038928, "side": "buy", "size": "0.00008393", "price": "117837.52000000", "time": "2025-07-16T01:22:20.207857Z", "fetched_at": "2025-07-16T01:23:25.312322+00:00", "symbol": "BTC-USD"}, {"trade_id": 850038927, "side": "buy", "size": "0.00000094", "price": "117837.63000000", "time": "2025-07-16T01:22:20.207857Z", "fetched_at": "2025-07-16T01:23:25.312322+00:00", "symbol": "BTC-USD"}, {"trade_id": 850038926, "side": "sell", "size": "0.00001757", "price": "117838.12000000", "time": "2025-07-16T01:22:19.665267Z", "fetched_at": "2025-07-16T01:23:25.312322+00:00", "symbol": "BTC-USD"}, {"trade_id": 850038925, "side": "sell", "size": "0.00008684", "price": "117838.12000000", "time": "2025-07-16T01:22:19.664042Z", "fetched_at": "2025-07-16T01:23:25.312322+00:00", "symbol": "BTC-USD"}, {"trade_id": 850038924, "side": "sell", "size": "0.00153284", "price": "117845.92000000", "time": "2025-07-16T01:22:19.403479Z", "fetched_at": "2025-07-16T01:23:25.312322+00:00", "symbol": "BTC-USD"}, {"trade_id": 850038923, "side": "buy", "size": "0.00000058", "price": "117837.63000000", "time": "2025-07-16T01:22:19.370613Z", "fetched_at": "2025-07-16T01:23:25.312322+00:00", "symbol": "BTC-USD"}, {"trade_id": 850038922, "side": "sell", "size": "0.00001520", "price": "117846.04000000", "time": "2025-07-16T01:22:19.217072Z", "fetched_at": "2025-07-16T01:23:25.312322+00:00", "symbol": "BTC-USD"}, {"trade_id": 850038921, "side": "sell", "size": "0.00001000", "price": "117846.04000000", "time": "2025-07-16T01:22:19.217072Z", "fetched_at": "2025-07-16T01:23:25.312322+00:00", "symbol": "BTC-USD"}, {"trade_id": 850038920, "side": "sell", "size": "0.00014255", "price": "117831.57000000", "time": "2025-07-16T01:22:17.652499Z", "fetched_at": "2025-07-16T01:23:25.312322+00:00", "symbol": "BTC-USD"}, {"trade_id": 850038919, "side": "sell", "size": "0.00002533", "price": "117831.55000000", "time": "2025-07-16T01:22:17.029644Z", "fetched_at": "2025-07-16T01:23:25.312322+00:00", "symbol": "BTC-USD"}, {"trade_id": 850038918, "side": "sell", "size": "0.00001458", "price": "117831.29000000", "time": "2025-07-16T01:22:17.029644Z", "fetched_at": "2025-07-16T01:23:25.312322+00:00", "symbol": "BTC-USD"}, {"trade_id": 850038917, "side": "buy", "size": "0.00197487", "price": "117826.44000000", "time": "2025-07-16T01:22:16.668891Z", "fetched_at": "2025-07-16T01:23:25.312322+00:00", "symbol": "BTC-USD"}, {"trade_id": 850038916, "side": "buy", "size": "0.00000135", "price": "117828.21000000", "time": "2025-07-16T01:22:16.668891Z", "fetched_at": "2025-07-16T01:23:25.312322+00:00", "symbol": "BTC-USD"}, {"trade_id": 850038915, "side": "buy", "size": "0.00014427", "price": "117828.21000000", "time": "2025-07-16T01:22:16.668891Z", "fetched_at": "2025-07-16T01:23:25.312322+00:00", "symbol": "BTC-USD"}, {"trade_id": 850038914, "side": "buy", "size": "0.00611943", "price": "117828.21000000", "time": "2025-07-16T01:22:16.668891Z", "fetched_at": "2025-07-16T01:23:25.312322+00:00", "symbol": "BTC-USD"}, {"trade_id": 850038913, "side": "buy", "size": "0.00005159", "price": "117828.22000000", "time": "2025-07-16T01:22:16.668891Z", "fetched_at": "2025-07-16T01:23:25.312322+00:00", "symbol": "BTC-USD"}, {"trade_id": 850038912, "side": "buy", "size": "0.00003543", "price": "117828.21000000", "time": "2025-07-16T01:22:15.924449Z", "fetched_at": "2025-07-16T01:23:25.312322+00:00", "symbol": "BTC-USD"}, {"trade_id": 850038911, "side": "buy", "size": "0.00005279", "price": "117828.22000000", "time": "2025-07-16T01:22:15.924449Z", "fetched_at": "2025-07-16T01:23:25.312322+00:00", "symbol": "BTC-USD"}, {"trade_id": 850038910, "side": "buy", "size": "0.00007713", "price": "117828.21000000", "time": "2025-07-16T01:22:14.923340Z", "fetched_at": "2025-07-16T01:23:25.312322+00:00", "symbol": "BTC-USD"}, {"trade_id": 850038909, "side": "buy", "size": "0.00070310", "price": "117828.21000000", "time": "2025-07-16T01:22:14.770396Z", "fetched_at": "2025-07-16T01:23:25.312322+00:00", "symbol": "BTC-USD"}, {"trade_id": 850038908, "side": "buy", "size": "0.00000704", "price": "117828.21000000", "time": "2025-07-16T01:22:14.770396Z", "fetched_at": "2025-07-16T01:23:25.312322+00:00", "symbol": "BTC-USD"}, {"trade_id": 850038907, "side": "buy", "size": "0.00005368", "price": "117828.21000000", "time": "2025-07-16T01:22:14.770396Z", "fetched_at": "2025-07-16T01:23:25.312322+00:00", "symbol": "BTC-USD"}, {"trade_id": 850038906, "side": "buy", "size": "0.00369982", "price": "117814.98000000", "time": "2025-07-16T01:22:14.446348Z", "fetched_at": "2025-07-16T01:23:25.312322+00:00", "symbol": "BTC-USD"}, {"trade_id": 850038905, "side": "buy", "size": "0.00848777", "price": "117816.46000000", "time": "2025-07-16T01:22:14.446348Z", "fetched_at": "2025-07-16T01:23:25.312322+00:00", "symbol": "BTC-USD"}, {"trade_id": 850038904, "side": "buy", "size": "0.00001000", "price": "117819.52000000", "time": "2025-07-16T01:22:14.446348Z", "fetched_at": "2025-07-16T01:23:25.312322+00:00", "symbol": "BTC-USD"}, {"trade_id": 850038903, "side": "buy", "size": "0.00002894", "price": "117823.46000000", "time": "2025-07-16T01:22:14.446348Z", "fetched_at": "2025-07-16T01:23:25.312322+00:00", "symbol": "BTC-USD"}, {"trade_id": 850038902, "side": "buy", "size": "0.00005447", "price": "117828.22000000", "time": "2025-07-16T01:22:14.446348Z", "fetched_at": "2025-07-16T01:23:25.312322+00:00", "symbol": "BTC-USD"}, {"trade_id": 850038901, "side": "sell", "size": "0.00329907", "price": "117828.23000000", "time": "2025-07-16T01:22:14.234897Z", "fetched_at": "2025-07-16T01:23:25.312322+00:00", "symbol": "BTC-USD"}, {"trade_id": 850038900, "side": "sell", "size": "0.00065418", "price": "117831.27000000", "time": "2025-07-16T01:22:13.786006Z", "fetched_at": "2025-07-16T01:23:25.312322+00:00", "symbol": "BTC-USD"}, {"trade_id": 850038899, "side": "buy", "size": "0.01192051", "price": "117817.67000000", "time": "2025-07-16T01:22:13.599464Z", "fetched_at": "2025-07-16T01:23:25.312322+00:00", "symbol": "BTC-USD"}, {"trade_id": 850038898, "side": "buy", "size": "0.03262488", "price": "117819.34000000", "time": "2025-07-16T01:22:13.599464Z", "fetched_at": "2025-07-16T01:23:25.312322+00:00", "symbol": "BTC-USD"}, {"trade_id": 850038897, "side": "buy", "size": "0.00001000", "price": "117819.52000000", "time": "2025-07-16T01:22:13.599464Z", "fetched_at": "2025-07-16T01:23:25.312322+00:00", "symbol": "BTC-USD"}, {"trade_id": 850038896, "side": "buy", "size": "0.01704986", "price": "117825.68000000", "time": "2025-07-16T01:22:13.599464Z", "fetched_at": "2025-07-16T01:23:25.312322+00:00", "symbol": "BTC-USD"}, {"trade_id": 850038895, "side": "buy", "size": "0.00001000", "price": "117828.36000000", "time": "2025-07-16T01:22:13.599464Z", "fetched_at": "2025-07-16T01:23:25.312322+00:00", "symbol": "BTC-USD"}, {"trade_id": 850038894, "side": "buy", "size": "0.00000152", "price": "117829.45000000", "time": "2025-07-16T01:22:13.599464Z", "fetched_at": "2025-07-16T01:23:25.312322+00:00", "symbol": "BTC-USD"}, {"trade_id": 850038893, "side": "buy", "size": "0.00554445", "price": "117829.45000000", "time": "2025-07-16T01:22:13.599464Z", "fetched_at": "2025-07-16T01:23:25.312322+00:00", "symbol": "BTC-USD"}, {"trade_id": 850038892, "side": "buy", "size": "0.00395676", "price": "117829.45000000", "time": "2025-07-16T01:22:13.599464Z", "fetched_at": "2025-07-16T01:23:25.312322+00:00", "symbol": "BTC-USD"}, {"trade_id": 850038891, "side": "buy", "size": "0.00848638", "price": "117835.92000000", "time": "2025-07-16T01:22:13.599464Z", "fetched_at": "2025-07-16T01:23:25.312322+00:00", "symbol": "BTC-USD"}, {"trade_id": 850038890, "side": "buy", "size": "0.00000356", "price": "117837.52000000", "time": "2025-07-16T01:22:13.599464Z", "fetched_at": "2025-07-16T01:23:25.312322+00:00", "symbol": "BTC-USD"}, {"trade_id": 850038889, "side": "buy", "size": "0.00006308", "price": "117837.69000000", "time": "2025-07-16T01:22:13.599464Z", "fetched_at": "2025-07-16T01:23:25.312322+00:00", "symbol": "BTC-USD"}, {"trade_id": 850038888, "side": "buy", "size": "0.00500000", "price": "117837.69000000", "time": "2025-07-16T01:22:13.599464Z", "fetched_at": "2025-07-16T01:23:25.312322+00:00", "symbol": "BTC-USD"}, {"trade_id": 850038887, "side": "buy", "size": "0.00848583", "price": "117843.58000000", "time": "2025-07-16T01:22:13.419612Z", "fetched_at": "2025-07-16T01:23:25.312322+00:00", "symbol": "BTC-USD"}, {"trade_id": 850038886, "side": "buy", "size": "0.00006956", "price": "117845.35000000", "time": "2025-07-16T01:22:13.419612Z", "fetched_at": "2025-07-16T01:23:25.312322+00:00", "symbol": "BTC-USD"}, {"trade_id": 850038885, "side": "buy", "size": "0.00017158", "price": "117845.35000000", "time": "2025-07-16T01:22:13.419612Z", "fetched_at": "2025-07-16T01:23:25.312322+00:00", "symbol": "BTC-USD"}, {"trade_id": 850038884, "side": "buy", "size": "0.00000093", "price": "117845.35000000", "time": "2025-07-16T01:22:13.419612Z", "fetched_at": "2025-07-16T01:23:25.312322+00:00", "symbol": "BTC-USD"}, {"trade_id": 850038883, "side": "sell", "size": "0.00416214", "price": "117845.36000000", "time": "2025-07-16T01:22:13.370059Z", "fetched_at": "2025-07-16T01:23:25.312322+00:00", "symbol": "BTC-USD"}, {"trade_id": 850038882, "side": "sell", "size": "0.00251764", "price": "117847.53000000", "time": "2025-07-16T01:22:12.821452Z", "fetched_at": "2025-07-16T01:23:25.312322+00:00", "symbol": "BTC-USD"}, {"trade_id": 850038881, "side": "sell", "size": "0.00007544", "price": "117847.52000000", "time": "2025-07-16T01:22:12.821452Z", "fetched_at": "2025-07-16T01:23:25.312322+00:00", "symbol": "BTC-USD"}, {"trade_id": 850038880, "side": "sell", "size": "0.00004025", "price": "117845.61000000", "time": "2025-07-16T01:22:12.053166Z", "fetched_at": "2025-07-16T01:23:25.312322+00:00", "symbol": "BTC-USD"}, {"trade_id": 850038879, "side": "sell", "size": "0.00041237", "price": "117845.71000000", "time": "2025-07-16T01:22:11.934448Z", "fetched_at": "2025-07-16T01:23:25.312322+00:00", "symbol": "BTC-USD"}, {"trade_id": 850038878, "side": "buy", "size": "0.00094589", "price": "117837.92000000", "time": "2025-07-16T01:22:11.881151Z", "fetched_at": "2025-07-16T01:23:25.312322+00:00", "symbol": "BTC-USD"}, {"trade_id": 850038877, "side": "buy", "size": "0.00002849", "price": "117846.82000000", "time": "2025-07-16T01:22:11.881151Z", "fetched_at": "2025-07-16T01:23:25.312322+00:00", "symbol": "BTC-USD"}, {"trade_id": 850038876, "side": "buy", "size": "0.00000296", "price": "117850.73000000", "time": "2025-07-16T01:22:11.881151Z", "fetched_at": "2025-07-16T01:23:25.312322+00:00", "symbol": "BTC-USD"}, {"trade_id": 850038875, "side": "sell", "size": "0.00024150", "price": "117854.20000000", "time": "2025-07-16T01:22:11.487397Z", "fetched_at": "2025-07-16T01:23:25.312322+00:00", "symbol": "BTC-USD"}, {"trade_id": 850038874, "side": "buy", "size": "0.00150692", "price": "117846.86000000", "time": "2025-07-16T01:22:11.312778Z", "fetched_at": "2025-07-16T01:23:25.312322+00:00", "symbol": "BTC-USD"}, {"trade_id": 850038873, "side": "buy", "size": "0.00006891", "price": "117846.87000000", "time": "2025-07-16T01:22:11.312778Z", "fetched_at": "2025-07-16T01:23:25.312322+00:00", "symbol": "BTC-USD"}, {"trade_id": 850038872, "side": "buy", "size": "0.00000347", "price": "117850.73000000", "time": "2025-07-16T01:22:11.312778Z", "fetched_at": "2025-07-16T01:23:25.312322+00:00", "symbol": "BTC-USD"}, {"trade_id": 850038871, "side": "buy", "size": "0.00004912", "price": "117850.73000000", "time": "2025-07-16T01:22:11.312778Z", "fetched_at": "2025-07-16T01:23:25.312322+00:00", "symbol": "BTC-USD"}, {"trade_id": 850038870, "side": "sell", "size": "0.00000167", "price": "117854.26000000", "time": "2025-07-16T01:22:11.246419Z", "fetched_at": "2025-07-16T01:23:25.312322+00:00", "symbol": "BTC-USD"}, {"trade_id": 850038869, "side": "sell", "size": "0.00032196", "price": "117856.38000000", "time": "2025-07-16T01:22:10.975871Z", "fetched_at": "2025-07-16T01:23:25.312322+00:00", "symbol": "BTC-USD"}, {"trade_id": 850038868, "side": "buy", "size": "0.00424342", "price": "117850.76000000", "time": "2025-07-16T01:22:10.709229Z", "fetched_at": "2025-07-16T01:23:25.312322+00:00", "symbol": "BTC-USD"}, {"trade_id": 850038867, "side": "sell", "size": "0.00041237", "price": "117856.65000000", "time": "2025-07-16T01:22:10.449076Z", "fetched_at": "2025-07-16T01:23:25.312322+00:00", "symbol": "BTC-USD"}, {"trade_id": 850038866, "side": "sell", "size": "0.00047334", "price": "117854.62000000", "time": "2025-07-16T01:22:09.434525Z", "fetched_at": "2025-07-16T01:23:25.312322+00:00", "symbol": "BTC-USD"}, {"trade_id": 850038865, "side": "sell", "size": "0.00005223", "price": "117850.74000000", "time": "2025-07-16T01:22:09.434525Z", "fetched_at": "2025-07-16T01:23:25.312322+00:00", "symbol": "BTC-USD"}, {"trade_id": 850038864, "side": "sell", "size": "0.00075903", "price": "117854.66000000", "time": "2025-07-16T01:22:09.207300Z", "fetched_at": "2025-07-16T01:23:25.312322+00:00", "symbol": "BTC-USD"}, {"trade_id": 850038863, "side": "sell", "size": "0.00004596", "price": "117850.74000000", "time": "2025-07-16T01:22:09.207300Z", "fetched_at": "2025-07-16T01:23:25.312322+00:00", "symbol": "BTC-USD"}, {"trade_id": 850038862, "side": "sell", "size": "0.00195504", "price": "117852.54000000", "time": "2025-07-16T01:22:08.647285Z", "fetched_at": "2025-07-16T01:23:25.312322+00:00", "symbol": "BTC-USD"}, {"trade_id": 850038861, "side": "sell", "size": "0.00005747", "price": "117850.74000000", "time": "2025-07-16T01:22:08.647285Z", "fetched_at": "2025-07-16T01:23:25.312322+00:00", "symbol": "BTC-USD"}, {"trade_id": 850038860, "side": "sell", "size": "0.00158490", "price": "117852.69000000", "time": "2025-07-16T01:22:08.126775Z", "fetched_at": "2025-07-16T01:23:25.312322+00:00", "symbol": "BTC-USD"}, {"trade_id": 850038859, "side": "sell", "size": "0.00000664", "price": "117852.56000000", "time": "2025-07-16T01:22:08.126775Z", "fetched_at": "2025-07-16T01:23:25.312322+00:00", "symbol": "BTC-USD"}, {"trade_id": 850038858, "side": "sell", "size": "0.00005794", "price": "117850.74000000", "time": "2025-07-16T01:22:08.126775Z", "fetched_at": "2025-07-16T01:23:25.312322+00:00", "symbol": "BTC-USD"}, {"trade_id": 850038857, "side": "sell", "size": "0.00076323", "price": "117859.83000000", "time": "2025-07-16T01:22:07.494589Z", "fetched_at": "2025-07-16T01:23:25.312322+00:00", "symbol": "BTC-USD"}, {"trade_id": 850038856, "side": "sell", "size": "0.00005151", "price": "117854.88000000", "time": "2025-07-16T01:22:07.494589Z", "fetched_at": "2025-07-16T01:23:25.312322+00:00", "symbol": "BTC-USD"}, {"trade_id": 850038855, "side": "sell", "size": "0.00001000", "price": "117854.88000000", "time": "2025-07-16T01:22:07.494589Z", "fetched_at": "2025-07-16T01:23:25.312322+00:00", "symbol": "BTC-USD"}, {"trade_id": 850038854, "side": "sell", "size": "0.00001764", "price": "117850.75000000", "time": "2025-07-16T01:22:07.400372Z", "fetched_at": "2025-07-16T01:23:25.312322+00:00", "symbol": "BTC-USD"}, {"trade_id": 850038853, "side": "sell", "size": "0.00005235", "price": "117849.00000000", "time": "2025-07-16T01:22:07.400372Z", "fetched_at": "2025-07-16T01:23:25.312322+00:00", "symbol": "BTC-USD"}, {"trade_id": 850038852, "side": "sell", "size": "0.00009494", "price": "117849.00000000", "time": "2025-07-16T01:22:07.400372Z", "fetched_at": "2025-07-16T01:23:25.312322+00:00", "symbol": "BTC-USD"}, {"trade_id": 850038851, "side": "sell", "size": "0.00002507", "price": "117849.00000000", "time": "2025-07-16T01:22:07.383786Z", "fetched_at": "2025-07-16T01:23:25.312322+00:00", "symbol": "BTC-USD"}, {"trade_id": 850038850, "side": "sell", "size": "0.00000609", "price": "117849.00000000", "time": "2025-07-16T01:22:07.383786Z", "fetched_at": "2025-07-16T01:23:25.312322+00:00", "symbol": "BTC-USD"}, {"trade_id": 850038849, "side": "sell", "size": "0.00005076", "price": "117846.05000000", "time": "2025-07-16T01:22:07.383786Z", "fetched_at": "2025-07-16T01:23:25.312322+00:00", "symbol": "BTC-USD"}, {"trade_id": 850038848, "side": "buy", "size": "0.00009725", "price": "117846.04000000", "time": "2025-07-16T01:22:07.266080Z", "fetched_at": "2025-07-16T01:23:25.312322+00:00", "symbol": "BTC-USD"}, {"trade_id": 850038847, "side": "buy", "size": "0.00001308", "price": "117846.04000000", "time": "2025-07-16T01:22:07.266080Z", "fetched_at": "2025-07-16T01:23:25.312322+00:00", "symbol": "BTC-USD"}, {"trade_id": 850038846, "side": "sell", "size": "0.00025126", "price": "117848.94000000", "time": "2025-07-16T01:22:06.840262Z", "fetched_at": "2025-07-16T01:23:25.312322+00:00", "symbol": "BTC-USD"}, {"trade_id": 850038845, "side": "sell", "size": "0.00004624", "price": "117849.02000000", "time": "2025-07-16T01:22:06.645081Z", "fetched_at": "2025-07-16T01:23:25.312322+00:00", "symbol": "BTC-USD"}, {"trade_id": 850038844, "side": "sell", "size": "0.00005621", "price": "117846.05000000", "time": "2025-07-16T01:22:06.645081Z", "fetched_at": "2025-07-16T01:23:25.312322+00:00", "symbol": "BTC-USD"}, {"trade_id": 850038843, "side": "sell", "size": "0.00012402", "price": "117846.05000000", "time": "2025-07-16T01:22:06.645081Z", "fetched_at": "2025-07-16T01:23:25.312322+00:00", "symbol": "BTC-USD"}, {"trade_id": 850038842, "side": "sell", "size": "0.00000212", "price": "117846.05000000", "time": "2025-07-16T01:22:06.645081Z", "fetched_at": "2025-07-16T01:23:25.312322+00:00", "symbol": "BTC-USD"}, {"trade_id": 850038841, "side": "sell", "size": "0.00018378", "price": "117846.05000000", "time": "2025-07-16T01:22:06.645081Z", "fetched_at": "2025-07-16T01:23:25.312322+00:00", "symbol": "BTC-USD"}, {"trade_id": 850038840, "side": "sell", "size": "0.00001595", "price": "117849.08000000", "time": "2025-07-16T01:22:06.218669Z", "fetched_at": "2025-07-16T01:23:25.312322+00:00", "symbol": "BTC-USD"}, {"trade_id": 850038839, "side": "sell", "size": "0.00001000", "price": "117846.04000000", "time": "2025-07-16T01:22:06.218669Z", "fetched_at": "2025-07-16T01:23:25.312322+00:00", "symbol": "BTC-USD"}, {"trade_id": 850038838, "side": "sell", "size": "0.00005597", "price": "117844.01000000", "time": "2025-07-16T01:22:06.218669Z", "fetched_at": "2025-07-16T01:23:25.312322+00:00", "symbol": "BTC-USD"}, {"trade_id": 850038837, "side": "buy", "size": "0.00665326", "price": "117844.00000000", "time": "2025-07-16T01:22:06.071194Z", "fetched_at": "2025-07-16T01:23:25.312322+00:00", "symbol": "BTC-USD"}, {"trade_id": 850038836, "side": "buy", "size": "0.00002800", "price": "117844.00000000", "time": "2025-07-16T01:22:06.071194Z", "fetched_at": "2025-07-16T01:23:25.312322+00:00", "symbol": "BTC-USD"}, {"trade_id": 850038835, "side": "buy", "size": "0.00134652", "price": "117844.00000000", "time": "2025-07-16T01:22:06.071194Z", "fetched_at": "2025-07-16T01:23:25.312322+00:00", "symbol": "BTC-USD"}, {"trade_id": 850038834, "side": "sell", "size": "0.00451630", "price": "117844.89000000", "time": "2025-07-16T01:22:05.570431Z", "fetched_at": "2025-07-16T01:23:25.312322+00:00", "symbol": "BTC-USD"}, {"trade_id": 850038833, "side": "sell", "size": "0.00001033", "price": "117840.07000000", "time": "2025-07-16T01:22:05.570431Z", "fetched_at": "2025-07-16T01:23:25.312322+00:00", "symbol": "BTC-USD"}, {"trade_id": 850038832, "side": "sell", "size": "0.00001000", "price": "117837.20000000", "time": "2025-07-16T01:22:05.570431Z", "fetched_at": "2025-07-16T01:23:25.312322+00:00", "symbol": "BTC-USD"}, {"trade_id": 850038831, "side": "sell", "size": "0.00082117", "price": "117834.66000000", "time": "2025-07-16T01:22:05.418060Z", "fetched_at": "2025-07-16T01:23:25.312322+00:00", "symbol": "BTC-USD"}, {"trade_id": 850038830, "side": "sell", "size": "0.00001903", "price": "117833.72000000", "time": "2025-07-16T01:22:05.418060Z", "fetched_at": "2025-07-16T01:23:25.312322+00:00", "symbol": "BTC-USD"}, {"trade_id": 850038829, "side": "sell", "size": "0.00826121", "price": "117831.95000000", "time": "2025-07-16T01:22:05.364522Z", "fetched_at": "2025-07-16T01:23:25.312322+00:00", "symbol": "BTC-USD"}, {"trade_id": 850038828, "side": "sell", "size": "0.00021879", "price": "117831.23000000", "time": "2025-07-16T01:22:05.364522Z", "fetched_at": "2025-07-16T01:23:25.312322+00:00", "symbol": "BTC-USD"}, {"trade_id": 850038827, "side": "sell", "size": "0.00826792", "price": "117831.23000000", "time": "2025-07-16T01:22:05.364333Z", "fetched_at": "2025-07-16T01:23:25.312322+00:00", "symbol": "BTC-USD"}, {"trade_id": 850038826, "side": "sell", "size": "0.00001903", "price": "117831.22000000", "time": "2025-07-16T01:22:05.364333Z", "fetched_at": "2025-07-16T01:23:25.312322+00:00", "symbol": "BTC-USD"}, {"trade_id": 850038825, "side": "sell", "size": "0.00001879", "price": "117829.46000000", "time": "2025-07-16T01:22:05.364333Z", "fetched_at": "2025-07-16T01:23:25.312322+00:00", "symbol": "BTC-USD"}, {"trade_id": 850038824, "side": "sell", "size": "0.00000664", "price": "117829.46000000", "time": "2025-07-16T01:22:05.364333Z", "fetched_at": "2025-07-16T01:23:25.312322+00:00", "symbol": "BTC-USD"}, {"trade_id": 850038823, "side": "sell", "size": "0.00000263", "price": "117829.46000000", "time": "2025-07-16T01:22:05.364333Z", "fetched_at": "2025-07-16T01:23:25.312322+00:00", "symbol": "BTC-USD"}, {"trade_id": 850038822, "side": "sell", "size": "0.00016499", "price": "117829.46000000", "time": "2025-07-16T01:22:05.364333Z", "fetched_at": "2025-07-16T01:23:25.312322+00:00", "symbol": "BTC-USD"}, {"trade_id": 850038821, "side": "sell", "size": "0.00008192", "price": "117829.46000000", "time": "2025-07-16T01:22:04.426595Z", "fetched_at": "2025-07-16T01:23:25.312322+00:00", "symbol": "BTC-USD"}, {"trade_id": 850038820, "side": "sell", "size": "0.00082474", "price": "117829.46000000", "time": "2025-07-16T01:22:04.414497Z", "fetched_at": "2025-07-16T01:23:25.312322+00:00", "symbol": "BTC-USD"}, {"trade_id": 850038819, "side": "sell", "size": "0.00061858", "price": "117829.46000000", "time": "2025-07-16T01:22:03.379102Z", "fetched_at": "2025-07-16T01:23:25.312322+00:00", "symbol": "BTC-USD"}, {"trade_id": 850038818, "side": "sell", "size": "0.00016493", "price": "117829.46000000", "time": "2025-07-16T01:22:03.276706Z", "fetched_at": "2025-07-16T01:23:25.312322+00:00", "symbol": "BTC-USD"}, {"trade_id": 850038817, "side": "sell", "size": "0.00008192", "price": "117829.46000000", "time": "2025-07-16T01:22:03.131849Z", "fetched_at": "2025-07-16T01:23:25.312322+00:00", "symbol": "BTC-USD"}, {"trade_id": 850038816, "side": "sell", "size": "0.00013603", "price": "117829.46000000", "time": "2025-07-16T01:22:02.968801Z", "fetched_at": "2025-07-16T01:23:25.312322+00:00", "symbol": "BTC-USD"}, {"trade_id": 850038815, "side": "sell", "size": "0.00042877", "price": "117829.46000000", "time": "2025-07-16T01:22:02.957261Z", "fetched_at": "2025-07-16T01:23:25.312322+00:00", "symbol": "BTC-USD"}, {"trade_id": 850038814, "side": "buy", "size": "0.00015826", "price": "117829.45000000", "time": "2025-07-16T01:22:02.860254Z", "fetched_at": "2025-07-16T01:23:25.312322+00:00", "symbol": "BTC-USD"}, {"trade_id": 850038813, "side": "sell", "size": "0.00003991", "price": "117829.46000000", "time": "2025-07-16T01:22:02.800549Z", "fetched_at": "2025-07-16T01:23:25.312322+00:00", "symbol": "BTC-USD"}, {"trade_id": 850038812, "side": "sell", "size": "0.00020123", "price": "117829.46000000", "time": "2025-07-16T01:22:02.394987Z", "fetched_at": "2025-07-16T01:23:25.312322+00:00", "symbol": "BTC-USD"}, {"trade_id": 850038811, "side": "sell", "size": "0.00005881", "price": "117829.46000000", "time": "2025-07-16T01:22:02.303670Z", "fetched_at": "2025-07-16T01:23:25.312322+00:00", "symbol": "BTC-USD"}, {"trade_id": 850038810, "side": "sell", "size": "0.00016493", "price": "117829.46000000", "time": "2025-07-16T01:22:02.074007Z", "fetched_at": "2025-07-16T01:23:25.312322+00:00", "symbol": "BTC-USD"}, {"trade_id": 850038809, "side": "sell", "size": "0.00020618", "price": "117829.46000000", "time": "2025-07-16T01:22:02.071333Z", "fetched_at": "2025-07-16T01:23:25.312322+00:00", "symbol": "BTC-USD"}, {"trade_id": 850038808, "side": "sell", "size": "0.00007921", "price": "117829.46000000", "time": "2025-07-16T01:22:01.465861Z", "fetched_at": "2025-07-16T01:23:25.312322+00:00", "symbol": "BTC-USD"}, {"trade_id": 850038807, "side": "sell", "size": "0.00007226", "price": "117829.46000000", "time": "2025-07-16T01:22:01.465861Z", "fetched_at": "2025-07-16T01:23:25.312322+00:00", "symbol": "BTC-USD"}, {"trade_id": 850038806, "side": "sell", "size": "0.00848684", "price": "117829.46000000", "time": "2025-07-16T01:22:01.465861Z", "fetched_at": "2025-07-16T01:23:25.312322+00:00", "symbol": "BTC-USD"}, {"trade_id": 850038805, "side": "sell", "size": "0.00003991", "price": "117829.46000000", "time": "2025-07-16T01:22:01.209486Z", "fetched_at": "2025-07-16T01:23:25.312322+00:00", "symbol": "BTC-USD"}, {"trade_id": 850038804, "side": "sell", "size": "0.00016493", "price": "117832.66000000", "time": "2025-07-16T01:22:00.775155Z", "fetched_at": "2025-07-16T01:23:25.312322+00:00", "symbol": "BTC-USD"}, {"trade_id": 850038803, "side": "sell", "size": "0.00040792", "price": "117832.67000000", "time": "2025-07-16T01:22:00.737296Z", "fetched_at": "2025-07-16T01:23:25.312322+00:00", "symbol": "BTC-USD"}, {"trade_id": 850038802, "side": "sell", "size": "0.00000446", "price": "117829.46000000", "time": "2025-07-16T01:22:00.737296Z", "fetched_at": "2025-07-16T01:23:25.312322+00:00", "symbol": "BTC-USD"}, {"trade_id": 850038801, "side": "sell", "size": "0.00001433", "price": "117829.46000000", "time": "2025-07-16T01:22:00.496499Z", "fetched_at": "2025-07-16T01:23:25.312322+00:00", "symbol": "BTC-USD"}, {"trade_id": 850038800, "side": "sell", "size": "0.00006760", "price": "117829.46000000", "time": "2025-07-16T01:22:00.496499Z", "fetched_at": "2025-07-16T01:23:25.312322+00:00", "symbol": "BTC-USD"}, {"trade_id": 850038799, "side": "sell", "size": "0.00004244", "price": "117829.46000000", "time": "2025-07-16T01:22:00.275832Z", "fetched_at": "2025-07-16T01:23:25.312322+00:00", "symbol": "BTC-USD"}, {"trade_id": 850038798, "side": "buy", "size": "0.00041147", "price": "117829.45000000", "time": "2025-07-16T01:22:00.233821Z", "fetched_at": "2025-07-16T01:23:25.312322+00:00", "symbol": "BTC-USD"}, {"trade_id": 850038797, "side": "sell", "size": "0.00021006", "price": "117829.46000000", "time": "2025-07-16T01:22:00.169648Z", "fetched_at": "2025-07-16T01:23:25.312322+00:00", "symbol": "BTC-USD"}, {"trade_id": 850038796, "side": "sell", "size": "0.00020619", "price": "117829.46000000", "time": "2025-07-16T01:22:00.122988Z", "fetched_at": "2025-07-16T01:23:25.312322+00:00", "symbol": "BTC-USD"}, {"trade_id": 850038795, "side": "buy", "size": "0.00030553", "price": "117829.45000000", "time": "2025-07-16T01:22:00.059723Z", "fetched_at": "2025-07-16T01:23:25.312322+00:00", "symbol": "BTC-USD"}, {"trade_id": 850038794, "side": "sell", "size": "0.00008193", "price": "117829.46000000", "time": "2025-07-16T01:22:00.021052Z", "fetched_at": "2025-07-16T01:23:25.312322+00:00", "symbol": "BTC-USD"}, {"trade_id": 850038793, "side": "sell", "size": "0.00034259", "price": "117829.46000000", "time": "2025-07-16T01:21:59.965369Z", "fetched_at": "2025-07-16T01:23:25.312322+00:00", "symbol": "BTC-USD"}, {"trade_id": 850038792, "side": "sell", "size": "0.00006981", "price": "117829.46000000", "time": "2025-07-16T01:21:59.965369Z", "fetched_at": "2025-07-16T01:23:25.312322+00:00", "symbol": "BTC-USD"}, {"trade_id": 850038791, "side": "sell", "size": "0.00320955", "price": "117831.22000000", "time": "2025-07-16T01:21:59.459004Z", "fetched_at": "2025-07-16T01:23:25.312322+00:00", "symbol": "BTC-USD"}, {"trade_id": 850038790, "side": "sell", "size": "0.00050534", "price": "117831.22000000", "time": "2025-07-16T01:21:59.457050Z", "fetched_at": "2025-07-16T01:23:25.312322+00:00", "symbol": "BTC-USD"}, {"trade_id": 850038789, "side": "sell", "size": "0.00005825", "price": "117829.46000000", "time": "2025-07-16T01:21:59.457050Z", "fetched_at": "2025-07-16T01:23:25.312322+00:00", "symbol": "BTC-USD"}, {"trade_id": 850038788, "side": "sell", "size": "0.00185855", "price": "117831.22000000", "time": "2025-07-16T01:21:59.441374Z", "fetched_at": "2025-07-16T01:23:25.312322+00:00", "symbol": "BTC-USD"}, {"trade_id": 850038787, "side": "sell", "size": "0.00018377", "price": "117829.46000000", "time": "2025-07-16T01:21:59.441374Z", "fetched_at": "2025-07-16T01:23:25.312322+00:00", "symbol": "BTC-USD"}, {"trade_id": 850038786, "side": "sell", "size": "0.00005825", "price": "117829.46000000", "time": "2025-07-16T01:21:59.441374Z", "fetched_at": "2025-07-16T01:23:25.312322+00:00", "symbol": "BTC-USD"}, {"trade_id": 850038785, "side": "sell", "size": "0.00059420", "price": "117831.23000000", "time": "2025-07-16T01:21:59.424550Z", "fetched_at": "2025-07-16T01:23:25.312322+00:00", "symbol": "BTC-USD"}, {"trade_id": 850038784, "side": "sell", "size": "0.00005690", "price": "117829.46000000", "time": "2025-07-16T01:21:59.424550Z", "fetched_at": "2025-07-16T01:23:25.312322+00:00", "symbol": "BTC-USD"}, {"trade_id": 850038783, "side": "sell", "size": "0.00000868", "price": "117829.46000000", "time": "2025-07-16T01:21:59.424550Z", "fetched_at": "2025-07-16T01:23:25.312322+00:00", "symbol": "BTC-USD"}, {"trade_id": 850038782, "side": "sell", "size": "0.00016499", "price": "117829.46000000", "time": "2025-07-16T01:21:59.424550Z", "fetched_at": "2025-07-16T01:23:25.312322+00:00", "symbol": "BTC-USD"}, {"trade_id": 850038781, "side": "sell", "size": "0.00008192", "price": "117829.46000000", "time": "2025-07-16T01:21:59.380951Z", "fetched_at": "2025-07-16T01:23:25.312322+00:00", "symbol": "BTC-USD"}, {"trade_id": 850038780, "side": "sell", "size": "0.00016494", "price": "117829.46000000", "time": "2025-07-16T01:21:59.231735Z", "fetched_at": "2025-07-16T01:23:25.312322+00:00", "symbol": "BTC-USD"}, {"trade_id": 850038779, "side": "sell", "size": "0.00020619", "price": "117829.46000000", "time": "2025-07-16T01:21:59.209795Z", "fetched_at": "2025-07-16T01:23:25.312322+00:00", "symbol": "BTC-USD"}, {"trade_id": 850038778, "side": "sell", "size": "0.00041238", "price": "117829.46000000", "time": "2025-07-16T01:21:58.767888Z", "fetched_at": "2025-07-16T01:23:25.312322+00:00", "symbol": "BTC-USD"}, {"trade_id": 850038777, "side": "buy", "size": "0.00034288", "price": "117829.45000000", "time": "2025-07-16T01:21:56.621677Z", "fetched_at": "2025-07-16T01:23:25.312322+00:00", "symbol": "BTC-USD"}, {"trade_id": 850038776, "side": "sell", "size": "0.00006237", "price": "117829.46000000", "time": "2025-07-16T01:21:56.426367Z", "fetched_at": "2025-07-16T01:23:25.312322+00:00", "symbol": "BTC-USD"}, {"trade_id": 850038775, "side": "sell", "size": "0.00404797", "price": "117832.38000000", "time": "2025-07-16T01:21:55.504401Z", "fetched_at": "2025-07-16T01:23:25.312322+00:00", "symbol": "BTC-USD"}, {"trade_id": 850038774, "side": "sell", "size": "0.00000169", "price": "117829.46000000", "time": "2025-07-16T01:21:55.504401Z", "fetched_at": "2025-07-16T01:23:25.312322+00:00", "symbol": "BTC-USD"}, {"trade_id": 850038773, "side": "sell", "size": "0.00007455", "price": "117829.46000000", "time": "2025-07-16T01:21:55.504401Z", "fetched_at": "2025-07-16T01:23:25.312322+00:00", "symbol": "BTC-USD"}, {"trade_id": 850038772, "side": "sell", "size": "0.00025543", "price": "117829.46000000", "time": "2025-07-16T01:21:55.366861Z", "fetched_at": "2025-07-16T01:23:25.312322+00:00", "symbol": "BTC-USD"}, {"trade_id": 850038771, "side": "sell", "size": "0.00007447", "price": "117829.46000000", "time": "2025-07-16T01:21:55.366861Z", "fetched_at": "2025-07-16T01:23:25.312322+00:00", "symbol": "BTC-USD"}, {"trade_id": 850038770, "side": "sell", "size": "0.00082477", "price": "117832.83000000", "time": "2025-07-16T01:21:54.666787Z", "fetched_at": "2025-07-16T01:23:25.312322+00:00", "symbol": "BTC-USD"}, {"trade_id": 850038769, "side": "sell", "size": "0.00034140", "price": "117832.83000000", "time": "2025-07-16T01:21:54.594423Z", "fetched_at": "2025-07-16T01:23:25.312322+00:00", "symbol": "BTC-USD"}, {"trade_id": 850038768, "side": "sell", "size": "0.00007102", "price": "117832.82000000", "time": "2025-07-16T01:21:54.594423Z", "fetched_at": "2025-07-16T01:23:25.312322+00:00", "symbol": "BTC-USD"}, {"trade_id": 850038767, "side": "sell", "size": "0.00008402", "price": "117832.85000000", "time": "2025-07-16T01:21:54.493391Z", "fetched_at": "2025-07-16T01:23:25.312322+00:00", "symbol": "BTC-USD"}, {"trade_id": 850038766, "side": "sell", "size": "0.00153103", "price": "117829.45000000", "time": "2025-07-16T01:21:54.301257Z", "fetched_at": "2025-07-16T01:23:25.312322+00:00", "symbol": "BTC-USD"}, {"trade_id": 850038765, "side": "sell", "size": "0.00001901", "price": "117829.45000000", "time": "2025-07-16T01:21:54.301257Z", "fetched_at": "2025-07-16T01:23:25.312322+00:00", "symbol": "BTC-USD"}, {"trade_id": 850038764, "side": "sell", "size": "0.00045736", "price": "117829.45000000", "time": "2025-07-16T01:21:54.301257Z", "fetched_at": "2025-07-16T01:23:25.312322+00:00", "symbol": "BTC-USD"}, {"trade_id": 850038763, "side": "sell", "size": "0.00009336", "price": "117827.68000000", "time": "2025-07-16T01:21:54.301257Z", "fetched_at": "2025-07-16T01:23:25.312322+00:00", "symbol": "BTC-USD"}, {"trade_id": 850038762, "side": "sell", "size": "0.00004201", "price": "117827.68000000", "time": "2025-07-16T01:21:54.287911Z", "fetched_at": "2025-07-16T01:23:25.312322+00:00", "symbol": "BTC-USD"}, {"trade_id": 850038761, "side": "buy", "size": "0.00081593", "price": "117827.76000000", "time": "2025-07-16T01:21:53.057916Z", "fetched_at": "2025-07-16T01:23:25.312322+00:00", "symbol": "BTC-USD"}, {"trade_id": 850038760, "side": "buy", "size": "0.00003286", "price": "117827.76000000", "time": "2025-07-16T01:21:53.057916Z", "fetched_at": "2025-07-16T01:23:25.312322+00:00", "symbol": "BTC-USD"}, {"trade_id": 850038759, "side": "buy", "size": "0.00180415", "price": "117825.36000000", "time": "2025-07-16T01:21:51.994638Z", "fetched_at": "2025-07-16T01:23:25.312322+00:00", "symbol": "BTC-USD"}, {"trade_id": 850038758, "side": "sell", "size": "0.00006580", "price": "117829.49000000", "time": "2025-07-16T01:21:51.802581Z", "fetched_at": "2025-07-16T01:23:25.312322+00:00", "symbol": "BTC-USD"}, {"trade_id": 850038757, "side": "sell", "size": "0.00001000", "price": "117828.36000000", "time": "2025-07-16T01:21:51.802581Z", "fetched_at": "2025-07-16T01:23:25.312322+00:00", "symbol": "BTC-USD"}, {"trade_id": 850038756, "side": "sell", "size": "0.00000460", "price": "117825.20000000", "time": "2025-07-16T01:21:51.802581Z", "fetched_at": "2025-07-16T01:23:25.312322+00:00", "symbol": "BTC-USD"}, {"trade_id": 850038755, "side": "sell", "size": "0.00000212", "price": "117825.20000000", "time": "2025-07-16T01:21:51.802581Z", "fetched_at": "2025-07-16T01:23:25.312322+00:00", "symbol": "BTC-USD"}, {"trade_id": 850038754, "side": "sell", "size": "0.00303475", "price": "117823.72000000", "time": "2025-07-16T01:21:51.199110Z", "fetched_at": "2025-07-16T01:23:25.312322+00:00", "symbol": "BTC-USD"}, {"trade_id": 850038753, "side": "sell", "size": "0.00091472", "price": "117821.98000000", "time": "2025-07-16T01:21:51.199110Z", "fetched_at": "2025-07-16T01:23:25.312322+00:00", "symbol": "BTC-USD"}, {"trade_id": 850038752, "side": "sell", "size": "0.00005053", "price": "117821.98000000", "time": "2025-07-16T01:21:51.199110Z", "fetched_at": "2025-07-16T01:23:25.312322+00:00", "symbol": "BTC-USD"}, {"trade_id": 850038751, "side": "sell", "size": "0.00011119", "price": "117821.95000000", "time": "2025-07-16T01:21:50.554286Z", "fetched_at": "2025-07-16T01:23:25.312322+00:00", "symbol": "BTC-USD"}, {"trade_id": 850038750, "side": "buy", "size": "0.00017824", "price": "117818.76000000", "time": "2025-07-16T01:21:50.039652Z", "fetched_at": "2025-07-16T01:23:25.312322+00:00", "symbol": "BTC-USD"}, {"trade_id": 850038749, "side": "sell", "size": "0.00012394", "price": "117825.14000000", "time": "2025-07-16T01:21:49.523081Z", "fetched_at": "2025-07-16T01:23:25.312322+00:00", "symbol": "BTC-USD"}, {"trade_id": 850038748, "side": "sell", "size": "0.00009337", "price": "117825.13000000", "time": "2025-07-16T01:21:49.523081Z", "fetched_at": "2025-07-16T01:23:25.312322+00:00", "symbol": "BTC-USD"}, {"trade_id": 850038747, "side": "sell", "size": "0.00424396", "price": "117822.21000000", "time": "2025-07-16T01:21:49.523081Z", "fetched_at": "2025-07-16T01:23:25.312322+00:00", "symbol": "BTC-USD"}, {"trade_id": 850038746, "side": "sell", "size": "0.00848750", "price": "117820.22000000", "time": "2025-07-16T01:21:49.523081Z", "fetched_at": "2025-07-16T01:23:25.312322+00:00", "symbol": "BTC-USD"}, {"trade_id": 850038745, "side": "sell", "size": "0.00050639", "price": "117819.27000000", "time": "2025-07-16T01:21:49.523081Z", "fetched_at": "2025-07-16T01:23:25.312322+00:00", "symbol": "BTC-USD"}, {"trade_id": 850038744, "side": "sell", "size": "0.00848778", "price": "117816.45000000", "time": "2025-07-16T01:21:49.523081Z", "fetched_at": "2025-07-16T01:23:25.312322+00:00", "symbol": "BTC-USD"}, {"trade_id": 850038743, "side": "sell", "size": "0.00001992", "price": "117815.90000000", "time": "2025-07-16T01:21:49.523081Z", "fetched_at": "2025-07-16T01:23:25.312322+00:00", "symbol": "BTC-USD"}, {"trade_id": 850038742, "side": "sell", "size": "0.04593386", "price": "117814.68000000", "time": "2025-07-16T01:21:49.523081Z", "fetched_at": "2025-07-16T01:23:25.312322+00:00", "symbol": "BTC-USD"}, {"trade_id": 850038741, "side": "sell", "size": "0.00041242", "price": "117814.68000000", "time": "2025-07-16T01:21:49.318115Z", "fetched_at": "2025-07-16T01:23:25.312322+00:00", "symbol": "BTC-USD"}, {"trade_id": 850038740, "side": "buy", "size": "0.00171464", "price": "117814.67000000", "time": "2025-07-16T01:21:48.447642Z", "fetched_at": "2025-07-16T01:23:25.312322+00:00", "symbol": "BTC-USD"}, {"trade_id": 850038739, "side": "sell", "size": "0.00049914", "price": "117814.68000000", "time": "2025-07-16T01:21:48.372150Z", "fetched_at": "2025-07-16T01:23:25.312322+00:00", "symbol": "BTC-USD"}, {"trade_id": 850038738, "side": "buy", "size": "0.41021289", "price": "117808.61000000", "time": "2025-07-16T01:21:47.673310Z", "fetched_at": "2025-07-16T01:23:25.312322+00:00", "symbol": "BTC-USD"}, {"trade_id": 850038737, "side": "buy", "size": "0.03415973", "price": "117808.63000000", "time": "2025-07-16T01:21:47.673310Z", "fetched_at": "2025-07-16T01:23:25.312322+00:00", "symbol": "BTC-USD"}, {"trade_id": 850038736, "side": "buy", "size": "0.03000000", "price": "117808.69000000", "time": "2025-07-16T01:21:47.673310Z", "fetched_at": "2025-07-16T01:23:25.312322+00:00", "symbol": "BTC-USD"}, {"trade_id": 850038735, "side": "buy", "size": "0.02000000", "price": "117808.71000000", "time": "2025-07-16T01:21:47.673310Z", "fetched_at": "2025-07-16T01:23:25.312322+00:00", "symbol": "BTC-USD"}, {"trade_id": 850038734, "side": "buy", "size": "0.02738913", "price": "117808.72000000", "time": "2025-07-16T01:21:47.673310Z", "fetched_at": "2025-07-16T01:23:25.312322+00:00", "symbol": "BTC-USD"}, {"trade_id": 850038733, "side": "buy", "size": "0.00848831", "price": "117809.03000000", "time": "2025-07-16T01:21:47.673310Z", "fetched_at": "2025-07-16T01:23:25.312322+00:00", "symbol": "BTC-USD"}, {"trade_id": 850038732, "side": "buy", "size": "0.00848803", "price": "117812.90000000", "time": "2025-07-16T01:21:47.673310Z", "fetched_at": "2025-07-16T01:23:25.312322+00:00", "symbol": "BTC-USD"}, {"trade_id": 850038731, "side": "buy", "size": "0.02563941", "price": "117814.67000000", "time": "2025-07-16T01:21:47.673310Z", "fetched_at": "2025-07-16T01:23:25.312322+00:00", "symbol": "BTC-USD"}, {"trade_id": 850038730, "side": "buy", "size": "0.00003429", "price": "117814.67000000", "time": "2025-07-16T01:21:47.673310Z", "fetched_at": "2025-07-16T01:23:25.312322+00:00", "symbol": "BTC-USD"}, {"trade_id": 850038729, "side": "buy", "size": "0.00002196", "price": "117814.67000000", "time": "2025-07-16T01:21:47.673310Z", "fetched_at": "2025-07-16T01:23:25.312322+00:00", "symbol": "BTC-USD"}, {"trade_id": 850038728, "side": "buy", "size": "0.02559621", "price": "117814.67000000", "time": "2025-07-16T01:21:47.673310Z", "fetched_at": "2025-07-16T01:23:25.312322+00:00", "symbol": "BTC-USD"}, {"trade_id": 850038727, "side": "buy", "size": "0.12620000", "price": "117814.67000000", "time": "2025-07-16T01:21:47.673310Z", "fetched_at": "2025-07-16T01:23:25.312322+00:00", "symbol": "BTC-USD"}, {"trade_id": 850038726, "side": "buy", "size": "0.13230000", "price": "117814.67000000", "time": "2025-07-16T01:21:47.673310Z", "fetched_at": "2025-07-16T01:23:25.312322+00:00", "symbol": "BTC-USD"}, {"trade_id": 850038725, "side": "buy", "size": "0.00338824", "price": "117812.84000000", "time": "2025-07-16T01:21:46.957302Z", "fetched_at": "2025-07-16T01:23:25.312322+00:00", "symbol": "BTC-USD"}, {"trade_id": 850038724, "side": "buy", "size": "0.00172904", "price": "117814.60000000", "time": "2025-07-16T01:21:46.957302Z", "fetched_at": "2025-07-16T01:23:25.312322+00:00", "symbol": "BTC-USD"}, {"trade_id": 850038723, "side": "buy", "size": "0.00002665", "price": "117814.67000000", "time": "2025-07-16T01:21:46.957302Z", "fetched_at": "2025-07-16T01:23:25.312322+00:00", "symbol": "BTC-USD"}, {"trade_id": 850038722, "side": "sell", "size": "0.00020125", "price": "117814.68000000", "time": "2025-07-16T01:21:46.741261Z", "fetched_at": "2025-07-16T01:23:25.312322+00:00", "symbol": "BTC-USD"}, {"trade_id": 850038721, "side": "sell", "size": "0.00100635", "price": "117814.61000000", "time": "2025-07-16T01:21:46.571027Z", "fetched_at": "2025-07-16T01:23:25.312322+00:00", "symbol": "BTC-USD"}, {"trade_id": 850038720, "side": "buy", "size": "0.00255384", "price": "117808.63000000", "time": "2025-07-16T01:21:46.064285Z", "fetched_at": "2025-07-16T01:23:25.312322+00:00", "symbol": "BTC-USD"}, {"trade_id": 850038719, "side": "buy", "size": "0.00002737", "price": "117814.67000000", "time": "2025-07-16T01:21:46.064285Z", "fetched_at": "2025-07-16T01:23:25.312322+00:00", "symbol": "BTC-USD"}, {"trade_id": 850038718, "side": "buy", "size": "0.00004043", "price": "117808.63000000", "time": "2025-07-16T01:21:45.130955Z", "fetched_at": "2025-07-16T01:23:25.312322+00:00", "symbol": "BTC-USD"}, {"trade_id": 850038717, "side": "buy", "size": "0.00002839", "price": "117814.67000000", "time": "2025-07-16T01:21:45.130955Z", "fetched_at": "2025-07-16T01:23:25.312322+00:00", "symbol": "BTC-USD"}, {"trade_id": 850038716, "side": "buy", "size": "0.00000059", "price": "117814.67000000", "time": "2025-07-16T01:21:45.130955Z", "fetched_at": "2025-07-16T01:23:25.312322+00:00", "symbol": "BTC-USD"}, {"trade_id": 850038715, "side": "sell", "size": "0.00003991", "price": "117814.68000000", "time": "2025-07-16T01:21:44.739870Z", "fetched_at": "2025-07-16T01:23:25.312322+00:00", "symbol": "BTC-USD"}, {"trade_id": 850038714, "side": "sell", "size": "0.00168061", "price": "117814.68000000", "time": "2025-07-16T01:21:44.583185Z", "fetched_at": "2025-07-16T01:23:25.312322+00:00", "symbol": "BTC-USD"}, {"trade_id": 850038713, "side": "sell", "size": "0.00420151", "price": "117814.68000000", "time": "2025-07-16T01:21:43.238289Z", "fetched_at": "2025-07-16T01:23:25.312322+00:00", "symbol": "BTC-USD"}, {"trade_id": 850038712, "side": "sell", "size": "0.00241528", "price": "117814.68000000", "time": "2025-07-16T01:21:42.817433Z", "fetched_at": "2025-07-16T01:23:25.312322+00:00", "symbol": "BTC-USD"}, {"trade_id": 850038711, "side": "sell", "size": "0.00103105", "price": "117814.68000000", "time": "2025-07-16T01:21:42.639976Z", "fetched_at": "2025-07-16T01:23:25.312322+00:00", "symbol": "BTC-USD"}, {"trade_id": 850038710, "side": "sell", "size": "0.00009992", "price": "117814.68000000", "time": "2025-07-16T01:21:42.173099Z", "fetched_at": "2025-07-16T01:23:25.312322+00:00", "symbol": "BTC-USD"}, {"trade_id": 850038709, "side": "buy", "size": "0.00021462", "price": "117808.71000000", "time": "2025-07-16T01:21:41.197685Z", "fetched_at": "2025-07-16T01:23:25.312322+00:00", "symbol": "BTC-USD"}, {"trade_id": 850038708, "side": "buy", "size": "0.00004037", "price": "117814.67000000", "time": "2025-07-16T01:21:41.197685Z", "fetched_at": "2025-07-16T01:23:25.312322+00:00", "symbol": "BTC-USD"}, {"trade_id": 850038707, "side": "buy", "size": "0.00000118", "price": "117814.67000000", "time": "2025-07-16T01:21:41.197685Z", "fetched_at": "2025-07-16T01:23:25.312322+00:00", "symbol": "BTC-USD"}, {"trade_id": 850038706, "side": "sell", "size": "0.00011219", "price": "117814.68000000", "time": "2025-07-16T01:21:41.170403Z", "fetched_at": "2025-07-16T01:23:25.312322+00:00", "symbol": "BTC-USD"}, {"trade_id": 850038705, "side": "buy", "size": "0.00420361", "price": "117808.67000000", "time": "2025-07-16T01:21:40.364709Z", "fetched_at": "2025-07-16T01:23:25.312322+00:00", "symbol": "BTC-USD"}, {"trade_id": 850038704, "side": "buy", "size": "0.00003916", "price": "117814.67000000", "time": "2025-07-16T01:21:40.364709Z", "fetched_at": "2025-07-16T01:23:25.312322+00:00", "symbol": "BTC-USD"}, {"trade_id": 850038703, "side": "buy", "size": "0.00000118", "price": "117814.67000000", "time": "2025-07-16T01:21:40.364709Z", "fetched_at": "2025-07-16T01:23:25.312322+00:00", "symbol": "BTC-USD"}, {"trade_id": 850038702, "side": "sell", "size": "0.00035620", "price": "117814.68000000", "time": "2025-07-16T01:21:39.835862Z", "fetched_at": "2025-07-16T01:23:25.312322+00:00", "symbol": "BTC-USD"}, {"trade_id": 850038701, "side": "sell", "size": "0.00082484", "price": "117814.68000000", "time": "2025-07-16T01:21:38.843663Z", "fetched_at": "2025-07-16T01:23:25.312322+00:00", "symbol": "BTC-USD"}, {"trade_id": 850038700, "side": "sell", "size": "0.00082484", "price": "117814.68000000", "time": "2025-07-16T01:21:37.656323Z", "fetched_at": "2025-07-16T01:23:25.312322+00:00", "symbol": "BTC-USD"}, {"trade_id": 850038699, "side": "buy", "size": "0.00165798", "price": "117808.63000000", "time": "2025-07-16T01:21:37.336845Z", "fetched_at": "2025-07-16T01:23:25.312322+00:00", "symbol": "BTC-USD"}, {"trade_id": 850038698, "side": "buy", "size": "0.00000118", "price": "117808.82000000", "time": "2025-07-16T01:21:37.336845Z", "fetched_at": "2025-07-16T01:23:25.312322+00:00", "symbol": "BTC-USD"}, {"trade_id": 850038697, "side": "buy", "size": "0.00003928", "price": "117814.67000000", "time": "2025-07-16T01:21:37.336845Z", "fetched_at": "2025-07-16T01:23:25.312322+00:00", "symbol": "BTC-USD"}, {"trade_id": 850038696, "side": "sell", "size": "0.00329227", "price": "117814.68000000", "time": "2025-07-16T01:21:37.334514Z", "fetched_at": "2025-07-16T01:23:25.312322+00:00", "symbol": "BTC-USD"}, {"trade_id": 850038695, "side": "buy", "size": "0.00024124", "price": "117812.90000000", "time": "2025-07-16T01:21:37.100841Z", "fetched_at": "2025-07-16T01:23:25.312322+00:00", "symbol": "BTC-USD"}, {"trade_id": 850038694, "side": "buy", "size": "0.00003887", "price": "117814.67000000", "time": "2025-07-16T01:21:37.100841Z", "fetched_at": "2025-07-16T01:23:25.312322+00:00", "symbol": "BTC-USD"}, {"trade_id": 850038693, "side": "buy", "size": "0.00286472", "price": "117814.67000000", "time": "2025-07-16T01:21:37.100841Z", "fetched_at": "2025-07-16T01:23:25.312322+00:00", "symbol": "BTC-USD"}, {"trade_id": 850038692, "side": "buy", "size": "0.00003443", "price": "117814.67000000", "time": "2025-07-16T01:21:37.100841Z", "fetched_at": "2025-07-16T01:23:25.312322+00:00", "symbol": "BTC-USD"}, {"trade_id": 850038691, "side": "sell", "size": "0.00168061", "price": "117814.68000000", "time": "2025-07-16T01:21:36.504617Z", "fetched_at": "2025-07-16T01:23:25.312322+00:00", "symbol": "BTC-USD"}, {"trade_id": 850038690, "side": "sell", "size": "0.00082484", "price": "117814.68000000", "time": "2025-07-16T01:21:36.190598Z", "fetched_at": "2025-07-16T01:23:25.312322+00:00", "symbol": "BTC-USD"}, {"trade_id": 850038689, "side": "buy", "size": "0.00038993", "price": "117814.67000000", "time": "2025-07-16T01:21:36.094155Z", "fetched_at": "2025-07-16T01:23:25.312322+00:00", "symbol": "BTC-USD"}, {"trade_id": 850038688, "side": "buy", "size": "0.00001700", "price": "117814.67000000", "time": "2025-07-16T01:21:35.916336Z", "fetched_at": "2025-07-16T01:23:25.312322+00:00", "symbol": "BTC-USD"}, {"trade_id": 850038687, "side": "sell", "size": "0.00080514", "price": "117814.68000000", "time": "2025-07-16T01:21:35.329284Z", "fetched_at": "2025-07-16T01:23:25.312322+00:00", "symbol": "BTC-USD"}, {"trade_id": 850038686, "side": "buy", "size": "0.00086589", "price": "117814.67000000", "time": "2025-07-16T01:21:34.423778Z", "fetched_at": "2025-07-16T01:23:25.312322+00:00", "symbol": "BTC-USD"}, {"trade_id": 850038685, "side": "sell", "size": "0.00082486", "price": "117814.68000000", "time": "2025-07-16T01:21:34.387331Z", "fetched_at": "2025-07-16T01:23:25.312322+00:00", "symbol": "BTC-USD"}, {"trade_id": 850038684, "side": "sell", "size": "0.00042015", "price": "117814.68000000", "time": "2025-07-16T01:21:34.088772Z", "fetched_at": "2025-07-16T01:23:25.312322+00:00", "symbol": "BTC-USD"}, {"trade_id": 850038683, "side": "buy", "size": "0.00133438", "price": "117814.67000000", "time": "2025-07-16T01:21:33.759303Z", "fetched_at": "2025-07-16T01:23:25.312322+00:00", "symbol": "BTC-USD"}, {"trade_id": 850038682, "side": "buy", "size": "0.00077160", "price": "117814.67000000", "time": "2025-07-16T01:21:32.576697Z", "fetched_at": "2025-07-16T01:23:25.312322+00:00", "symbol": "BTC-USD"}, {"trade_id": 850038681, "side": "buy", "size": "0.00424391", "price": "117814.67000000", "time": "2025-07-16T01:21:31.846717Z", "fetched_at": "2025-07-16T01:23:25.312322+00:00", "symbol": "BTC-USD"}, {"trade_id": 850038680, "side": "sell", "size": "0.06598703", "price": "117814.68000000", "time": "2025-07-16T01:21:31.797909Z", "fetched_at": "2025-07-16T01:23:25.312322+00:00", "symbol": "BTC-USD"}, {"trade_id": 850038679, "side": "sell", "size": "0.00016495", "price": "117814.68000000", "time": "2025-07-16T01:21:31.780667Z", "fetched_at": "2025-07-16T01:23:25.312322+00:00", "symbol": "BTC-USD"}, {"trade_id": 850038678, "side": "sell", "size": "0.00000283", "price": "117814.68000000", "time": "2025-07-16T01:21:30.955434Z", "fetched_at": "2025-07-16T01:23:25.312322+00:00", "symbol": "BTC-USD"}, {"trade_id": 850038677, "side": "sell", "size": "0.00080509", "price": "117814.68000000", "time": "2025-07-16T01:21:30.675584Z", "fetched_at": "2025-07-16T01:23:25.312322+00:00", "symbol": "BTC-USD"}, {"trade_id": 850038676, "side": "sell", "size": "0.00006738", "price": "117814.68000000", "time": "2025-07-16T01:21:29.156602Z", "fetched_at": "2025-07-16T01:23:25.312322+00:00", "symbol": "BTC-USD"}, {"trade_id": 850038675, "side": "sell", "size": "0.00312571", "price": "117814.67000000", "time": "2025-07-16T01:21:28.587474Z", "fetched_at": "2025-07-16T01:23:25.312322+00:00", "symbol": "BTC-USD"}, {"trade_id": 850038674, "side": "sell", "size": "0.00005076", "price": "117814.66000000", "time": "2025-07-16T01:21:28.587474Z", "fetched_at": "2025-07-16T01:23:25.312322+00:00", "symbol": "BTC-USD"}, {"trade_id": 850038673, "side": "sell", "size": "0.00096784", "price": "117811.37000000", "time": "2025-07-16T01:21:28.297990Z", "fetched_at": "2025-07-16T01:23:25.312322+00:00", "symbol": "BTC-USD"}, {"trade_id": 850038672, "side": "buy", "size": "0.00089761", "price": "117808.61000000", "time": "2025-07-16T01:21:27.457165Z", "fetched_at": "2025-07-16T01:23:25.312322+00:00", "symbol": "BTC-USD"}, {"trade_id": 850038671, "side": "buy", "size": "0.00000118", "price": "117808.61000000", "time": "2025-07-16T01:21:27.457165Z", "fetched_at": "2025-07-16T01:23:25.312322+00:00", "symbol": "BTC-USD"}, {"trade_id": 850038670, "side": "buy", "size": "0.00002800", "price": "117811.36000000", "time": "2025-07-16T01:21:27.457165Z", "fetched_at": "2025-07-16T01:23:25.312322+00:00", "symbol": "BTC-USD"}, {"trade_id": 850038669, "side": "sell", "size": "0.00841098", "price": "117814.67000000", "time": "2025-07-16T01:21:25.523759Z", "fetched_at": "2025-07-16T01:23:25.312322+00:00", "symbol": "BTC-USD"}, {"trade_id": 850038668, "side": "sell", "size": "0.00007692", "price": "117814.66000000", "time": "2025-07-16T01:21:25.523759Z", "fetched_at": "2025-07-16T01:23:25.312322+00:00", "symbol": "BTC-USD"}, {"trade_id": 850038667, "side": "sell", "size": "0.00076253", "price": "117813.89000000", "time": "2025-07-16T01:21:25.026107Z", "fetched_at": "2025-07-16T01:23:25.312322+00:00", "symbol": "BTC-USD"}, {"trade_id": 850038666, "side": "sell", "size": "0.00007749", "price": "117810.71000000", "time": "2025-07-16T01:21:25.026107Z", "fetched_at": "2025-07-16T01:23:25.312322+00:00", "symbol": "BTC-USD"}, {"trade_id": 850038665, "side": "sell", "size": "0.00020615", "price": "117814.67000000", "time": "2025-07-16T01:21:24.258804Z", "fetched_at": "2025-07-16T01:23:25.312322+00:00", "symbol": "BTC-USD"}, {"trade_id": 850038664, "side": "sell", "size": "0.00117040", "price": "117813.89000000", "time": "2025-07-16T01:21:24.229813Z", "fetched_at": "2025-07-16T01:23:25.312322+00:00", "symbol": "BTC-USD"}, {"trade_id": 850038663, "side": "sell", "size": "0.00006678", "price": "117810.21000000", "time": "2025-07-16T01:21:24.229813Z", "fetched_at": "2025-07-16T01:23:25.312322+00:00", "symbol": "BTC-USD"}