[{"trade_id": 850012214, "side": "sell", "size": "0.00201780", "price": "117506.32000000", "time": "2025-07-16T00:10:49.968667Z", "fetched_at": "2025-07-16T00:10:50.838683+00:00", "symbol": "BTC-USD"}, {"trade_id": 850012213, "side": "buy", "size": "0.00000001", "price": "117506.31000000", "time": "2025-07-16T00:10:49.205942Z", "fetched_at": "2025-07-16T00:10:50.838683+00:00", "symbol": "BTC-USD"}, {"trade_id": 850012212, "side": "sell", "size": "0.00008424", "price": "117506.32000000", "time": "2025-07-16T00:10:47.282721Z", "fetched_at": "2025-07-16T00:10:50.838683+00:00", "symbol": "BTC-USD"}, {"trade_id": 850012211, "side": "sell", "size": "0.00012100", "price": "117505.44000000", "time": "2025-07-16T00:10:47.187855Z", "fetched_at": "2025-07-16T00:10:50.838683+00:00", "symbol": "BTC-USD"}, {"trade_id": 850012210, "side": "sell", "size": "0.00008425", "price": "117505.44000000", "time": "2025-07-16T00:10:47.162367Z", "fetched_at": "2025-07-16T00:10:50.838683+00:00", "symbol": "BTC-USD"}, {"trade_id": 850012209, "side": "buy", "size": "0.00001484", "price": "117505.11000000", "time": "2025-07-16T00:10:47.124318Z", "fetched_at": "2025-07-16T00:10:50.838683+00:00", "symbol": "BTC-USD"}, {"trade_id": 850012208, "side": "buy", "size": "0.00009361", "price": "117505.43000000", "time": "2025-07-16T00:10:47.124318Z", "fetched_at": "2025-07-16T00:10:50.838683+00:00", "symbol": "BTC-USD"}, {"trade_id": 850012207, "side": "buy", "size": "0.00001106", "price": "117505.43000000", "time": "2025-07-16T00:10:47.124318Z", "fetched_at": "2025-07-16T00:10:50.838683+00:00", "symbol": "BTC-USD"}, {"trade_id": 850012206, "side": "sell", "size": "0.00041345", "price": "117505.44000000", "time": "2025-07-16T00:10:47.104236Z", "fetched_at": "2025-07-16T00:10:50.838683+00:00", "symbol": "BTC-USD"}, {"trade_id": 850012205, "side": "sell", "size": "0.00082701", "price": "117505.44000000", "time": "2025-07-16T00:10:47.088060Z", "fetched_at": "2025-07-16T00:10:50.838683+00:00", "symbol": "BTC-USD"}, {"trade_id": 850012204, "side": "sell", "size": "0.00999999", "price": "117514.57000000", "time": "2025-07-16T00:10:47.041583Z", "fetched_at": "2025-07-16T00:10:50.838683+00:00", "symbol": "BTC-USD"}, {"trade_id": 850012203, "side": "sell", "size": "0.00999999", "price": "117514.57000000", "time": "2025-07-16T00:10:47.030913Z", "fetched_at": "2025-07-16T00:10:50.838683+00:00", "symbol": "BTC-USD"}, {"trade_id": 850012202, "side": "buy", "size": "0.00128400", "price": "117516.31000000", "time": "2025-07-16T00:10:47.019361Z", "fetched_at": "2025-07-16T00:10:50.838683+00:00", "symbol": "BTC-USD"}, {"trade_id": 850012201, "side": "buy", "size": "0.00999999", "price": "117516.32000000", "time": "2025-07-16T00:10:47.019361Z", "fetched_at": "2025-07-16T00:10:50.838683+00:00", "symbol": "BTC-USD"}, {"trade_id": 850012200, "side": "buy", "size": "0.00002380", "price": "117516.33000000", "time": "2025-07-16T00:10:47.019361Z", "fetched_at": "2025-07-16T00:10:50.838683+00:00", "symbol": "BTC-USD"}, {"trade_id": 850012199, "side": "buy", "size": "0.00005275", "price": "117516.33000000", "time": "2025-07-16T00:10:47.019361Z", "fetched_at": "2025-07-16T00:10:50.838683+00:00", "symbol": "BTC-USD"}, {"trade_id": 850012198, "side": "buy", "size": "0.00010560", "price": "117516.33000000", "time": "2025-07-16T00:10:47.019361Z", "fetched_at": "2025-07-16T00:10:50.838683+00:00", "symbol": "BTC-USD"}, {"trade_id": 850012197, "side": "buy", "size": "0.00020346", "price": "117516.33000000", "time": "2025-07-16T00:10:47.019361Z", "fetched_at": "2025-07-16T00:10:50.838683+00:00", "symbol": "BTC-USD"}, {"trade_id": 850012196, "side": "buy", "size": "0.00060298", "price": "117516.33000000", "time": "2025-07-16T00:10:47.019361Z", "fetched_at": "2025-07-16T00:10:50.838683+00:00", "symbol": "BTC-USD"}, {"trade_id": 850012195, "side": "buy", "size": "0.00145840", "price": "117516.33000000", "time": "2025-07-16T00:10:47.019361Z", "fetched_at": "2025-07-16T00:10:50.838683+00:00", "symbol": "BTC-USD"}, {"trade_id": 850012194, "side": "sell", "size": "0.00020673", "price": "117516.34000000", "time": "2025-07-16T00:10:46.628300Z", "fetched_at": "2025-07-16T00:10:50.838683+00:00", "symbol": "BTC-USD"}, {"trade_id": 850012193, "side": "sell", "size": "0.00038000", "price": "117516.34000000", "time": "2025-07-16T00:10:46.613246Z", "fetched_at": "2025-07-16T00:10:50.838683+00:00", "symbol": "BTC-USD"}, {"trade_id": 850012192, "side": "sell", "size": "0.00000008", "price": "117516.34000000", "time": "2025-07-16T00:10:46.274389Z", "fetched_at": "2025-07-16T00:10:50.838683+00:00", "symbol": "BTC-USD"}, {"trade_id": 850012191, "side": "sell", "size": "0.00000025", "price": "117516.34000000", "time": "2025-07-16T00:10:46.249703Z", "fetched_at": "2025-07-16T00:10:50.838683+00:00", "symbol": "BTC-USD"}, {"trade_id": 850012190, "side": "sell", "size": "0.00042096", "price": "117516.34000000", "time": "2025-07-16T00:10:46.226949Z", "fetched_at": "2025-07-16T00:10:50.838683+00:00", "symbol": "BTC-USD"}, {"trade_id": 850012189, "side": "sell", "size": "0.00004213", "price": "117516.34000000", "time": "2025-07-16T00:10:46.159610Z", "fetched_at": "2025-07-16T00:10:50.838683+00:00", "symbol": "BTC-USD"}, {"trade_id": 850012188, "side": "sell", "size": "0.00044662", "price": "117516.34000000", "time": "2025-07-16T00:10:46.038061Z", "fetched_at": "2025-07-16T00:10:50.838683+00:00", "symbol": "BTC-USD"}, {"trade_id": 850012187, "side": "sell", "size": "0.00041345", "price": "117516.34000000", "time": "2025-07-16T00:10:45.995284Z", "fetched_at": "2025-07-16T00:10:50.838683+00:00", "symbol": "BTC-USD"}, {"trade_id": 850012186, "side": "sell", "size": "0.00082690", "price": "117516.34000000", "time": "2025-07-16T00:10:45.562893Z", "fetched_at": "2025-07-16T00:10:50.838683+00:00", "symbol": "BTC-USD"}, {"trade_id": 850012185, "side": "sell", "size": "0.00025275", "price": "117516.34000000", "time": "2025-07-16T00:10:45.524634Z", "fetched_at": "2025-07-16T00:10:50.838683+00:00", "symbol": "BTC-USD"}, {"trade_id": 850012184, "side": "sell", "size": "0.00008744", "price": "117516.34000000", "time": "2025-07-16T00:10:45.421732Z", "fetched_at": "2025-07-16T00:10:50.838683+00:00", "symbol": "BTC-USD"}, {"trade_id": 850012183, "side": "sell", "size": "0.00012402", "price": "117516.34000000", "time": "2025-07-16T00:10:45.268286Z", "fetched_at": "2025-07-16T00:10:50.838683+00:00", "symbol": "BTC-USD"}, {"trade_id": 850012182, "side": "sell", "size": "0.00082690", "price": "117516.34000000", "time": "2025-07-16T00:10:45.232316Z", "fetched_at": "2025-07-16T00:10:50.838683+00:00", "symbol": "BTC-USD"}, {"trade_id": 850012181, "side": "sell", "size": "0.00016539", "price": "117516.34000000", "time": "2025-07-16T00:10:45.073124Z", "fetched_at": "2025-07-16T00:10:50.838683+00:00", "symbol": "BTC-USD"}, {"trade_id": 850012180, "side": "sell", "size": "0.00096853", "price": "117516.34000000", "time": "2025-07-16T00:10:45.011299Z", "fetched_at": "2025-07-16T00:10:50.838683+00:00", "symbol": "BTC-USD"}, {"trade_id": 850012179, "side": "sell", "size": "0.01240368", "price": "117516.34000000", "time": "2025-07-16T00:10:44.987420Z", "fetched_at": "2025-07-16T00:10:50.838683+00:00", "symbol": "BTC-USD"}, {"trade_id": 850012178, "side": "sell", "size": "0.00002899", "price": "117516.34000000", "time": "2025-07-16T00:10:44.898315Z", "fetched_at": "2025-07-16T00:10:50.838683+00:00", "symbol": "BTC-USD"}, {"trade_id": 850012177, "side": "sell", "size": "0.00008215", "price": "117516.34000000", "time": "2025-07-16T00:10:44.452698Z", "fetched_at": "2025-07-16T00:10:50.838683+00:00", "symbol": "BTC-USD"}, {"trade_id": 850012176, "side": "sell", "size": "0.00080721", "price": "117516.34000000", "time": "2025-07-16T00:10:44.333208Z", "fetched_at": "2025-07-16T00:10:50.838683+00:00", "symbol": "BTC-USD"}, {"trade_id": 850012175, "side": "sell", "size": "0.00021060", "price": "117519.60000000", "time": "2025-07-16T00:10:44.189878Z", "fetched_at": "2025-07-16T00:10:50.838683+00:00", "symbol": "BTC-USD"}, {"trade_id": 850012174, "side": "sell", "size": "0.00000632", "price": "117519.84000000", "time": "2025-07-16T00:10:44.128458Z", "fetched_at": "2025-07-16T00:10:50.838683+00:00", "symbol": "BTC-USD"}, {"trade_id": 850012173, "side": "sell", "size": "0.00012147", "price": "117519.84000000", "time": "2025-07-16T00:10:44.125135Z", "fetched_at": "2025-07-16T00:10:50.838683+00:00", "symbol": "BTC-USD"}, {"trade_id": 850012172, "side": "sell", "size": "0.00008913", "price": "117519.83000000", "time": "2025-07-16T00:10:44.125135Z", "fetched_at": "2025-07-16T00:10:50.838683+00:00", "symbol": "BTC-USD"}, {"trade_id": 850012171, "side": "sell", "size": "0.00041350", "price": "117519.87000000", "time": "2025-07-16T00:10:44.067391Z", "fetched_at": "2025-07-16T00:10:50.838683+00:00", "symbol": "BTC-USD"}, {"trade_id": 850012170, "side": "sell", "size": "0.00014440", "price": "117519.88000000", "time": "2025-07-16T00:10:43.998989Z", "fetched_at": "2025-07-16T00:10:50.838683+00:00", "symbol": "BTC-USD"}, {"trade_id": 850012169, "side": "buy", "size": "0.00028560", "price": "117516.40000000", "time": "2025-07-16T00:10:43.853572Z", "fetched_at": "2025-07-16T00:10:50.838683+00:00", "symbol": "BTC-USD"}, {"trade_id": 850012168, "side": "sell", "size": "0.00018896", "price": "117519.94000000", "time": "2025-07-16T00:10:43.845275Z", "fetched_at": "2025-07-16T00:10:50.838683+00:00", "symbol": "BTC-USD"}, {"trade_id": 850012167, "side": "sell", "size": "0.00001779", "price": "117519.66000000", "time": "2025-07-16T00:10:43.845275Z", "fetched_at": "2025-07-16T00:10:50.838683+00:00", "symbol": "BTC-USD"}, {"trade_id": 850012166, "side": "sell", "size": "0.00041351", "price": "117519.17000000", "time": "2025-07-16T00:10:43.805801Z", "fetched_at": "2025-07-16T00:10:50.838683+00:00", "symbol": "BTC-USD"}, {"trade_id": 850012165, "side": "sell", "size": "0.00020673", "price": "117519.17000000", "time": "2025-07-16T00:10:43.726189Z", "fetched_at": "2025-07-16T00:10:50.838683+00:00", "symbol": "BTC-USD"}, {"trade_id": 850012164, "side": "sell", "size": "0.00413506", "price": "117519.17000000", "time": "2025-07-16T00:10:43.695183Z", "fetched_at": "2025-07-16T00:10:50.838683+00:00", "symbol": "BTC-USD"}, {"trade_id": 850012163, "side": "sell", "size": "0.00842402", "price": "117519.16000000", "time": "2025-07-16T00:10:43.434822Z", "fetched_at": "2025-07-16T00:10:50.838683+00:00", "symbol": "BTC-USD"}, {"trade_id": 850012162, "side": "sell", "size": "0.00082701", "price": "117519.19000000", "time": "2025-07-16T00:10:43.359981Z", "fetched_at": "2025-07-16T00:10:50.838683+00:00", "symbol": "BTC-USD"}, {"trade_id": 850012161, "side": "sell", "size": "0.00121063", "price": "117519.40000000", "time": "2025-07-16T00:10:43.306145Z", "fetched_at": "2025-07-16T00:10:50.838683+00:00", "symbol": "BTC-USD"}, {"trade_id": 850012160, "side": "sell", "size": "0.00020178", "price": "117519.40000000", "time": "2025-07-16T00:10:43.305397Z", "fetched_at": "2025-07-16T00:10:50.838683+00:00", "symbol": "BTC-USD"}, {"trade_id": 850012159, "side": "sell", "size": "0.00018609", "price": "117519.47000000", "time": "2025-07-16T00:10:43.264212Z", "fetched_at": "2025-07-16T00:10:50.838683+00:00", "symbol": "BTC-USD"}, {"trade_id": 850012158, "side": "buy", "size": "0.00034381", "price": "117516.33000000", "time": "2025-07-16T00:10:43.252572Z", "fetched_at": "2025-07-16T00:10:50.838683+00:00", "symbol": "BTC-USD"}, {"trade_id": 850012157, "side": "buy", "size": "0.00000001", "price": "117516.33000000", "time": "2025-07-16T00:10:43.189211Z", "fetched_at": "2025-07-16T00:10:50.838683+00:00", "symbol": "BTC-USD"}, {"trade_id": 850012156, "side": "sell", "size": "0.00020673", "price": "117519.66000000", "time": "2025-07-16T00:10:42.658386Z", "fetched_at": "2025-07-16T00:10:50.838683+00:00", "symbol": "BTC-USD"}, {"trade_id": 850012155, "side": "sell", "size": "0.00016536", "price": "117519.67000000", "time": "2025-07-16T00:10:42.575274Z", "fetched_at": "2025-07-16T00:10:50.838683+00:00", "symbol": "BTC-USD"}, {"trade_id": 850012154, "side": "sell", "size": "0.00040356", "price": "117519.81000000", "time": "2025-07-16T00:10:42.284173Z", "fetched_at": "2025-07-16T00:10:50.838683+00:00", "symbol": "BTC-USD"}, {"trade_id": 850012153, "side": "sell", "size": "0.00165402", "price": "117519.81000000", "time": "2025-07-16T00:10:42.238335Z", "fetched_at": "2025-07-16T00:10:50.838683+00:00", "symbol": "BTC-USD"}, {"trade_id": 850012152, "side": "sell", "size": "0.00206726", "price": "117519.81000000", "time": "2025-07-16T00:10:42.212552Z", "fetched_at": "2025-07-16T00:10:50.838683+00:00", "symbol": "BTC-USD"}, {"trade_id": 850012151, "side": "sell", "size": "0.00082690", "price": "117519.82000000", "time": "2025-07-16T00:10:42.139126Z", "fetched_at": "2025-07-16T00:10:50.838683+00:00", "symbol": "BTC-USD"}, {"trade_id": 850012150, "side": "sell", "size": "0.00206726", "price": "117519.90000000", "time": "2025-07-16T00:10:41.979150Z", "fetched_at": "2025-07-16T00:10:50.838683+00:00", "symbol": "BTC-USD"}, {"trade_id": 850012149, "side": "sell", "size": "0.00139187", "price": "117519.92000000", "time": "2025-07-16T00:10:41.943433Z", "fetched_at": "2025-07-16T00:10:50.838683+00:00", "symbol": "BTC-USD"}, {"trade_id": 850012148, "side": "sell", "size": "0.00103377", "price": "117519.92000000", "time": "2025-07-16T00:10:41.818382Z", "fetched_at": "2025-07-16T00:10:50.838683+00:00", "symbol": "BTC-USD"}, {"trade_id": 850012147, "side": "sell", "size": "0.00783733", "price": "117519.92000000", "time": "2025-07-16T00:10:41.667972Z", "fetched_at": "2025-07-16T00:10:50.838683+00:00", "symbol": "BTC-USD"}, {"trade_id": 850012146, "side": "sell", "size": "0.03000000", "price": "117519.91000000", "time": "2025-07-16T00:10:41.667972Z", "fetched_at": "2025-07-16T00:10:50.838683+00:00", "symbol": "BTC-USD"}, {"trade_id": 850012145, "side": "sell", "size": "0.00165402", "price": "117519.91000000", "time": "2025-07-16T00:10:41.653047Z", "fetched_at": "2025-07-16T00:10:50.838683+00:00", "symbol": "BTC-USD"}, {"trade_id": 850012144, "side": "buy", "size": "0.00087830", "price": "117516.33000000", "time": "2025-07-16T00:10:41.545736Z", "fetched_at": "2025-07-16T00:10:50.838683+00:00", "symbol": "BTC-USD"}, {"trade_id": 850012143, "side": "sell", "size": "0.00500000", "price": "117519.90000000", "time": "2025-07-16T00:10:41.465777Z", "fetched_at": "2025-07-16T00:10:50.838683+00:00", "symbol": "BTC-USD"}, {"trade_id": 850012142, "side": "sell", "size": "0.00124038", "price": "117519.90000000", "time": "2025-07-16T00:10:41.408024Z", "fetched_at": "2025-07-16T00:10:50.838683+00:00", "symbol": "BTC-USD"}, {"trade_id": 850012141, "side": "sell", "size": "0.00021858", "price": "117519.90000000", "time": "2025-07-16T00:10:41.315760Z", "fetched_at": "2025-07-16T00:10:50.838683+00:00", "symbol": "BTC-USD"}, {"trade_id": 850012140, "side": "sell", "size": "0.00008213", "price": "117520.94000000", "time": "2025-07-16T00:10:41.205425Z", "fetched_at": "2025-07-16T00:10:50.838683+00:00", "symbol": "BTC-USD"}, {"trade_id": 850012139, "side": "buy", "size": "0.00034381", "price": "117516.33000000", "time": "2025-07-16T00:10:40.974943Z", "fetched_at": "2025-07-16T00:10:50.838683+00:00", "symbol": "BTC-USD"}, {"trade_id": 850012138, "side": "sell", "size": "0.00004001", "price": "117519.99000000", "time": "2025-07-16T00:10:40.944924Z", "fetched_at": "2025-07-16T00:10:50.838683+00:00", "symbol": "BTC-USD"}, {"trade_id": 850012137, "side": "sell", "size": "0.00004001", "price": "117520.00000000", "time": "2025-07-16T00:10:40.827408Z", "fetched_at": "2025-07-16T00:10:50.838683+00:00", "symbol": "BTC-USD"}, {"trade_id": 850012136, "side": "sell", "size": "0.00025478", "price": "117520.24000000", "time": "2025-07-16T00:10:40.359425Z", "fetched_at": "2025-07-16T00:10:50.838683+00:00", "symbol": "BTC-USD"}, {"trade_id": 850012135, "side": "sell", "size": "0.00016539", "price": "117520.27000000", "time": "2025-07-16T00:10:40.220606Z", "fetched_at": "2025-07-16T00:10:50.838683+00:00", "symbol": "BTC-USD"}, {"trade_id": 850012134, "side": "sell", "size": "0.00000632", "price": "117520.32000000", "time": "2025-07-16T00:10:40.075645Z", "fetched_at": "2025-07-16T00:10:50.838683+00:00", "symbol": "BTC-USD"}, {"trade_id": 850012133, "side": "sell", "size": "0.00096722", "price": "117520.48000000", "time": "2025-07-16T00:10:39.664871Z", "fetched_at": "2025-07-16T00:10:50.838683+00:00", "symbol": "BTC-USD"}, {"trade_id": 850012132, "side": "sell", "size": "0.00084240", "price": "117520.50000000", "time": "2025-07-16T00:10:39.648215Z", "fetched_at": "2025-07-16T00:10:50.838683+00:00", "symbol": "BTC-USD"}, {"trade_id": 850012131, "side": "sell", "size": "0.00082701", "price": "117520.51000000", "time": "2025-07-16T00:10:39.503682Z", "fetched_at": "2025-07-16T00:10:50.838683+00:00", "symbol": "BTC-USD"}, {"trade_id": 850012130, "side": "sell", "size": "0.00067401", "price": "117520.70000000", "time": "2025-07-16T00:10:39.100138Z", "fetched_at": "2025-07-16T00:10:50.838683+00:00", "symbol": "BTC-USD"}, {"trade_id": 850012129, "side": "buy", "size": "0.00000001", "price": "117516.32000000", "time": "2025-07-16T00:10:38.958324Z", "fetched_at": "2025-07-16T00:10:50.838683+00:00", "symbol": "BTC-USD"}, {"trade_id": 850012128, "side": "sell", "size": "0.00010476", "price": "117520.83000000", "time": "2025-07-16T00:10:38.815932Z", "fetched_at": "2025-07-16T00:10:50.838683+00:00", "symbol": "BTC-USD"}, {"trade_id": 850012127, "side": "sell", "size": "0.00008899", "price": "117520.82000000", "time": "2025-07-16T00:10:38.815932Z", "fetched_at": "2025-07-16T00:10:50.838683+00:00", "symbol": "BTC-USD"}, {"trade_id": 850012126, "side": "sell", "size": "0.00248071", "price": "117520.84000000", "time": "2025-07-16T00:10:38.734781Z", "fetched_at": "2025-07-16T00:10:50.838683+00:00", "symbol": "BTC-USD"}, {"trade_id": 850012125, "side": "sell", "size": "0.00322757", "price": "117520.94000000", "time": "2025-07-16T00:10:38.449046Z", "fetched_at": "2025-07-16T00:10:50.838683+00:00", "symbol": "BTC-USD"}, {"trade_id": 850012124, "side": "sell", "size": "0.00007731", "price": "117520.95000000", "time": "2025-07-16T00:10:38.426682Z", "fetched_at": "2025-07-16T00:10:50.838683+00:00", "symbol": "BTC-USD"}, {"trade_id": 850012123, "side": "sell", "size": "0.00000425", "price": "117518.97000000", "time": "2025-07-16T00:10:38.426682Z", "fetched_at": "2025-07-16T00:10:50.838683+00:00", "symbol": "BTC-USD"}, {"trade_id": 850012122, "side": "sell", "size": "0.00001328", "price": "117518.96000000", "time": "2025-07-16T00:10:38.426682Z", "fetched_at": "2025-07-16T00:10:50.838683+00:00", "symbol": "BTC-USD"}, {"trade_id": 850012121, "side": "buy", "size": "0.00000365", "price": "117518.81000000", "time": "2025-07-16T00:10:38.421815Z", "fetched_at": "2025-07-16T00:10:50.838683+00:00", "symbol": "BTC-USD"}, {"trade_id": 850012120, "side": "sell", "size": "0.00058708", "price": "117518.92000000", "time": "2025-07-16T00:10:37.891235Z", "fetched_at": "2025-07-16T00:10:50.838683+00:00", "symbol": "BTC-USD"}, {"trade_id": 850012119, "side": "sell", "size": "0.00413451", "price": "117519.15000000", "time": "2025-07-16T00:10:37.643054Z", "fetched_at": "2025-07-16T00:10:50.838683+00:00", "symbol": "BTC-USD"}, {"trade_id": 850012118, "side": "sell", "size": "0.00035507", "price": "117519.15000000", "time": "2025-07-16T00:10:37.478871Z", "fetched_at": "2025-07-16T00:10:50.838683+00:00", "symbol": "BTC-USD"}, {"trade_id": 850012117, "side": "buy", "size": "0.00004593", "price": "117511.90000000", "time": "2025-07-16T00:10:37.202662Z", "fetched_at": "2025-07-16T00:10:50.838683+00:00", "symbol": "BTC-USD"}, {"trade_id": 850012116, "side": "buy", "size": "0.00002549", "price": "117517.30000000", "time": "2025-07-16T00:10:36.926962Z", "fetched_at": "2025-07-16T00:10:50.838683+00:00", "symbol": "BTC-USD"}, {"trade_id": 850012115, "side": "buy", "size": "0.00526459", "price": "117511.90000000", "time": "2025-07-16T00:10:36.853225Z", "fetched_at": "2025-07-16T00:10:50.838683+00:00", "symbol": "BTC-USD"}, {"trade_id": 850012114, "side": "sell", "size": "0.00851012", "price": "117507.20000000", "time": "2025-07-16T00:10:36.800030Z", "fetched_at": "2025-07-16T00:10:50.838683+00:00", "symbol": "BTC-USD"}, {"trade_id": 850012113, "side": "sell", "size": "0.00000425", "price": "117505.46000000", "time": "2025-07-16T00:10:36.786049Z", "fetched_at": "2025-07-16T00:10:50.838683+00:00", "symbol": "BTC-USD"}, {"trade_id": 850012112, "side": "sell", "size": "0.00001328", "price": "117505.46000000", "time": "2025-07-16T00:10:36.786049Z", "fetched_at": "2025-07-16T00:10:50.838683+00:00", "symbol": "BTC-USD"}, {"trade_id": 850012111, "side": "sell", "size": "0.00000288", "price": "117505.44000000", "time": "2025-07-16T00:10:36.786049Z", "fetched_at": "2025-07-16T00:10:50.838683+00:00", "symbol": "BTC-USD"}, {"trade_id": 850012110, "side": "sell", "size": "0.02326940", "price": "117505.44000000", "time": "2025-07-16T00:10:36.786049Z", "fetched_at": "2025-07-16T00:10:50.838683+00:00", "symbol": "BTC-USD"}, {"trade_id": 850012109, "side": "sell", "size": "0.03296648", "price": "117505.44000000", "time": "2025-07-16T00:10:36.785533Z", "fetched_at": "2025-07-16T00:10:50.838683+00:00", "symbol": "BTC-USD"}, {"trade_id": 850012108, "side": "sell", "size": "0.00161383", "price": "117505.44000000", "time": "2025-07-16T00:10:36.674909Z", "fetched_at": "2025-07-16T00:10:50.838683+00:00", "symbol": "BTC-USD"}, {"trade_id": 850012107, "side": "sell", "size": "0.00016848", "price": "117505.44000000", "time": "2025-07-16T00:10:36.607047Z", "fetched_at": "2025-07-16T00:10:50.838683+00:00", "symbol": "BTC-USD"}, {"trade_id": 850012106, "side": "sell", "size": "0.00084725", "price": "117505.44000000", "time": "2025-07-16T00:10:36.317190Z", "fetched_at": "2025-07-16T00:10:50.838683+00:00", "symbol": "BTC-USD"}, {"trade_id": 850012105, "side": "buy", "size": "0.01808007", "price": "117505.43000000", "time": "2025-07-16T00:10:36.034327Z", "fetched_at": "2025-07-16T00:10:50.838683+00:00", "symbol": "BTC-USD"}, {"trade_id": 850012104, "side": "buy", "size": "0.00999999", "price": "117505.43000000", "time": "2025-07-16T00:10:36.034327Z", "fetched_at": "2025-07-16T00:10:50.838683+00:00", "symbol": "BTC-USD"}, {"trade_id": 850012103, "side": "sell", "size": "0.00027277", "price": "117505.44000000", "time": "2025-07-16T00:10:35.644198Z", "fetched_at": "2025-07-16T00:10:50.838683+00:00", "symbol": "BTC-USD"}, {"trade_id": 850012102, "side": "sell", "size": "0.00292741", "price": "117505.44000000", "time": "2025-07-16T00:10:35.603175Z", "fetched_at": "2025-07-16T00:10:50.838683+00:00", "symbol": "BTC-USD"}, {"trade_id": 850012101, "side": "buy", "size": "0.00000001", "price": "117505.09000000", "time": "2025-07-16T00:10:34.365689Z", "fetched_at": "2025-07-16T00:10:50.838683+00:00", "symbol": "BTC-USD"}, {"trade_id": 850012100, "side": "sell", "size": "0.00135076", "price": "117505.44000000", "time": "2025-07-16T00:10:34.056015Z", "fetched_at": "2025-07-16T00:10:50.838683+00:00", "symbol": "BTC-USD"}, {"trade_id": 850012099, "side": "sell", "size": "0.00002067", "price": "117505.35000000", "time": "2025-07-16T00:10:34.056015Z", "fetched_at": "2025-07-16T00:10:50.838683+00:00", "symbol": "BTC-USD"}, {"trade_id": 850012098, "side": "buy", "size": "0.00000549", "price": "117504.83000000", "time": "2025-07-16T00:10:33.814516Z", "fetched_at": "2025-07-16T00:10:50.838683+00:00", "symbol": "BTC-USD"}, {"trade_id": 850012097, "side": "buy", "size": "0.00002102", "price": "117504.83000000", "time": "2025-07-16T00:10:33.814516Z", "fetched_at": "2025-07-16T00:10:50.838683+00:00", "symbol": "BTC-USD"}, {"trade_id": 850012096, "side": "buy", "size": "0.00000229", "price": "117504.83000000", "time": "2025-07-16T00:10:33.814516Z", "fetched_at": "2025-07-16T00:10:50.838683+00:00", "symbol": "BTC-USD"}, {"trade_id": 850012095, "side": "buy", "size": "0.00004733", "price": "117504.83000000", "time": "2025-07-16T00:10:33.814516Z", "fetched_at": "2025-07-16T00:10:50.838683+00:00", "symbol": "BTC-USD"}, {"trade_id": 850012094, "side": "sell", "size": "0.00409952", "price": "117505.36000000", "time": "2025-07-16T00:10:33.462792Z", "fetched_at": "2025-07-16T00:10:50.838683+00:00", "symbol": "BTC-USD"}, {"trade_id": 850012093, "side": "buy", "size": "0.00012736", "price": "117504.83000000", "time": "2025-07-16T00:10:33.128663Z", "fetched_at": "2025-07-16T00:10:50.838683+00:00", "symbol": "BTC-USD"}, {"trade_id": 850012092, "side": "sell", "size": "0.00021273", "price": "117505.41000000", "time": "2025-07-16T00:10:32.600632Z", "fetched_at": "2025-07-16T00:10:50.838683+00:00", "symbol": "BTC-USD"}, {"trade_id": 850012091, "side": "sell", "size": "0.00010510", "price": "117505.42000000", "time": "2025-07-16T00:10:32.597318Z", "fetched_at": "2025-07-16T00:10:50.838683+00:00", "symbol": "BTC-USD"}, {"trade_id": 850012090, "side": "sell", "size": "0.00677168", "price": "117505.43000000", "time": "2025-07-16T00:10:32.552480Z", "fetched_at": "2025-07-16T00:10:50.838683+00:00", "symbol": "BTC-USD"}, {"trade_id": 850012089, "side": "buy", "size": "0.05305268", "price": "117507.05000000", "time": "2025-07-16T00:10:32.471636Z", "fetched_at": "2025-07-16T00:10:50.838683+00:00", "symbol": "BTC-USD"}, {"trade_id": 850012088, "side": "buy", "size": "0.11679932", "price": "117507.06000000", "time": "2025-07-16T00:10:32.471636Z", "fetched_at": "2025-07-16T00:10:50.838683+00:00", "symbol": "BTC-USD"}, {"trade_id": 850012087, "side": "buy", "size": "0.00001000", "price": "117507.78000000", "time": "2025-07-16T00:10:32.471636Z", "fetched_at": "2025-07-16T00:10:50.838683+00:00", "symbol": "BTC-USD"}, {"trade_id": 850012086, "side": "buy", "size": "0.01630160", "price": "117508.20000000", "time": "2025-07-16T00:10:32.471636Z", "fetched_at": "2025-07-16T00:10:50.838683+00:00", "symbol": "BTC-USD"}, {"trade_id": 850012085, "side": "buy", "size": "0.00999999", "price": "117509.34000000", "time": "2025-07-16T00:10:32.471636Z", "fetched_at": "2025-07-16T00:10:50.838683+00:00", "symbol": "BTC-USD"}, {"trade_id": 850012084, "side": "buy", "size": "0.01545436", "price": "117512.00000000", "time": "2025-07-16T00:10:32.471636Z", "fetched_at": "2025-07-16T00:10:50.838683+00:00", "symbol": "BTC-USD"}, {"trade_id": 850012083, "side": "buy", "size": "0.00359092", "price": "117512.00000000", "time": "2025-07-16T00:10:32.470690Z", "fetched_at": "2025-07-16T00:10:50.838683+00:00", "symbol": "BTC-USD"}, {"trade_id": 850012082, "side": "buy", "size": "0.04253605", "price": "117512.07000000", "time": "2025-07-16T00:10:32.470690Z", "fetched_at": "2025-07-16T00:10:50.838683+00:00", "symbol": "BTC-USD"}, {"trade_id": 850012081, "side": "buy", "size": "0.00850951", "price": "117515.47000000", "time": "2025-07-16T00:10:32.470690Z", "fetched_at": "2025-07-16T00:10:50.838683+00:00", "symbol": "BTC-USD"}, {"trade_id": 850012080, "side": "buy", "size": "0.00001000", "price": "117516.59000000", "time": "2025-07-16T00:10:32.470690Z", "fetched_at": "2025-07-16T00:10:50.838683+00:00", "symbol": "BTC-USD"}, {"trade_id": 850012079, "side": "buy", "size": "0.00135291", "price": "117516.72000000", "time": "2025-07-16T00:10:32.470690Z", "fetched_at": "2025-07-16T00:10:50.838683+00:00", "symbol": "BTC-USD"}, {"trade_id": 850012078, "side": "buy", "size": "0.00000357", "price": "117516.72000000", "time": "2025-07-16T00:10:32.470690Z", "fetched_at": "2025-07-16T00:10:50.838683+00:00", "symbol": "BTC-USD"}, {"trade_id": 850012077, "side": "buy", "size": "0.00005071", "price": "117516.72000000", "time": "2025-07-16T00:10:32.470690Z", "fetched_at": "2025-07-16T00:10:50.838683+00:00", "symbol": "BTC-USD"}, {"trade_id": 850012076, "side": "buy", "size": "0.00000119", "price": "117516.72000000", "time": "2025-07-16T00:10:32.470690Z", "fetched_at": "2025-07-16T00:10:50.838683+00:00", "symbol": "BTC-USD"}, {"trade_id": 850012075, "side": "buy", "size": "0.00180211", "price": "117516.72000000", "time": "2025-07-16T00:10:32.470690Z", "fetched_at": "2025-07-16T00:10:50.838683+00:00", "symbol": "BTC-USD"}, {"trade_id": 850012074, "side": "buy", "size": "0.00001106", "price": "117516.72000000", "time": "2025-07-16T00:10:32.470690Z", "fetched_at": "2025-07-16T00:10:50.838683+00:00", "symbol": "BTC-USD"}, {"trade_id": 850012073, "side": "buy", "size": "0.00000900", "price": "117518.79000000", "time": "2025-07-16T00:10:32.470690Z", "fetched_at": "2025-07-16T00:10:50.838683+00:00", "symbol": "BTC-USD"}, {"trade_id": 850012072, "side": "buy", "size": "0.00058900", "price": "117518.79000000", "time": "2025-07-16T00:10:32.470690Z", "fetched_at": "2025-07-16T00:10:50.838683+00:00", "symbol": "BTC-USD"}, {"trade_id": 850012071, "side": "buy", "size": "0.00999999", "price": "117518.80000000", "time": "2025-07-16T00:10:32.470690Z", "fetched_at": "2025-07-16T00:10:50.838683+00:00", "symbol": "BTC-USD"}, {"trade_id": 850012070, "side": "buy", "size": "0.00009615", "price": "117518.81000000", "time": "2025-07-16T00:10:32.470690Z", "fetched_at": "2025-07-16T00:10:50.838683+00:00", "symbol": "BTC-USD"}, {"trade_id": 850012069, "side": "buy", "size": "0.00050000", "price": "117518.81000000", "time": "2025-07-16T00:10:32.470690Z", "fetched_at": "2025-07-16T00:10:50.838683+00:00", "symbol": "BTC-USD"}, {"trade_id": 850012068, "side": "buy", "size": "0.00251915", "price": "117518.81000000", "time": "2025-07-16T00:10:32.470690Z", "fetched_at": "2025-07-16T00:10:50.838683+00:00", "symbol": "BTC-USD"}, {"trade_id": 850012067, "side": "sell", "size": "0.00083109", "price": "117518.82000000", "time": "2025-07-16T00:10:32.217593Z", "fetched_at": "2025-07-16T00:10:50.838683+00:00", "symbol": "BTC-USD"}, {"trade_id": 850012066, "side": "buy", "size": "0.00000481", "price": "117518.81000000", "time": "2025-07-16T00:10:31.721054Z", "fetched_at": "2025-07-16T00:10:50.838683+00:00", "symbol": "BTC-USD"}, {"trade_id": 850012065, "side": "sell", "size": "0.00002021", "price": "117521.05000000", "time": "2025-07-16T00:10:31.224382Z", "fetched_at": "2025-07-16T00:10:50.838683+00:00", "symbol": "BTC-USD"}, {"trade_id": 850012064, "side": "buy", "size": "0.00008401", "price": "117518.81000000", "time": "2025-07-16T00:10:31.092064Z", "fetched_at": "2025-07-16T00:10:50.838683+00:00", "symbol": "BTC-USD"}, {"trade_id": 850012063, "side": "sell", "size": "0.01358156", "price": "117518.82000000", "time": "2025-07-16T00:10:31.082698Z", "fetched_at": "2025-07-16T00:10:50.838683+00:00", "symbol": "BTC-USD"}, {"trade_id": 850012062, "side": "buy", "size": "0.00000001", "price": "117518.81000000", "time": "2025-07-16T00:10:30.943369Z", "fetched_at": "2025-07-16T00:10:50.838683+00:00", "symbol": "BTC-USD"}, {"trade_id": 850012061, "side": "sell", "size": "0.00035905", "price": "117518.82000000", "time": "2025-07-16T00:10:30.221361Z", "fetched_at": "2025-07-16T00:10:50.838683+00:00", "symbol": "BTC-USD"}, {"trade_id": 850012060, "side": "buy", "size": "0.00019762", "price": "117518.81000000", "time": "2025-07-16T00:10:30.130249Z", "fetched_at": "2025-07-16T00:10:50.838683+00:00", "symbol": "BTC-USD"}, {"trade_id": 850012059, "side": "sell", "size": "0.00421958", "price": "117521.10000000", "time": "2025-07-16T00:10:29.112594Z", "fetched_at": "2025-07-16T00:10:50.838683+00:00", "symbol": "BTC-USD"}, {"trade_id": 850012058, "side": "sell", "size": "0.00000008", "price": "117521.10000000", "time": "2025-07-16T00:10:28.179303Z", "fetched_at": "2025-07-16T00:10:50.838683+00:00", "symbol": "BTC-USD"}, {"trade_id": 850012057, "side": "sell", "size": "0.00000025", "price": "117521.10000000", "time": "2025-07-16T00:10:28.154380Z", "fetched_at": "2025-07-16T00:10:50.838683+00:00", "symbol": "BTC-USD"}, {"trade_id": 850012056, "side": "sell", "size": "0.00058936", "price": "117521.10000000", "time": "2025-07-16T00:10:28.131295Z", "fetched_at": "2025-07-16T00:10:50.838683+00:00", "symbol": "BTC-USD"}, {"trade_id": 850012055, "side": "sell", "size": "0.00842245", "price": "117521.12000000", "time": "2025-07-16T00:10:27.922068Z", "fetched_at": "2025-07-16T00:10:50.838683+00:00", "symbol": "BTC-USD"}, {"trade_id": 850012054, "side": "sell", "size": "0.00999999", "price": "117521.15000000", "time": "2025-07-16T00:10:27.764697Z", "fetched_at": "2025-07-16T00:10:50.838683+00:00", "symbol": "BTC-USD"}, {"trade_id": 850012053, "side": "sell", "size": "0.00999999", "price": "117521.15000000", "time": "2025-07-16T00:10:27.754321Z", "fetched_at": "2025-07-16T00:10:50.838683+00:00", "symbol": "BTC-USD"}, {"trade_id": 850012052, "side": "sell", "size": "0.00999999", "price": "117521.16000000", "time": "2025-07-16T00:10:27.743353Z", "fetched_at": "2025-07-16T00:10:50.838683+00:00", "symbol": "BTC-USD"}, {"trade_id": 850012051, "side": "buy", "size": "0.01012035", "price": "117516.72000000", "time": "2025-07-16T00:10:27.731353Z", "fetched_at": "2025-07-16T00:10:50.838683+00:00", "symbol": "BTC-USD"}, {"trade_id": 850012050, "side": "buy", "size": "0.00000546", "price": "117516.73000000", "time": "2025-07-16T00:10:27.731353Z", "fetched_at": "2025-07-16T00:10:50.838683+00:00", "symbol": "BTC-USD"}, {"trade_id": 850012049, "side": "buy", "size": "0.01985800", "price": "117519.02000000", "time": "2025-07-16T00:10:27.731353Z", "fetched_at": "2025-07-16T00:10:50.838683+00:00", "symbol": "BTC-USD"}, {"trade_id": 850012048, "side": "buy", "size": "0.00999999", "price": "117521.16000000", "time": "2025-07-16T00:10:27.731353Z", "fetched_at": "2025-07-16T00:10:50.838683+00:00", "symbol": "BTC-USD"}, {"trade_id": 850012047, "side": "buy", "size": "0.00297920", "price": "117521.17000000", "time": "2025-07-16T00:10:27.731353Z", "fetched_at": "2025-07-16T00:10:50.838683+00:00", "symbol": "BTC-USD"}, {"trade_id": 850012046, "side": "sell", "size": "0.00002100", "price": "117524.01000000", "time": "2025-07-16T00:10:27.489807Z", "fetched_at": "2025-07-16T00:10:50.838683+00:00", "symbol": "BTC-USD"}, {"trade_id": 850012045, "side": "sell", "size": "0.00147000", "price": "117521.18000000", "time": "2025-07-16T00:10:27.489807Z", "fetched_at": "2025-07-16T00:10:50.838683+00:00", "symbol": "BTC-USD"}, {"trade_id": 850012044, "side": "buy", "size": "0.00230720", "price": "117528.20000000", "time": "2025-07-16T00:10:27.356523Z", "fetched_at": "2025-07-16T00:10:50.838683+00:00", "symbol": "BTC-USD"}, {"trade_id": 850012043, "side": "buy", "size": "0.04540386", "price": "117528.20000000", "time": "2025-07-16T00:10:27.356523Z", "fetched_at": "2025-07-16T00:10:50.838683+00:00", "symbol": "BTC-USD"}, {"trade_id": 850012042, "side": "sell", "size": "0.00004418", "price": "117528.21000000", "time": "2025-07-16T00:10:27.323047Z", "fetched_at": "2025-07-16T00:10:50.838683+00:00", "symbol": "BTC-USD"}, {"trade_id": 850012041, "side": "sell", "size": "0.00999999", "price": "117528.21000000", "time": "2025-07-16T00:10:27.298424Z", "fetched_at": "2025-07-16T00:10:50.838683+00:00", "symbol": "BTC-USD"}, {"trade_id": 850012040, "side": "buy", "size": "0.03437040", "price": "117528.20000000", "time": "2025-07-16T00:10:27.284593Z", "fetched_at": "2025-07-16T00:10:50.838683+00:00", "symbol": "BTC-USD"}, {"trade_id": 850012039, "side": "sell", "size": "0.00665999", "price": "117529.93000000", "time": "2025-07-16T00:10:27.278803Z", "fetched_at": "2025-07-16T00:10:50.838683+00:00", "symbol": "BTC-USD"}, {"trade_id": 850012038, "side": "sell", "size": "0.00334000", "price": "117528.21000000", "time": "2025-07-16T00:10:27.278803Z", "fetched_at": "2025-07-16T00:10:50.838683+00:00", "symbol": "BTC-USD"}, {"trade_id": 850012037, "side": "buy", "size": "0.00026430", "price": "117528.20000000", "time": "2025-07-16T00:10:27.272226Z", "fetched_at": "2025-07-16T00:10:50.838683+00:00", "symbol": "BTC-USD"}, {"trade_id": 850012036, "side": "buy", "size": "0.00850826", "price": "117532.78000000", "time": "2025-07-16T00:10:27.267530Z", "fetched_at": "2025-07-16T00:10:50.838683+00:00", "symbol": "BTC-USD"}, {"trade_id": 850012035, "side": "buy", "size": "0.00494000", "price": "117534.52000000", "time": "2025-07-16T00:10:27.267530Z", "fetched_at": "2025-07-16T00:10:50.838683+00:00", "symbol": "BTC-USD"}, {"trade_id": 850012034, "side": "buy", "size": "0.00003273", "price": "117534.54000000", "time": "2025-07-16T00:10:27.267530Z", "fetched_at": "2025-07-16T00:10:50.838683+00:00", "symbol": "BTC-USD"}, {"trade_id": 850012033, "side": "buy", "size": "0.00999999", "price": "117534.54000000", "time": "2025-07-16T00:10:27.267530Z", "fetched_at": "2025-07-16T00:10:50.838683+00:00", "symbol": "BTC-USD"}, {"trade_id": 850012032, "side": "sell", "size": "0.00834201", "price": "117534.55000000", "time": "2025-07-16T00:10:27.106606Z", "fetched_at": "2025-07-16T00:10:50.838683+00:00", "symbol": "BTC-USD"}, {"trade_id": 850012031, "side": "buy", "size": "0.00170150", "price": "117534.54000000", "time": "2025-07-16T00:10:26.782136Z", "fetched_at": "2025-07-16T00:10:50.838683+00:00", "symbol": "BTC-USD"}, {"trade_id": 850012030, "side": "buy", "size": "0.00000340", "price": "117543.02000000", "time": "2025-07-16T00:10:26.676567Z", "fetched_at": "2025-07-16T00:10:50.838683+00:00", "symbol": "BTC-USD"}, {"trade_id": 850012029, "side": "buy", "size": "0.00984735", "price": "117543.02000000", "time": "2025-07-16T00:10:26.676567Z", "fetched_at": "2025-07-16T00:10:50.838683+00:00", "symbol": "BTC-USD"}, {"trade_id": 850012028, "side": "sell", "size": "0.00004265", "price": "117538.93000000", "time": "2025-07-16T00:10:26.631901Z", "fetched_at": "2025-07-16T00:10:50.838683+00:00", "symbol": "BTC-USD"}, {"trade_id": 850012027, "side": "sell", "size": "0.00002691", "price": "117538.90000000", "time": "2025-07-16T00:10:26.631901Z", "fetched_at": "2025-07-16T00:10:50.838683+00:00", "symbol": "BTC-USD"}, {"trade_id": 850012026, "side": "sell", "size": "0.00008308", "price": "117538.81000000", "time": "2025-07-16T00:10:26.631901Z", "fetched_at": "2025-07-16T00:10:50.838683+00:00", "symbol": "BTC-USD"}, {"trade_id": 850012025, "side": "buy", "size": "0.00009724", "price": "117543.01000000", "time": "2025-07-16T00:10:26.627275Z", "fetched_at": "2025-07-16T00:10:50.838683+00:00", "symbol": "BTC-USD"}, {"trade_id": 850012024, "side": "buy", "size": "0.00327320", "price": "117543.02000000", "time": "2025-07-16T00:10:26.627275Z", "fetched_at": "2025-07-16T00:10:50.838683+00:00", "symbol": "BTC-USD"}, {"trade_id": 850012023, "side": "sell", "size": "0.01538600", "price": "117543.13000000", "time": "2025-07-16T00:10:26.593728Z", "fetched_at": "2025-07-16T00:10:50.838683+00:00", "symbol": "BTC-USD"}, {"trade_id": 850012022, "side": "buy", "size": "0.00850729", "price": "117546.26000000", "time": "2025-07-16T00:10:26.531888Z", "fetched_at": "2025-07-16T00:10:50.838683+00:00", "symbol": "BTC-USD"}, {"trade_id": 850012021, "side": "buy", "size": "0.08507484", "price": "117547.22000000", "time": "2025-07-16T00:10:26.531888Z", "fetched_at": "2025-07-16T00:10:50.838683+00:00", "symbol": "BTC-USD"}, {"trade_id": 850012020, "side": "buy", "size": "0.00999999", "price": "117547.23000000", "time": "2025-07-16T00:10:26.531888Z", "fetched_at": "2025-07-16T00:10:50.838683+00:00", "symbol": "BTC-USD"}, {"trade_id": 850012019, "side": "buy", "size": "0.00030000", "price": "117548.04000000", "time": "2025-07-16T00:10:26.531692Z", "fetched_at": "2025-07-16T00:10:50.838683+00:00", "symbol": "BTC-USD"}, {"trade_id": 850012018, "side": "buy", "size": "0.00850714", "price": "117548.30000000", "time": "2025-07-16T00:10:26.531692Z", "fetched_at": "2025-07-16T00:10:50.838683+00:00", "symbol": "BTC-USD"}, {"trade_id": 850012017, "side": "buy", "size": "0.00274120", "price": "117548.31000000", "time": "2025-07-16T00:10:26.531692Z", "fetched_at": "2025-07-16T00:10:50.838683+00:00", "symbol": "BTC-USD"}, {"trade_id": 850012016, "side": "buy", "size": "0.03574513", "price": "117548.31000000", "time": "2025-07-16T00:10:26.531692Z", "fetched_at": "2025-07-16T00:10:50.838683+00:00", "symbol": "BTC-USD"}, {"trade_id": 850012015, "side": "buy", "size": "0.00003007", "price": "117548.04000000", "time": "2025-07-16T00:10:26.052409Z", "fetched_at": "2025-07-16T00:10:50.838683+00:00", "symbol": "BTC-USD"}, {"trade_id": 850012014, "side": "sell", "size": "0.00173827", "price": "117549.05000000", "time": "2025-07-16T00:10:25.779401Z", "fetched_at": "2025-07-16T00:10:50.838683+00:00", "symbol": "BTC-USD"}, {"trade_id": 850012013, "side": "buy", "size": "0.00003355", "price": "117547.37000000", "time": "2025-07-16T00:10:24.913441Z", "fetched_at": "2025-07-16T00:10:50.838683+00:00", "symbol": "BTC-USD"}, {"trade_id": 850012012, "side": "sell", "size": "0.00165350", "price": "117549.08000000", "time": "2025-07-16T00:10:24.220562Z", "fetched_at": "2025-07-16T00:10:50.838683+00:00", "symbol": "BTC-USD"}, {"trade_id": 850012011, "side": "sell", "size": "0.00229892", "price": "117547.34000000", "time": "2025-07-16T00:10:23.958018Z", "fetched_at": "2025-07-16T00:10:50.838683+00:00", "symbol": "BTC-USD"}, {"trade_id": 850012010, "side": "sell", "size": "0.00020256", "price": "117547.34000000", "time": "2025-07-16T00:10:23.958018Z", "fetched_at": "2025-07-16T00:10:50.838683+00:00", "symbol": "BTC-USD"}, {"trade_id": 850012009, "side": "sell", "size": "0.00014469", "price": "117547.34000000", "time": "2025-07-16T00:10:23.958018Z", "fetched_at": "2025-07-16T00:10:50.838683+00:00", "symbol": "BTC-USD"}, {"trade_id": 850012008, "side": "sell", "size": "0.00267266", "price": "117549.31000000", "time": "2025-07-16T00:10:23.758290Z", "fetched_at": "2025-07-16T00:10:50.838683+00:00", "symbol": "BTC-USD"}, {"trade_id": 850012007, "side": "sell", "size": "0.00001034", "price": "117547.34000000", "time": "2025-07-16T00:10:23.758290Z", "fetched_at": "2025-07-16T00:10:50.838683+00:00", "symbol": "BTC-USD"}, {"trade_id": 850012006, "side": "sell", "size": "0.00015193", "price": "117547.34000000", "time": "2025-07-16T00:10:23.758290Z", "fetched_at": "2025-07-16T00:10:50.838683+00:00", "symbol": "BTC-USD"}, {"trade_id": 850012005, "side": "buy", "size": "0.00020916", "price": "117547.33000000", "time": "2025-07-16T00:10:23.203790Z", "fetched_at": "2025-07-16T00:10:50.838683+00:00", "symbol": "BTC-USD"}, {"trade_id": 850012004, "side": "sell", "size": "0.42969800", "price": "117543.02000000", "time": "2025-07-16T00:10:22.997742Z", "fetched_at": "2025-07-16T00:10:50.838683+00:00", "symbol": "BTC-USD"}, {"trade_id": 850012003, "side": "sell", "size": "0.00292800", "price": "117543.02000000", "time": "2025-07-16T00:10:22.997742Z", "fetched_at": "2025-07-16T00:10:50.838683+00:00", "symbol": "BTC-USD"}, {"trade_id": 850012002, "side": "sell", "size": "0.00842200", "price": "117543.02000000", "time": "2025-07-16T00:10:22.997742Z", "fetched_at": "2025-07-16T00:10:50.838683+00:00", "symbol": "BTC-USD"}, {"trade_id": 850012001, "side": "sell", "size": "0.00126400", "price": "117543.02000000", "time": "2025-07-16T00:10:22.997742Z", "fetched_at": "2025-07-16T00:10:50.838683+00:00", "symbol": "BTC-USD"}, {"trade_id": 850012000, "side": "sell", "size": "0.00674000", "price": "117543.02000000", "time": "2025-07-16T00:10:22.997742Z", "fetched_at": "2025-07-16T00:10:50.838683+00:00", "symbol": "BTC-USD"}, {"trade_id": 850011999, "side": "sell", "size": "0.00096800", "price": "117543.02000000", "time": "2025-07-16T00:10:22.997742Z", "fetched_at": "2025-07-16T00:10:50.838683+00:00", "symbol": "BTC-USD"}, {"trade_id": 850011998, "side": "sell", "size": "0.00102300", "price": "117543.02000000", "time": "2025-07-16T00:10:22.997742Z", "fetched_at": "2025-07-16T00:10:50.838683+00:00", "symbol": "BTC-USD"}, {"trade_id": 850011997, "side": "sell", "size": "0.00001328", "price": "117543.02000000", "time": "2025-07-16T00:10:22.997742Z", "fetched_at": "2025-07-16T00:10:50.838683+00:00", "symbol": "BTC-USD"}, {"trade_id": 850011996, "side": "sell", "size": "0.00000425", "price": "117543.02000000", "time": "2025-07-16T00:10:22.997742Z", "fetched_at": "2025-07-16T00:10:50.838683+00:00", "symbol": "BTC-USD"}, {"trade_id": 850011995, "side": "sell", "size": "0.02374571", "price": "117543.02000000", "time": "2025-07-16T00:10:22.997742Z", "fetched_at": "2025-07-16T00:10:50.838683+00:00", "symbol": "BTC-USD"}, {"trade_id": 850011994, "side": "sell", "size": "0.01226530", "price": "117543.02000000", "time": "2025-07-16T00:10:22.978906Z", "fetched_at": "2025-07-16T00:10:50.838683+00:00", "symbol": "BTC-USD"}, {"trade_id": 850011993, "side": "sell", "size": "0.00556126", "price": "117543.02000000", "time": "2025-07-16T00:10:22.978561Z", "fetched_at": "2025-07-16T00:10:50.838683+00:00", "symbol": "BTC-USD"}, {"trade_id": 850011992, "side": "sell", "size": "0.00698609", "price": "117543.02000000", "time": "2025-07-16T00:10:22.975447Z", "fetched_at": "2025-07-16T00:10:50.838683+00:00", "symbol": "BTC-USD"}, {"trade_id": 850011991, "side": "sell", "size": "0.00794605", "price": "117543.02000000", "time": "2025-07-16T00:10:22.975152Z", "fetched_at": "2025-07-16T00:10:50.838683+00:00", "symbol": "BTC-USD"}, {"trade_id": 850011990, "side": "sell", "size": "0.02460265", "price": "117543.02000000", "time": "2025-07-16T00:10:22.974767Z", "fetched_at": "2025-07-16T00:10:50.838683+00:00", "symbol": "BTC-USD"}, {"trade_id": 850011989, "side": "sell", "size": "0.05301723", "price": "117543.02000000", "time": "2025-07-16T00:10:22.974638Z", "fetched_at": "2025-07-16T00:10:50.838683+00:00", "symbol": "BTC-USD"}, {"trade_id": 850011988, "side": "sell", "size": "0.00388186", "price": "117543.02000000", "time": "2025-07-16T00:10:22.974315Z", "fetched_at": "2025-07-16T00:10:50.838683+00:00", "symbol": "BTC-USD"}, {"trade_id": 850011987, "side": "sell", "size": "0.00303721", "price": "117543.02000000", "time": "2025-07-16T00:10:22.973832Z", "fetched_at": "2025-07-16T00:10:50.838683+00:00", "symbol": "BTC-USD"}, {"trade_id": 850011986, "side": "sell", "size": "0.00743933", "price": "117543.02000000", "time": "2025-07-16T00:10:22.973402Z", "fetched_at": "2025-07-16T00:10:50.838683+00:00", "symbol": "BTC-USD"}, {"trade_id": 850011985, "side": "sell", "size": "0.00254910", "price": "117543.02000000", "time": "2025-07-16T00:10:22.972922Z", "fetched_at": "2025-07-16T00:10:50.838683+00:00", "symbol": "BTC-USD"}, {"trade_id": 850011984, "side": "sell", "size": "0.00194408", "price": "117543.02000000", "time": "2025-07-16T00:10:22.972860Z", "fetched_at": "2025-07-16T00:10:50.838683+00:00", "symbol": "BTC-USD"}, {"trade_id": 850011983, "side": "sell", "size": "0.26660839", "price": "117543.02000000", "time": "2025-07-16T00:10:22.968789Z", "fetched_at": "2025-07-16T00:10:50.838683+00:00", "symbol": "BTC-USD"}, {"trade_id": 850011982, "side": "sell", "size": "0.01733699", "price": "117543.02000000", "time": "2025-07-16T00:10:22.968131Z", "fetched_at": "2025-07-16T00:10:50.838683+00:00", "symbol": "BTC-USD"}, {"trade_id": 850011981, "side": "sell", "size": "0.08028570", "price": "117543.02000000", "time": "2025-07-16T00:10:22.965777Z", "fetched_at": "2025-07-16T00:10:50.838683+00:00", "symbol": "BTC-USD"}, {"trade_id": 850011980, "side": "sell", "size": "0.01258729", "price": "117543.02000000", "time": "2025-07-16T00:10:22.964659Z", "fetched_at": "2025-07-16T00:10:50.838683+00:00", "symbol": "BTC-USD"}, {"trade_id": 850011979, "side": "sell", "size": "0.00301834", "price": "117543.02000000", "time": "2025-07-16T00:10:22.959839Z", "fetched_at": "2025-07-16T00:10:50.838683+00:00", "symbol": "BTC-USD"}, {"trade_id": 850011978, "side": "sell", "size": "0.01614406", "price": "117543.02000000", "time": "2025-07-16T00:10:22.955998Z", "fetched_at": "2025-07-16T00:10:50.838683+00:00", "symbol": "BTC-USD"}, {"trade_id": 850011977, "side": "sell", "size": "0.30490593", "price": "117543.02000000", "time": "2025-07-16T00:10:22.776661Z", "fetched_at": "2025-07-16T00:10:50.838683+00:00", "symbol": "BTC-USD"}, {"trade_id": 850011976, "side": "sell", "size": "0.12479178", "price": "117543.02000000", "time": "2025-07-16T00:10:22.773919Z", "fetched_at": "2025-07-16T00:10:50.838683+00:00", "symbol": "BTC-USD"}, {"trade_id": 850011975, "side": "sell", "size": "0.00292809", "price": "117543.02000000", "time": "2025-07-16T00:10:22.369022Z", "fetched_at": "2025-07-16T00:10:50.838683+00:00", "symbol": "BTC-USD"}, {"trade_id": 850011974, "side": "sell", "size": "0.00842245", "price": "117543.02000000", "time": "2025-07-16T00:10:21.544446Z", "fetched_at": "2025-07-16T00:10:50.838683+00:00", "symbol": "BTC-USD"}, {"trade_id": 850011973, "side": "buy", "size": "0.00004007", "price": "117543.01000000", "time": "2025-07-16T00:10:20.507384Z", "fetched_at": "2025-07-16T00:10:50.838683+00:00", "symbol": "BTC-USD"}, {"trade_id": 850011972, "side": "sell", "size": "0.00126365", "price": "117543.02000000", "time": "2025-07-16T00:10:20.119029Z", "fetched_at": "2025-07-16T00:10:50.838683+00:00", "symbol": "BTC-USD"}, {"trade_id": 850011971, "side": "sell", "size": "0.00673947", "price": "117543.02000000", "time": "2025-07-16T00:10:19.928298Z", "fetched_at": "2025-07-16T00:10:50.838683+00:00", "symbol": "BTC-USD"}, {"trade_id": 850011970, "side": "sell", "size": "0.00096855", "price": "117543.02000000", "time": "2025-07-16T00:10:19.102843Z", "fetched_at": "2025-07-16T00:10:50.838683+00:00", "symbol": "BTC-USD"}, {"trade_id": 850011969, "side": "sell", "size": "0.00102344", "price": "117543.02000000", "time": "2025-07-16T00:10:17.820612Z", "fetched_at": "2025-07-16T00:10:50.838683+00:00", "symbol": "BTC-USD"}, {"trade_id": 850011968, "side": "sell", "size": "0.00010128", "price": "117543.02000000", "time": "2025-07-16T00:10:17.820612Z", "fetched_at": "2025-07-16T00:10:50.838683+00:00", "symbol": "BTC-USD"}, {"trade_id": 850011967, "side": "sell", "size": "0.00088623", "price": "117543.02000000", "time": "2025-07-16T00:10:17.820612Z", "fetched_at": "2025-07-16T00:10:50.838683+00:00", "symbol": "BTC-USD"}, {"trade_id": 850011966, "side": "sell", "size": "0.00007969", "price": "117543.02000000", "time": "2025-07-16T00:10:17.820612Z", "fetched_at": "2025-07-16T00:10:50.838683+00:00", "symbol": "BTC-USD"}, {"trade_id": 850011965, "side": "sell", "size": "0.00001497", "price": "117543.02000000", "time": "2025-07-16T00:10:17.820612Z", "fetched_at": "2025-07-16T00:10:50.838683+00:00", "symbol": "BTC-USD"}, {"trade_id": 850011964, "side": "buy", "size": "0.00140727", "price": "117543.01000000", "time": "2025-07-16T00:10:15.296815Z", "fetched_at": "2025-07-16T00:10:50.838683+00:00", "symbol": "BTC-USD"}, {"trade_id": 850011963, "side": "buy", "size": "0.00166190", "price": "117543.01000000", "time": "2025-07-16T00:10:14.904667Z", "fetched_at": "2025-07-16T00:10:50.838683+00:00", "symbol": "BTC-USD"}, {"trade_id": 850011962, "side": "buy", "size": "0.02301245", "price": "117543.01000000", "time": "2025-07-16T00:10:14.904667Z", "fetched_at": "2025-07-16T00:10:50.838683+00:00", "symbol": "BTC-USD"}, {"trade_id": 850011961, "side": "buy", "size": "0.00009613", "price": "117543.01000000", "time": "2025-07-16T00:10:14.904667Z", "fetched_at": "2025-07-16T00:10:50.838683+00:00", "symbol": "BTC-USD"}, {"trade_id": 850011960, "side": "buy", "size": "0.00329560", "price": "117543.01000000", "time": "2025-07-16T00:10:14.904667Z", "fetched_at": "2025-07-16T00:10:50.838683+00:00", "symbol": "BTC-USD"}, {"trade_id": 850011959, "side": "buy", "size": "0.00004709", "price": "117543.01000000", "time": "2025-07-16T00:10:12.803820Z", "fetched_at": "2025-07-16T00:10:50.838683+00:00", "symbol": "BTC-USD"}, {"trade_id": 850011958, "side": "sell", "size": "0.00114925", "price": "117543.02000000", "time": "2025-07-16T00:10:12.377535Z", "fetched_at": "2025-07-16T00:10:50.838683+00:00", "symbol": "BTC-USD"}, {"trade_id": 850011957, "side": "sell", "size": "0.00004132", "price": "117543.02000000", "time": "2025-07-16T00:10:12.294938Z", "fetched_at": "2025-07-16T00:10:50.838683+00:00", "symbol": "BTC-USD"}, {"trade_id": 850011956, "side": "buy", "size": "0.00132804", "price": "117543.01000000", "time": "2025-07-16T00:10:11.852035Z", "fetched_at": "2025-07-16T00:10:50.838683+00:00", "symbol": "BTC-USD"}, {"trade_id": 850011955, "side": "buy", "size": "0.00197805", "price": "117543.01000000", "time": "2025-07-16T00:10:11.852035Z", "fetched_at": "2025-07-16T00:10:50.838683+00:00", "symbol": "BTC-USD"}, {"trade_id": 850011954, "side": "sell", "size": "0.00029485", "price": "117543.02000000", "time": "2025-07-16T00:10:11.830680Z", "fetched_at": "2025-07-16T00:10:50.838683+00:00", "symbol": "BTC-USD"}, {"trade_id": 850011953, "side": "sell", "size": "0.00132304", "price": "117543.02000000", "time": "2025-07-16T00:10:11.060680Z", "fetched_at": "2025-07-16T00:10:50.838683+00:00", "symbol": "BTC-USD"}, {"trade_id": 850011952, "side": "sell", "size": "0.00007473", "price": "117543.02000000", "time": "2025-07-16T00:10:10.838680Z", "fetched_at": "2025-07-16T00:10:50.838683+00:00", "symbol": "BTC-USD"}, {"trade_id": 850011951, "side": "sell", "size": "0.00001000", "price": "117543.02000000", "time": "2025-07-16T00:10:10.838680Z", "fetched_at": "2025-07-16T00:10:50.838683+00:00", "symbol": "BTC-USD"}, {"trade_id": 850011950, "side": "buy", "size": "0.00891870", "price": "117535.94000000", "time": "2025-07-16T00:10:10.064276Z", "fetched_at": "2025-07-16T00:10:50.838683+00:00", "symbol": "BTC-USD"}, {"trade_id": 850011949, "side": "buy", "size": "0.00999999", "price": "117542.28000000", "time": "2025-07-16T00:10:10.064276Z", "fetched_at": "2025-07-16T00:10:50.838683+00:00", "symbol": "BTC-USD"}, {"trade_id": 850011948, "side": "sell", "size": "0.00001328", "price": "117530.45000000", "time": "2025-07-16T00:10:09.857429Z", "fetched_at": "2025-07-16T00:10:50.838683+00:00", "symbol": "BTC-USD"}, {"trade_id": 850011947, "side": "sell", "size": "0.03411246", "price": "117530.42000000", "time": "2025-07-16T00:10:09.853483Z", "fetched_at": "2025-07-16T00:10:50.838683+00:00", "symbol": "BTC-USD"}, {"trade_id": 850011946, "side": "sell", "size": "0.02380338", "price": "117530.42000000", "time": "2025-07-16T00:10:09.850602Z", "fetched_at": "2025-07-16T00:10:50.838683+00:00", "symbol": "BTC-USD"}, {"trade_id": 850011945, "side": "sell", "size": "0.00319428", "price": "117530.42000000", "time": "2025-07-16T00:10:09.833649Z", "fetched_at": "2025-07-16T00:10:50.838683+00:00", "symbol": "BTC-USD"}, {"trade_id": 850011944, "side": "sell", "size": "0.00375718", "price": "117530.42000000", "time": "2025-07-16T00:10:09.830065Z", "fetched_at": "2025-07-16T00:10:50.838683+00:00", "symbol": "BTC-USD"}, {"trade_id": 850011943, "side": "sell", "size": "0.02713563", "price": "117530.42000000", "time": "2025-07-16T00:10:09.825798Z", "fetched_at": "2025-07-16T00:10:50.838683+00:00", "symbol": "BTC-USD"}, {"trade_id": 850011942, "side": "sell", "size": "0.00357936", "price": "117530.42000000", "time": "2025-07-16T00:10:09.803370Z", "fetched_at": "2025-07-16T00:10:50.838683+00:00", "symbol": "BTC-USD"}, {"trade_id": 850011941, "side": "sell", "size": "0.00150988", "price": "117530.42000000", "time": "2025-07-16T00:10:09.798967Z", "fetched_at": "2025-07-16T00:10:50.838683+00:00", "symbol": "BTC-USD"}, {"trade_id": 850011940, "side": "sell", "size": "0.00361740", "price": "117530.42000000", "time": "2025-07-16T00:10:09.790626Z", "fetched_at": "2025-07-16T00:10:50.838683+00:00", "symbol": "BTC-USD"}, {"trade_id": 850011939, "side": "sell", "size": "0.04556595", "price": "117530.42000000", "time": "2025-07-16T00:10:09.786265Z", "fetched_at": "2025-07-16T00:10:50.838683+00:00", "symbol": "BTC-USD"}, {"trade_id": 850011938, "side": "sell", "size": "0.00437333", "price": "117530.42000000", "time": "2025-07-16T00:10:09.777196Z", "fetched_at": "2025-07-16T00:10:50.838683+00:00", "symbol": "BTC-USD"}, {"trade_id": 850011937, "side": "sell", "size": "0.04584720", "price": "117530.42000000", "time": "2025-07-16T00:10:09.773172Z", "fetched_at": "2025-07-16T00:10:50.838683+00:00", "symbol": "BTC-USD"}, {"trade_id": 850011936, "side": "sell", "size": "0.03717050", "price": "117530.42000000", "time": "2025-07-16T00:10:09.769385Z", "fetched_at": "2025-07-16T00:10:50.838683+00:00", "symbol": "BTC-USD"}, {"trade_id": 850011935, "side": "sell", "size": "0.00334180", "price": "117530.42000000", "time": "2025-07-16T00:10:09.766094Z", "fetched_at": "2025-07-16T00:10:50.838683+00:00", "symbol": "BTC-USD"}, {"trade_id": 850011934, "side": "sell", "size": "0.13400523", "price": "117530.42000000", "time": "2025-07-16T00:10:09.761866Z", "fetched_at": "2025-07-16T00:10:50.838683+00:00", "symbol": "BTC-USD"}, {"trade_id": 850011933, "side": "sell", "size": "0.00850862", "price": "117527.89000000", "time": "2025-07-16T00:10:09.697418Z", "fetched_at": "2025-07-16T00:10:50.838683+00:00", "symbol": "BTC-USD"}, {"trade_id": 850011932, "side": "sell", "size": "0.00000204", "price": "117526.14000000", "time": "2025-07-16T00:10:09.687135Z", "fetched_at": "2025-07-16T00:10:50.838683+00:00", "symbol": "BTC-USD"}, {"trade_id": 850011931, "side": "sell", "size": "0.00342251", "price": "117526.13000000", "time": "2025-07-16T00:10:09.687135Z", "fetched_at": "2025-07-16T00:10:50.838683+00:00", "symbol": "BTC-USD"}, {"trade_id": 850011930, "side": "sell", "size": "0.00004000", "price": "117516.73000000", "time": "2025-07-16T00:10:09.416764Z", "fetched_at": "2025-07-16T00:10:50.838683+00:00", "symbol": "BTC-USD"}, {"trade_id": 850011929, "side": "sell", "size": "0.00009800", "price": "117516.73000000", "time": "2025-07-16T00:10:09.416764Z", "fetched_at": "2025-07-16T00:10:50.838683+00:00", "symbol": "BTC-USD"}, {"trade_id": 850011928, "side": "sell", "size": "0.06223123", "price": "117516.73000000", "time": "2025-07-16T00:10:09.416764Z", "fetched_at": "2025-07-16T00:10:50.838683+00:00", "symbol": "BTC-USD"}, {"trade_id": 850011927, "side": "sell", "size": "0.06175996", "price": "117516.73000000", "time": "2025-07-16T00:10:09.416464Z", "fetched_at": "2025-07-16T00:10:50.838683+00:00", "symbol": "BTC-USD"}, {"trade_id": 850011926, "side": "sell", "size": "0.00827000", "price": "117516.73000000", "time": "2025-07-16T00:10:09.416464Z", "fetched_at": "2025-07-16T00:10:50.838683+00:00", "symbol": "BTC-USD"}, {"trade_id": 850011925, "side": "sell", "size": "0.00041300", "price": "117516.73000000", "time": "2025-07-16T00:10:09.416464Z", "fetched_at": "2025-07-16T00:10:50.838683+00:00", "symbol": "BTC-USD"}, {"trade_id": 850011924, "side": "sell", "size": "0.00019800", "price": "117516.73000000", "time": "2025-07-16T00:10:09.416464Z", "fetched_at": "2025-07-16T00:10:50.838683+00:00", "symbol": "BTC-USD"}, {"trade_id": 850011923, "side": "sell", "size": "0.00002400", "price": "117516.73000000", "time": "2025-07-16T00:10:09.416464Z", "fetched_at": "2025-07-16T00:10:50.838683+00:00", "symbol": "BTC-USD"}, {"trade_id": 850011922, "side": "sell", "size": "0.00048500", "price": "117516.73000000", "time": "2025-07-16T00:10:09.416464Z", "fetched_at": "2025-07-16T00:10:50.838683+00:00", "symbol": "BTC-USD"}, {"trade_id": 850011921, "side": "sell", "size": "0.02728618", "price": "117516.73000000", "time": "2025-07-16T00:10:09.416464Z", "fetched_at": "2025-07-16T00:10:50.838683+00:00", "symbol": "BTC-USD"}, {"trade_id": 850011920, "side": "sell", "size": "0.02000000", "price": "117516.73000000", "time": "2025-07-16T00:10:09.416010Z", "fetched_at": "2025-07-16T00:10:50.838683+00:00", "symbol": "BTC-USD"}, {"trade_id": 850011919, "side": "sell", "size": "0.04000000", "price": "117516.73000000", "time": "2025-07-16T00:10:09.415932Z", "fetched_at": "2025-07-16T00:10:50.838683+00:00", "symbol": "BTC-USD"}, {"trade_id": 850011918, "side": "sell", "size": "0.07964982", "price": "117516.73000000", "time": "2025-07-16T00:10:09.415754Z", "fetched_at": "2025-07-16T00:10:50.838683+00:00", "symbol": "BTC-USD"}, {"trade_id": 850011917, "side": "sell", "size": "0.00020700", "price": "117516.73000000", "time": "2025-07-16T00:10:09.415754Z", "fetched_at": "2025-07-16T00:10:50.838683+00:00", "symbol": "BTC-USD"}, {"trade_id": 850011916, "side": "sell", "size": "0.00102700", "price": "117516.73000000", "time": "2025-07-16T00:10:09.415754Z", "fetched_at": "2025-07-16T00:10:50.838683+00:00", "symbol": "BTC-USD"}, {"trade_id": 850011915, "side": "sell", "size": "0.00084300", "price": "117516.73000000", "time": "2025-07-16T00:10:09.415754Z", "fetched_at": "2025-07-16T00:10:50.838683+00:00", "symbol": "BTC-USD"}, {"trade_id": 850011914, "side": "sell", "size": "0.00019200", "price": "117516.73000000", "time": "2025-07-16T00:10:09.415754Z", "fetched_at": "2025-07-16T00:10:50.838683+00:00", "symbol": "BTC-USD"}, {"trade_id": 850011913, "side": "sell", "size": "0.00022000", "price": "117516.73000000", "time": "2025-07-16T00:10:09.415754Z", "fetched_at": "2025-07-16T00:10:50.838683+00:00", "symbol": "BTC-USD"}, {"trade_id": 850011912, "side": "sell", "size": "0.00281810", "price": "117516.73000000", "time": "2025-07-16T00:10:09.415754Z", "fetched_at": "2025-07-16T00:10:50.838683+00:00", "symbol": "BTC-USD"}, {"trade_id": 850011911, "side": "sell", "size": "0.00026100", "price": "117516.73000000", "time": "2025-07-16T00:10:09.415754Z", "fetched_at": "2025-07-16T00:10:50.838683+00:00", "symbol": "BTC-USD"}, {"trade_id": 850011910, "side": "sell", "size": "0.00053000", "price": "117516.73000000", "time": "2025-07-16T00:10:09.415754Z", "fetched_at": "2025-07-16T00:10:50.838683+00:00", "symbol": "BTC-USD"}, {"trade_id": 850011909, "side": "sell", "size": "0.00363300", "price": "117516.73000000", "time": "2025-07-16T00:10:09.415754Z", "fetched_at": "2025-07-16T00:10:50.838683+00:00", "symbol": "BTC-USD"}, {"trade_id": 850011908, "side": "sell", "size": "0.00016500", "price": "117516.73000000", "time": "2025-07-16T00:10:09.415754Z", "fetched_at": "2025-07-16T00:10:50.838683+00:00", "symbol": "BTC-USD"}, {"trade_id": 850011907, "side": "sell", "size": "0.00018000", "price": "117516.73000000", "time": "2025-07-16T00:10:09.415754Z", "fetched_at": "2025-07-16T00:10:50.838683+00:00", "symbol": "BTC-USD"}, {"trade_id": 850011906, "side": "sell", "size": "0.00128200", "price": "117516.73000000", "time": "2025-07-16T00:10:09.415754Z", "fetched_at": "2025-07-16T00:10:50.838683+00:00", "symbol": "BTC-USD"}, {"trade_id": 850011905, "side": "sell", "size": "0.00084200", "price": "117516.73000000", "time": "2025-07-16T00:10:09.415754Z", "fetched_at": "2025-07-16T00:10:50.838683+00:00", "symbol": "BTC-USD"}, {"trade_id": 850011904, "side": "sell", "size": "0.00016200", "price": "117516.73000000", "time": "2025-07-16T00:10:09.415754Z", "fetched_at": "2025-07-16T00:10:50.838683+00:00", "symbol": "BTC-USD"}, {"trade_id": 850011903, "side": "sell", "size": "0.00126800", "price": "117516.73000000", "time": "2025-07-16T00:10:09.415754Z", "fetched_at": "2025-07-16T00:10:50.838683+00:00", "symbol": "BTC-USD"}, {"trade_id": 850011902, "side": "sell", "size": "0.00173000", "price": "117516.73000000", "time": "2025-07-16T00:10:09.415754Z", "fetched_at": "2025-07-16T00:10:50.838683+00:00", "symbol": "BTC-USD"}, {"trade_id": 850011901, "side": "sell", "size": "0.00425400", "price": "117516.73000000", "time": "2025-07-16T00:10:09.415754Z", "fetched_at": "2025-07-16T00:10:50.838683+00:00", "symbol": "BTC-USD"}, {"trade_id": 850011900, "side": "sell", "size": "0.00372100", "price": "117516.73000000", "time": "2025-07-16T00:10:09.415754Z", "fetched_at": "2025-07-16T00:10:50.838683+00:00", "symbol": "BTC-USD"}, {"trade_id": 850011899, "side": "sell", "size": "0.00045400", "price": "117516.73000000", "time": "2025-07-16T00:10:09.415754Z", "fetched_at": "2025-07-16T00:10:50.838683+00:00", "symbol": "BTC-USD"}, {"trade_id": 850011898, "side": "sell", "size": "0.00008300", "price": "117516.73000000", "time": "2025-07-16T00:10:09.415754Z", "fetched_at": "2025-07-16T00:10:50.838683+00:00", "symbol": "BTC-USD"}, {"trade_id": 850011897, "side": "sell", "size": "0.00061000", "price": "117516.73000000", "time": "2025-07-16T00:10:09.415754Z", "fetched_at": "2025-07-16T00:10:50.838683+00:00", "symbol": "BTC-USD"}, {"trade_id": 850011896, "side": "sell", "size": "0.00124000", "price": "117516.73000000", "time": "2025-07-16T00:10:09.415754Z", "fetched_at": "2025-07-16T00:10:50.838683+00:00", "symbol": "BTC-USD"}, {"trade_id": 850011895, "side": "sell", "size": "0.00028100", "price": "117516.73000000", "time": "2025-07-16T00:10:09.415754Z", "fetched_at": "2025-07-16T00:10:50.838683+00:00", "symbol": "BTC-USD"}, {"trade_id": 850011894, "side": "sell", "size": "0.00004200", "price": "117516.73000000", "time": "2025-07-16T00:10:09.415754Z", "fetched_at": "2025-07-16T00:10:50.838683+00:00", "symbol": "BTC-USD"}, {"trade_id": 850011893, "side": "sell", "size": "0.00082700", "price": "117516.73000000", "time": "2025-07-16T00:10:09.415754Z", "fetched_at": "2025-07-16T00:10:50.838683+00:00", "symbol": "BTC-USD"}, {"trade_id": 850011892, "side": "sell", "size": "0.00012700", "price": "117516.73000000", "time": "2025-07-16T00:10:09.415754Z", "fetched_at": "2025-07-16T00:10:50.838683+00:00", "symbol": "BTC-USD"}, {"trade_id": 850011891, "side": "sell", "size": "0.00042500", "price": "117516.73000000", "time": "2025-07-16T00:10:09.415754Z", "fetched_at": "2025-07-16T00:10:50.838683+00:00", "symbol": "BTC-USD"}, {"trade_id": 850011890, "side": "sell", "size": "0.00008300", "price": "117516.73000000", "time": "2025-07-16T00:10:09.415754Z", "fetched_at": "2025-07-16T00:10:50.838683+00:00", "symbol": "BTC-USD"}, {"trade_id": 850011889, "side": "sell", "size": "0.00040300", "price": "117516.73000000", "time": "2025-07-16T00:10:09.415754Z", "fetched_at": "2025-07-16T00:10:50.838683+00:00", "symbol": "BTC-USD"}, {"trade_id": 850011888, "side": "sell", "size": "0.00098000", "price": "117516.73000000", "time": "2025-07-16T00:10:09.415754Z", "fetched_at": "2025-07-16T00:10:50.838683+00:00", "symbol": "BTC-USD"}, {"trade_id": 850011887, "side": "sell", "size": "0.00020700", "price": "117516.73000000", "time": "2025-07-16T00:10:09.415754Z", "fetched_at": "2025-07-16T00:10:50.838683+00:00", "symbol": "BTC-USD"}, {"trade_id": 850011886, "side": "sell", "size": "0.00041300", "price": "117516.73000000", "time": "2025-07-16T00:10:09.415754Z", "fetched_at": "2025-07-16T00:10:50.838683+00:00", "symbol": "BTC-USD"}, {"trade_id": 850011885, "side": "sell", "size": "0.00082700", "price": "117516.73000000", "time": "2025-07-16T00:10:09.415754Z", "fetched_at": "2025-07-16T00:10:50.838683+00:00", "symbol": "BTC-USD"}, {"trade_id": 850011884, "side": "sell", "size": "0.00022400", "price": "117516.73000000", "time": "2025-07-16T00:10:09.415754Z", "fetched_at": "2025-07-16T00:10:50.838683+00:00", "symbol": "BTC-USD"}, {"trade_id": 850011883, "side": "sell", "size": "0.00421200", "price": "117516.73000000", "time": "2025-07-16T00:10:09.415754Z", "fetched_at": "2025-07-16T00:10:50.838683+00:00", "symbol": "BTC-USD"}, {"trade_id": 850011882, "side": "sell", "size": "0.00001700", "price": "117516.73000000", "time": "2025-07-16T00:10:09.415754Z", "fetched_at": "2025-07-16T00:10:50.838683+00:00", "symbol": "BTC-USD"}, {"trade_id": 850011881, "side": "sell", "size": "0.00645100", "price": "117516.73000000", "time": "2025-07-16T00:10:09.415754Z", "fetched_at": "2025-07-16T00:10:50.838683+00:00", "symbol": "BTC-USD"}, {"trade_id": 850011880, "side": "sell", "size": "0.03228200", "price": "117516.73000000", "time": "2025-07-16T00:10:09.415754Z", "fetched_at": "2025-07-16T00:10:50.838683+00:00", "symbol": "BTC-USD"}, {"trade_id": 850011879, "side": "sell", "size": "0.00020200", "price": "117516.73000000", "time": "2025-07-16T00:10:09.415754Z", "fetched_at": "2025-07-16T00:10:50.838683+00:00", "symbol": "BTC-USD"}, {"trade_id": 850011878, "side": "sell", "size": "0.00072508", "price": "117516.73000000", "time": "2025-07-16T00:10:09.415754Z", "fetched_at": "2025-07-16T00:10:50.838683+00:00", "symbol": "BTC-USD"}, {"trade_id": 850011877, "side": "sell", "size": "0.00706792", "price": "117516.73000000", "time": "2025-07-16T00:10:09.415250Z", "fetched_at": "2025-07-16T00:10:50.838683+00:00", "symbol": "BTC-USD"}, {"trade_id": 850011876, "side": "sell", "size": "0.00764600", "price": "117516.73000000", "time": "2025-07-16T00:10:09.415250Z", "fetched_at": "2025-07-16T00:10:50.838683+00:00", "symbol": "BTC-USD"}, {"trade_id": 850011875, "side": "sell", "size": "0.00012400", "price": "117516.73000000", "time": "2025-07-16T00:10:09.415250Z", "fetched_at": "2025-07-16T00:10:50.838683+00:00", "symbol": "BTC-USD"}, {"trade_id": 850011874, "side": "sell", "size": "0.00024700", "price": "117516.73000000", "time": "2025-07-16T00:10:09.415250Z", "fetched_at": "2025-07-16T00:10:50.838683+00:00", "symbol": "BTC-USD"}, {"trade_id": 850011873, "side": "sell", "size": "0.00140000", "price": "117516.73000000", "time": "2025-07-16T00:10:09.415250Z", "fetched_at": "2025-07-16T00:10:50.838683+00:00", "symbol": "BTC-USD"}, {"trade_id": 850011872, "side": "sell", "size": "0.00033300", "price": "117516.73000000", "time": "2025-07-16T00:10:09.415250Z", "fetched_at": "2025-07-16T00:10:50.838683+00:00", "symbol": "BTC-USD"}, {"trade_id": 850011871, "side": "sell", "size": "0.00082700", "price": "117516.73000000", "time": "2025-07-16T00:10:09.415250Z", "fetched_at": "2025-07-16T00:10:50.838683+00:00", "symbol": "BTC-USD"}, {"trade_id": 850011870, "side": "sell", "size": "0.00217600", "price": "117516.73000000", "time": "2025-07-16T00:10:09.415250Z", "fetched_at": "2025-07-16T00:10:50.838683+00:00", "symbol": "BTC-USD"}, {"trade_id": 850011869, "side": "sell", "size": "0.00034500", "price": "117516.73000000", "time": "2025-07-16T00:10:09.415250Z", "fetched_at": "2025-07-16T00:10:50.838683+00:00", "symbol": "BTC-USD"}, {"trade_id": 850011868, "side": "sell", "size": "0.02213803", "price": "117516.73000000", "time": "2025-07-16T00:10:09.415250Z", "fetched_at": "2025-07-16T00:10:50.838683+00:00", "symbol": "BTC-USD"}, {"trade_id": 850011867, "side": "sell", "size": "0.00325697", "price": "117516.73000000", "time": "2025-07-16T00:10:09.414620Z", "fetched_at": "2025-07-16T00:10:50.838683+00:00", "symbol": "BTC-USD"}, {"trade_id": 850011866, "side": "sell", "size": "0.00098800", "price": "117516.73000000", "time": "2025-07-16T00:10:09.414620Z", "fetched_at": "2025-07-16T00:10:50.838683+00:00", "symbol": "BTC-USD"}, {"trade_id": 850011865, "side": "sell", "size": "0.00041400", "price": "117516.73000000", "time": "2025-07-16T00:10:09.414620Z", "fetched_at": "2025-07-16T00:10:50.838683+00:00", "symbol": "BTC-USD"}, {"trade_id": 850011864, "side": "sell", "size": "0.00041300", "price": "117516.73000000", "time": "2025-07-16T00:10:09.414620Z", "fetched_at": "2025-07-16T00:10:50.838683+00:00", "symbol": "BTC-USD"}, {"trade_id": 850011863, "side": "sell", "size": "0.00004100", "price": "117516.73000000", "time": "2025-07-16T00:10:09.414620Z", "fetched_at": "2025-07-16T00:10:50.838683+00:00", "symbol": "BTC-USD"}, {"trade_id": 850011862, "side": "sell", "size": "0.00032800", "price": "117516.73000000", "time": "2025-07-16T00:10:09.414620Z", "fetched_at": "2025-07-16T00:10:50.838683+00:00", "symbol": "BTC-USD"}, {"trade_id": 850011861, "side": "sell", "size": "0.00004800", "price": "117516.73000000", "time": "2025-07-16T00:10:09.414620Z", "fetched_at": "2025-07-16T00:10:50.838683+00:00", "symbol": "BTC-USD"}, {"trade_id": 850011860, "side": "sell", "size": "0.00005800", "price": "117516.73000000", "time": "2025-07-16T00:10:09.414620Z", "fetched_at": "2025-07-16T00:10:50.838683+00:00", "symbol": "BTC-USD"}, {"trade_id": 850011859, "side": "sell", "size": "0.00025319", "price": "117516.73000000", "time": "2025-07-16T00:10:09.414620Z", "fetched_at": "2025-07-16T00:10:50.838683+00:00", "symbol": "BTC-USD"}, {"trade_id": 850011858, "side": "sell", "size": "0.00003618", "price": "117516.73000000", "time": "2025-07-16T00:10:09.414620Z", "fetched_at": "2025-07-16T00:10:50.838683+00:00", "symbol": "BTC-USD"}, {"trade_id": 850011857, "side": "sell", "size": "0.05431451", "price": "117516.73000000", "time": "2025-07-16T00:10:09.414620Z", "fetched_at": "2025-07-16T00:10:50.838683+00:00", "symbol": "BTC-USD"}, {"trade_id": 850011856, "side": "sell", "size": "0.02111475", "price": "117516.73000000", "time": "2025-07-16T00:10:09.414368Z", "fetched_at": "2025-07-16T00:10:50.838683+00:00", "symbol": "BTC-USD"}, {"trade_id": 850011855, "side": "sell", "size": "0.01298397", "price": "117516.73000000", "time": "2025-07-16T00:10:09.409618Z", "fetched_at": "2025-07-16T00:10:50.838683+00:00", "symbol": "BTC-USD"}, {"trade_id": 850011854, "side": "sell", "size": "0.01266507", "price": "117516.73000000", "time": "2025-07-16T00:10:09.409380Z", "fetched_at": "2025-07-16T00:10:50.838683+00:00", "symbol": "BTC-USD"}, {"trade_id": 850011853, "side": "sell", "size": "0.00715209", "price": "117516.73000000", "time": "2025-07-16T00:10:09.408400Z", "fetched_at": "2025-07-16T00:10:50.838683+00:00", "symbol": "BTC-USD"}, {"trade_id": 850011852, "side": "sell", "size": "0.01120765", "price": "117516.73000000", "time": "2025-07-16T00:10:09.408185Z", "fetched_at": "2025-07-16T00:10:50.838683+00:00", "symbol": "BTC-USD"}, {"trade_id": 850011851, "side": "sell", "size": "0.01395485", "price": "117516.73000000", "time": "2025-07-16T00:10:09.408094Z", "fetched_at": "2025-07-16T00:10:50.838683+00:00", "symbol": "BTC-USD"}, {"trade_id": 850011850, "side": "sell", "size": "0.01091715", "price": "117516.73000000", "time": "2025-07-16T00:10:09.408065Z", "fetched_at": "2025-07-16T00:10:50.838683+00:00", "symbol": "BTC-USD"}, {"trade_id": 850011849, "side": "sell", "size": "0.02031148", "price": "117516.73000000", "time": "2025-07-16T00:10:09.407553Z", "fetched_at": "2025-07-16T00:10:50.838683+00:00", "symbol": "BTC-USD"}, {"trade_id": 850011848, "side": "sell", "size": "0.00663649", "price": "117516.73000000", "time": "2025-07-16T00:10:09.407539Z", "fetched_at": "2025-07-16T00:10:50.838683+00:00", "symbol": "BTC-USD"}, {"trade_id": 850011847, "side": "sell", "size": "0.01030260", "price": "117516.73000000", "time": "2025-07-16T00:10:09.407143Z", "fetched_at": "2025-07-16T00:10:50.838683+00:00", "symbol": "BTC-USD"}, {"trade_id": 850011846, "side": "sell", "size": "0.15382301", "price": "117516.73000000", "time": "2025-07-16T00:10:09.405327Z", "fetched_at": "2025-07-16T00:10:50.838683+00:00", "symbol": "BTC-USD"}, {"trade_id": 850011845, "side": "sell", "size": "0.03124498", "price": "117516.73000000", "time": "2025-07-16T00:10:09.405292Z", "fetched_at": "2025-07-16T00:10:50.838683+00:00", "symbol": "BTC-USD"}, {"trade_id": 850011844, "side": "sell", "size": "0.05894860", "price": "117516.73000000", "time": "2025-07-16T00:10:09.404029Z", "fetched_at": "2025-07-16T00:10:50.838683+00:00", "symbol": "BTC-USD"}, {"trade_id": 850011843, "side": "sell", "size": "0.07423498", "price": "117516.73000000", "time": "2025-07-16T00:10:09.403949Z", "fetched_at": "2025-07-16T00:10:50.838683+00:00", "symbol": "BTC-USD"}, {"trade_id": 850011842, "side": "sell", "size": "0.06366582", "price": "117516.73000000", "time": "2025-07-16T00:10:09.403898Z", "fetched_at": "2025-07-16T00:10:50.838683+00:00", "symbol": "BTC-USD"}, {"trade_id": 850011841, "side": "sell", "size": "0.01918623", "price": "117516.73000000", "time": "2025-07-16T00:10:09.403325Z", "fetched_at": "2025-07-16T00:10:50.838683+00:00", "symbol": "BTC-USD"}, {"trade_id": 850011840, "side": "sell", "size": "0.05850675", "price": "117516.73000000", "time": "2025-07-16T00:10:09.402256Z", "fetched_at": "2025-07-16T00:10:50.838683+00:00", "symbol": "BTC-USD"}, {"trade_id": 850011839, "side": "sell", "size": "0.04920115", "price": "117516.73000000", "time": "2025-07-16T00:10:09.401860Z", "fetched_at": "2025-07-16T00:10:50.838683+00:00", "symbol": "BTC-USD"}, {"trade_id": 850011838, "side": "sell", "size": "0.01364292", "price": "117516.73000000", "time": "2025-07-16T00:10:09.401832Z", "fetched_at": "2025-07-16T00:10:50.838683+00:00", "symbol": "BTC-USD"}, {"trade_id": 850011837, "side": "sell", "size": "0.00004002", "price": "117516.73000000", "time": "2025-07-16T00:10:08.611137Z", "fetched_at": "2025-07-16T00:10:50.838683+00:00", "symbol": "BTC-USD"}, {"trade_id": 850011836, "side": "buy", "size": "0.00587418", "price": "117516.72000000", "time": "2025-07-16T00:10:07.260422Z", "fetched_at": "2025-07-16T00:10:50.838683+00:00", "symbol": "BTC-USD"}, {"trade_id": 850011835, "side": "buy", "size": "0.00002202", "price": "117516.72000000", "time": "2025-07-16T00:10:07.260422Z", "fetched_at": "2025-07-16T00:10:50.838683+00:00", "symbol": "BTC-USD"}, {"trade_id": 850011834, "side": "buy", "size": "0.00393133", "price": "117516.72000000", "time": "2025-07-16T00:10:07.260422Z", "fetched_at": "2025-07-16T00:10:50.838683+00:00", "symbol": "BTC-USD"}, {"trade_id": 850011833, "side": "sell", "size": "0.00005735", "price": "117516.73000000", "time": "2025-07-16T00:10:07.245302Z", "fetched_at": "2025-07-16T00:10:50.838683+00:00", "symbol": "BTC-USD"}, {"trade_id": 850011832, "side": "sell", "size": "0.00004136", "price": "117516.73000000", "time": "2025-07-16T00:10:07.177480Z", "fetched_at": "2025-07-16T00:10:50.838683+00:00", "symbol": "BTC-USD"}, {"trade_id": 850011831, "side": "buy", "size": "0.00012434", "price": "117516.72000000", "time": "2025-07-16T00:10:06.954434Z", "fetched_at": "2025-07-16T00:10:50.838683+00:00", "symbol": "BTC-USD"}, {"trade_id": 850011830, "side": "buy", "size": "0.00000348", "price": "117516.72000000", "time": "2025-07-16T00:10:06.954434Z", "fetched_at": "2025-07-16T00:10:50.838683+00:00", "symbol": "BTC-USD"}, {"trade_id": 850011829, "side": "buy", "size": "0.00000119", "price": "117516.72000000", "time": "2025-07-16T00:10:06.954434Z", "fetched_at": "2025-07-16T00:10:50.838683+00:00", "symbol": "BTC-USD"}, {"trade_id": 850011828, "side": "buy", "size": "0.00010356", "price": "117516.72000000", "time": "2025-07-16T00:10:06.954434Z", "fetched_at": "2025-07-16T00:10:50.838683+00:00", "symbol": "BTC-USD"}, {"trade_id": 850011827, "side": "sell", "size": "0.00826932", "price": "117516.73000000", "time": "2025-07-16T00:10:06.669115Z", "fetched_at": "2025-07-16T00:10:50.838683+00:00", "symbol": "BTC-USD"}, {"trade_id": 850011826, "side": "sell", "size": "0.00041343", "price": "117516.73000000", "time": "2025-07-16T00:10:06.161617Z", "fetched_at": "2025-07-16T00:10:50.838683+00:00", "symbol": "BTC-USD"}, {"trade_id": 850011825, "side": "sell", "size": "0.00019822", "price": "117516.73000000", "time": "2025-07-16T00:10:05.710740Z", "fetched_at": "2025-07-16T00:10:50.838683+00:00", "symbol": "BTC-USD"}, {"trade_id": 850011824, "side": "sell", "size": "0.00002418", "price": "117516.73000000", "time": "2025-07-16T00:10:05.184239Z", "fetched_at": "2025-07-16T00:10:50.838683+00:00", "symbol": "BTC-USD"}, {"trade_id": 850011823, "side": "sell", "size": "0.00048431", "price": "117516.73000000", "time": "2025-07-16T00:10:04.421241Z", "fetched_at": "2025-07-16T00:10:50.838683+00:00", "symbol": "BTC-USD"}, {"trade_id": 850011822, "side": "buy", "size": "0.00004254", "price": "117516.72000000", "time": "2025-07-16T00:10:04.230342Z", "fetched_at": "2025-07-16T00:10:50.838683+00:00", "symbol": "BTC-USD"}, {"trade_id": 850011821, "side": "sell", "size": "0.16693607", "price": "117516.73000000", "time": "2025-07-16T00:10:03.978126Z", "fetched_at": "2025-07-16T00:10:50.838683+00:00", "symbol": "BTC-USD"}, {"trade_id": 850011820, "side": "sell", "size": "0.00020673", "price": "117516.73000000", "time": "2025-07-16T00:10:03.174217Z", "fetched_at": "2025-07-16T00:10:50.838683+00:00", "symbol": "BTC-USD"}, {"trade_id": 850011819, "side": "sell", "size": "0.00102777", "price": "117516.73000000", "time": "2025-07-16T00:10:02.906271Z", "fetched_at": "2025-07-16T00:10:50.838683+00:00", "symbol": "BTC-USD"}, {"trade_id": 850011818, "side": "sell", "size": "0.00084311", "price": "117516.73000000", "time": "2025-07-16T00:10:02.572844Z", "fetched_at": "2025-07-16T00:10:50.838683+00:00", "symbol": "BTC-USD"}, {"trade_id": 850011817, "side": "sell", "size": "0.00019202", "price": "117516.73000000", "time": "2025-07-16T00:10:02.461274Z", "fetched_at": "2025-07-16T00:10:50.838683+00:00", "symbol": "BTC-USD"}, {"trade_id": 850011816, "side": "sell", "size": "0.00022000", "price": "117516.73000000", "time": "2025-07-16T00:10:01.802693Z", "fetched_at": "2025-07-16T00:10:50.838683+00:00", "symbol": "BTC-USD"}, {"trade_id": 850011815, "side": "sell", "size": "0.00026103", "price": "117516.73000000", "time": "2025-07-16T00:10:00.310383Z", "fetched_at": "2025-07-16T00:10:50.838683+00:00", "symbol": "BTC-USD"}, {"trade_id": 850011814, "side": "sell", "size": "0.00017000", "price": "117516.73000000", "time": "2025-07-16T00:10:00.007190Z", "fetched_at": "2025-07-16T00:10:50.838683+00:00", "symbol": "BTC-USD"}, {"trade_id": 850011813, "side": "sell", "size": "0.00036000", "price": "117516.73000000", "time": "2025-07-16T00:09:59.975953Z", "fetched_at": "2025-07-16T00:10:50.838683+00:00", "symbol": "BTC-USD"}, {"trade_id": 850011812, "side": "buy", "size": "0.00655036", "price": "117516.72000000", "time": "2025-07-16T00:09:58.996378Z", "fetched_at": "2025-07-16T00:10:50.838683+00:00", "symbol": "BTC-USD"}, {"trade_id": 850011811, "side": "buy", "size": "0.00051100", "price": "117516.72000000", "time": "2025-07-16T00:09:58.996378Z", "fetched_at": "2025-07-16T00:10:50.838683+00:00", "symbol": "BTC-USD"}, {"trade_id": 850011810, "side": "buy", "size": "0.00000706", "price": "117516.72000000", "time": "2025-07-16T00:09:58.996378Z", "fetched_at": "2025-07-16T00:10:50.838683+00:00", "symbol": "BTC-USD"}, {"trade_id": 850011809, "side": "buy", "size": "0.00000229", "price": "117516.72000000", "time": "2025-07-16T00:09:58.996378Z", "fetched_at": "2025-07-16T00:10:50.838683+00:00", "symbol": "BTC-USD"}, {"trade_id": 850011808, "side": "buy", "size": "0.00257703", "price": "117516.72000000", "time": "2025-07-16T00:09:58.996378Z", "fetched_at": "2025-07-16T00:10:50.838683+00:00", "symbol": "BTC-USD"}, {"trade_id": 850011807, "side": "sell", "size": "0.00363207", "price": "117516.73000000", "time": "2025-07-16T00:09:58.860015Z", "fetched_at": "2025-07-16T00:10:50.838683+00:00", "symbol": "BTC-USD"}, {"trade_id": 850011806, "side": "buy", "size": "0.00003882", "price": "117516.72000000", "time": "2025-07-16T00:09:58.572993Z", "fetched_at": "2025-07-16T00:10:50.838683+00:00", "symbol": "BTC-USD"}, {"trade_id": 850011805, "side": "sell", "size": "0.00016537", "price": "117516.73000000", "time": "2025-07-16T00:09:57.851381Z", "fetched_at": "2025-07-16T00:10:50.838683+00:00", "symbol": "BTC-USD"}, {"trade_id": 850011804, "side": "buy", "size": "0.00312429", "price": "117516.72000000", "time": "2025-07-16T00:09:57.673644Z", "fetched_at": "2025-07-16T00:10:50.838683+00:00", "symbol": "BTC-USD"}, {"trade_id": 850011803, "side": "sell", "size": "0.00018028", "price": "117516.73000000", "time": "2025-07-16T00:09:55.857247Z", "fetched_at": "2025-07-16T00:10:50.838683+00:00", "symbol": "BTC-USD"}, {"trade_id": 850011802, "side": "buy", "size": "0.00027457", "price": "117516.72000000", "time": "2025-07-16T00:09:55.671641Z", "fetched_at": "2025-07-16T00:10:50.838683+00:00", "symbol": "BTC-USD"}, {"trade_id": 850011801, "side": "sell", "size": "0.00041343", "price": "117516.73000000", "time": "2025-07-16T00:09:55.485170Z", "fetched_at": "2025-07-16T00:10:50.838683+00:00", "symbol": "BTC-USD"}, {"trade_id": 850011800, "side": "sell", "size": "0.00086830", "price": "117516.73000000", "time": "2025-07-16T00:09:55.466016Z", "fetched_at": "2025-07-16T00:10:50.838683+00:00", "symbol": "BTC-USD"}, {"trade_id": 850011799, "side": "buy", "size": "0.00015402", "price": "117516.72000000", "time": "2025-07-16T00:09:54.667242Z", "fetched_at": "2025-07-16T00:10:50.838683+00:00", "symbol": "BTC-USD"}, {"trade_id": 850011798, "side": "buy", "size": "0.00001404", "price": "117516.72000000", "time": "2025-07-16T00:09:54.667242Z", "fetched_at": "2025-07-16T00:10:50.838683+00:00", "symbol": "BTC-USD"}, {"trade_id": 850011797, "side": "buy", "size": "0.00000297", "price": "117516.72000000", "time": "2025-07-16T00:09:54.667242Z", "fetched_at": "2025-07-16T00:10:50.838683+00:00", "symbol": "BTC-USD"}, {"trade_id": 850011796, "side": "buy", "size": "0.00000485", "price": "117516.72000000", "time": "2025-07-16T00:09:54.667242Z", "fetched_at": "2025-07-16T00:10:50.838683+00:00", "symbol": "BTC-USD"}, {"trade_id": 850011795, "side": "sell", "size": "0.00084236", "price": "117516.73000000", "time": "2025-07-16T00:09:53.466997Z", "fetched_at": "2025-07-16T00:10:50.838683+00:00", "symbol": "BTC-USD"}, {"trade_id": 850011794, "side": "sell", "size": "0.00016141", "price": "117516.73000000", "time": "2025-07-16T00:09:52.998662Z", "fetched_at": "2025-07-16T00:10:50.838683+00:00", "symbol": "BTC-USD"}, {"trade_id": 850011793, "side": "sell", "size": "0.00126875", "price": "117516.73000000", "time": "2025-07-16T00:09:52.770387Z", "fetched_at": "2025-07-16T00:10:50.838683+00:00", "symbol": "BTC-USD"}, {"trade_id": 850011792, "side": "sell", "size": "0.00173000", "price": "117516.73000000", "time": "2025-07-16T00:09:52.411510Z", "fetched_at": "2025-07-16T00:10:50.838683+00:00", "symbol": "BTC-USD"}, {"trade_id": 850011791, "side": "sell", "size": "0.00060369", "price": "117516.73000000", "time": "2025-07-16T00:09:52.189938Z", "fetched_at": "2025-07-16T00:10:50.838683+00:00", "symbol": "BTC-USD"}, {"trade_id": 850011790, "side": "sell", "size": "0.00000008", "price": "117516.73000000", "time": "2025-07-16T00:09:52.139149Z", "fetched_at": "2025-07-16T00:10:50.838683+00:00", "symbol": "BTC-USD"}, {"trade_id": 850011789, "side": "sell", "size": "0.00000025", "price": "117516.73000000", "time": "2025-07-16T00:09:52.122084Z", "fetched_at": "2025-07-16T00:10:50.838683+00:00", "symbol": "BTC-USD"}, {"trade_id": 850011788, "side": "sell", "size": "0.00042096", "price": "117516.73000000", "time": "2025-07-16T00:09:52.107853Z", "fetched_at": "2025-07-16T00:10:50.838683+00:00", "symbol": "BTC-USD"}, {"trade_id": 850011787, "side": "sell", "size": "0.00322846", "price": "117516.73000000", "time": "2025-07-16T00:09:52.032638Z", "fetched_at": "2025-07-16T00:10:50.838683+00:00", "symbol": "BTC-USD"}, {"trade_id": 850011786, "side": "sell", "size": "0.00372076", "price": "117516.73000000", "time": "2025-07-16T00:09:51.674856Z", "fetched_at": "2025-07-16T00:10:50.838683+00:00", "symbol": "BTC-USD"}, {"trade_id": 850011785, "side": "sell", "size": "0.00045483", "price": "117516.73000000", "time": "2025-07-16T00:09:51.213084Z", "fetched_at": "2025-07-16T00:10:50.838683+00:00", "symbol": "BTC-USD"}, {"trade_id": 850011784, "side": "buy", "size": "0.00045338", "price": "117516.72000000", "time": "2025-07-16T00:09:50.311919Z", "fetched_at": "2025-07-16T00:10:50.838683+00:00", "symbol": "BTC-USD"}, {"trade_id": 850011783, "side": "sell", "size": "0.00008214", "price": "117516.73000000", "time": "2025-07-16T00:09:49.814754Z", "fetched_at": "2025-07-16T00:10:50.838683+00:00", "symbol": "BTC-USD"}, {"trade_id": 850011782, "side": "buy", "size": "0.00165271", "price": "117516.72000000", "time": "2025-07-16T00:09:49.382921Z", "fetched_at": "2025-07-16T00:10:50.838683+00:00", "symbol": "BTC-USD"}, {"trade_id": 850011781, "side": "buy", "size": "0.00004918", "price": "117516.72000000", "time": "2025-07-16T00:09:49.382921Z", "fetched_at": "2025-07-16T00:10:50.838683+00:00", "symbol": "BTC-USD"}, {"trade_id": 850011780, "side": "sell", "size": "0.00020673", "price": "117516.73000000", "time": "2025-07-16T00:09:48.735944Z", "fetched_at": "2025-07-16T00:10:50.838683+00:00", "symbol": "BTC-USD"}, {"trade_id": 850011779, "side": "sell", "size": "0.00040349", "price": "117516.73000000", "time": "2025-07-16T00:09:48.668235Z", "fetched_at": "2025-07-16T00:10:50.838683+00:00", "symbol": "BTC-USD"}, {"trade_id": 850011778, "side": "buy", "size": "0.00008957", "price": "117516.72000000", "time": "2025-07-16T00:09:48.219368Z", "fetched_at": "2025-07-16T00:10:50.838683+00:00", "symbol": "BTC-USD"}, {"trade_id": 850011777, "side": "sell", "size": "0.00124040", "price": "117516.73000000", "time": "2025-07-16T00:09:47.383595Z", "fetched_at": "2025-07-16T00:10:50.838683+00:00", "symbol": "BTC-USD"}, {"trade_id": 850011776, "side": "sell", "size": "0.00009898", "price": "117516.73000000", "time": "2025-07-16T00:09:46.705335Z", "fetched_at": "2025-07-16T00:10:50.838683+00:00", "symbol": "BTC-USD"}, {"trade_id": 850011775, "side": "sell", "size": "0.00009924", "price": "117516.73000000", "time": "2025-07-16T00:09:46.613151Z", "fetched_at": "2025-07-16T00:10:50.838683+00:00", "symbol": "BTC-USD"}, {"trade_id": 850011774, "side": "sell", "size": "0.00008274", "price": "117516.73000000", "time": "2025-07-16T00:09:46.537805Z", "fetched_at": "2025-07-16T00:10:50.838683+00:00", "symbol": "BTC-USD"}, {"trade_id": 850011773, "side": "buy", "size": "0.01115349", "price": "117516.72000000", "time": "2025-07-16T00:09:46.532043Z", "fetched_at": "2025-07-16T00:10:50.838683+00:00", "symbol": "BTC-USD"}, {"trade_id": 850011772, "side": "buy", "size": "0.00001106", "price": "117516.72000000", "time": "2025-07-16T00:09:46.532043Z", "fetched_at": "2025-07-16T00:10:50.838683+00:00", "symbol": "BTC-USD"}, {"trade_id": 850011771, "side": "buy", "size": "0.00002202", "price": "117516.72000000", "time": "2025-07-16T00:09:46.532043Z", "fetched_at": "2025-07-16T00:10:50.838683+00:00", "symbol": "BTC-USD"}, {"trade_id": 850011770, "side": "buy", "size": "0.00417710", "price": "117516.72000000", "time": "2025-07-16T00:09:46.532043Z", "fetched_at": "2025-07-16T00:10:50.838683+00:00", "symbol": "BTC-USD"}, {"trade_id": 850011769, "side": "buy", "size": "0.00116221", "price": "117516.72000000", "time": "2025-07-16T00:09:46.532043Z", "fetched_at": "2025-07-16T00:10:50.838683+00:00", "symbol": "BTC-USD"}, {"trade_id": 850011768, "side": "buy", "size": "0.00000612", "price": "117516.72000000", "time": "2025-07-16T00:09:46.532043Z", "fetched_at": "2025-07-16T00:10:50.838683+00:00", "symbol": "BTC-USD"}, {"trade_id": 850011767, "side": "buy", "size": "0.00000229", "price": "117516.72000000", "time": "2025-07-16T00:09:46.532043Z", "fetched_at": "2025-07-16T00:10:50.838683+00:00", "symbol": "BTC-USD"}, {"trade_id": 850011766, "side": "buy", "size": "0.00009836", "price": "117516.72000000", "time": "2025-07-16T00:09:46.532043Z", "fetched_at": "2025-07-16T00:10:50.838683+00:00", "symbol": "BTC-USD"}, {"trade_id": 850011765, "side": "buy", "size": "0.00037305", "price": "117516.72000000", "time": "2025-07-16T00:09:46.532043Z", "fetched_at": "2025-07-16T00:10:50.838683+00:00", "symbol": "BTC-USD"}, {"trade_id": 850011764, "side": "buy", "size": "0.01470394", "price": "117516.72000000", "time": "2025-07-16T00:09:46.532043Z", "fetched_at": "2025-07-16T00:10:50.838683+00:00", "symbol": "BTC-USD"}, {"trade_id": 850011763, "side": "buy", "size": "0.00067837", "price": "117516.72000000", "time": "2025-07-16T00:09:46.241264Z", "fetched_at": "2025-07-16T00:10:50.838683+00:00", "symbol": "BTC-USD"}, {"trade_id": 850011762, "side": "sell", "size": "0.00004212", "price": "117516.73000000", "time": "2025-07-16T00:09:45.942049Z", "fetched_at": "2025-07-16T00:10:50.838683+00:00", "symbol": "BTC-USD"}, {"trade_id": 850011761, "side": "sell", "size": "0.00082686", "price": "117516.73000000", "time": "2025-07-16T00:09:45.616001Z", "fetched_at": "2025-07-16T00:10:50.838683+00:00", "symbol": "BTC-USD"}, {"trade_id": 850011760, "side": "sell", "size": "0.00012635", "price": "117516.73000000", "time": "2025-07-16T00:09:45.417929Z", "fetched_at": "2025-07-16T00:10:50.838683+00:00", "symbol": "BTC-USD"}, {"trade_id": 850011759, "side": "sell", "size": "0.00001251", "price": "117516.73000000", "time": "2025-07-16T00:09:45.224769Z", "fetched_at": "2025-07-16T00:10:50.838683+00:00", "symbol": "BTC-USD"}, {"trade_id": 850011758, "side": "sell", "size": "0.00041343", "price": "117516.73000000", "time": "2025-07-16T00:09:45.201069Z", "fetched_at": "2025-07-16T00:10:50.838683+00:00", "symbol": "BTC-USD"}, {"trade_id": 850011757, "side": "sell", "size": "0.00008213", "price": "117516.73000000", "time": "2025-07-16T00:09:44.565301Z", "fetched_at": "2025-07-16T00:10:50.838683+00:00", "symbol": "BTC-USD"}, {"trade_id": 850011756, "side": "sell", "size": "0.00040349", "price": "117516.73000000", "time": "2025-07-16T00:09:44.428445Z", "fetched_at": "2025-07-16T00:10:50.838683+00:00", "symbol": "BTC-USD"}, {"trade_id": 850011755, "side": "sell", "size": "0.00008213", "price": "117516.73000000", "time": "2025-07-16T00:09:43.946678Z", "fetched_at": "2025-07-16T00:10:50.838683+00:00", "symbol": "BTC-USD"}, {"trade_id": 850011754, "side": "sell", "size": "0.00062015", "price": "117516.73000000", "time": "2025-07-16T00:09:43.934730Z", "fetched_at": "2025-07-16T00:10:50.838683+00:00", "symbol": "BTC-USD"}, {"trade_id": 850011753, "side": "sell", "size": "0.00027798", "price": "117516.73000000", "time": "2025-07-16T00:09:43.886579Z", "fetched_at": "2025-07-16T00:10:50.838683+00:00", "symbol": "BTC-USD"}, {"trade_id": 850011752, "side": "sell", "size": "0.00020672", "price": "117516.73000000", "time": "2025-07-16T00:09:43.521670Z", "fetched_at": "2025-07-16T00:10:50.838683+00:00", "symbol": "BTC-USD"}, {"trade_id": 850011751, "side": "sell", "size": "0.00041343", "price": "117516.73000000", "time": "2025-07-16T00:09:43.132171Z", "fetched_at": "2025-07-16T00:10:50.838683+00:00", "symbol": "BTC-USD"}, {"trade_id": 850011750, "side": "sell", "size": "0.00082686", "price": "117516.73000000", "time": "2025-07-16T00:09:42.889183Z", "fetched_at": "2025-07-16T00:10:50.838683+00:00", "symbol": "BTC-USD"}, {"trade_id": 850011749, "side": "buy", "size": "0.00088596", "price": "117516.72000000", "time": "2025-07-16T00:09:42.843745Z", "fetched_at": "2025-07-16T00:10:50.838683+00:00", "symbol": "BTC-USD"}, {"trade_id": 850011748, "side": "sell", "size": "0.00001685", "price": "117516.73000000", "time": "2025-07-16T00:09:42.193293Z", "fetched_at": "2025-07-16T00:10:50.838683+00:00", "symbol": "BTC-USD"}, {"trade_id": 850011747, "side": "sell", "size": "0.00020672", "price": "117516.73000000", "time": "2025-07-16T00:09:42.183806Z", "fetched_at": "2025-07-16T00:10:50.838683+00:00", "symbol": "BTC-USD"}, {"trade_id": 850011746, "side": "sell", "size": "0.00421183", "price": "117516.73000000", "time": "2025-07-16T00:09:41.938371Z", "fetched_at": "2025-07-16T00:10:50.838683+00:00", "symbol": "BTC-USD"}, {"trade_id": 850011745, "side": "sell", "size": "0.00001685", "price": "117516.73000000", "time": "2025-07-16T00:09:41.757530Z", "fetched_at": "2025-07-16T00:10:50.838683+00:00", "symbol": "BTC-USD"}, {"trade_id": 850011744, "side": "sell", "size": "0.00645135", "price": "117516.73000000", "time": "2025-07-16T00:09:41.512798Z", "fetched_at": "2025-07-16T00:10:50.838683+00:00", "symbol": "BTC-USD"}, {"trade_id": 850011743, "side": "sell", "size": "0.03228205", "price": "117516.73000000", "time": "2025-07-16T00:09:41.310015Z", "fetched_at": "2025-07-16T00:10:50.838683+00:00", "symbol": "BTC-USD"}, {"trade_id": 850011742, "side": "sell", "size": "0.00020175", "price": "117516.73000000", "time": "2025-07-16T00:09:40.879014Z", "fetched_at": "2025-07-16T00:10:50.838683+00:00", "symbol": "BTC-USD"}, {"trade_id": 850011741, "side": "sell", "size": "0.00253745", "price": "117516.73000000", "time": "2025-07-16T00:09:40.703666Z", "fetched_at": "2025-07-16T00:10:50.838683+00:00", "symbol": "BTC-USD"}, {"trade_id": 850011740, "side": "sell", "size": "0.00042118", "price": "117516.73000000", "time": "2025-07-16T00:09:40.614386Z", "fetched_at": "2025-07-16T00:10:50.838683+00:00", "symbol": "BTC-USD"}, {"trade_id": 850011739, "side": "sell", "size": "0.00041343", "price": "117516.73000000", "time": "2025-07-16T00:09:40.594347Z", "fetched_at": "2025-07-16T00:10:50.838683+00:00", "symbol": "BTC-USD"}, {"trade_id": 850011738, "side": "sell", "size": "0.00126354", "price": "117516.73000000", "time": "2025-07-16T00:09:40.576132Z", "fetched_at": "2025-07-16T00:10:50.838683+00:00", "symbol": "BTC-USD"}, {"trade_id": 850011737, "side": "sell", "size": "0.00084237", "price": "117516.73000000", "time": "2025-07-16T00:09:40.532287Z", "fetched_at": "2025-07-16T00:10:50.838683+00:00", "symbol": "BTC-USD"}, {"trade_id": 850011736, "side": "sell", "size": "0.00024808", "price": "117516.73000000", "time": "2025-07-16T00:09:40.471006Z", "fetched_at": "2025-07-16T00:10:50.838683+00:00", "symbol": "BTC-USD"}, {"trade_id": 850011735, "side": "buy", "size": "0.00027143", "price": "117516.72000000", "time": "2025-07-16T00:09:40.436086Z", "fetched_at": "2025-07-16T00:10:50.838683+00:00", "symbol": "BTC-USD"}, {"trade_id": 850011734, "side": "buy", "size": "0.00085094", "price": "117516.72000000", "time": "2025-07-16T00:09:40.432033Z", "fetched_at": "2025-07-16T00:10:50.838683+00:00", "symbol": "BTC-USD"}, {"trade_id": 850011733, "side": "sell", "size": "0.00165372", "price": "117516.73000000", "time": "2025-07-16T00:09:40.376622Z", "fetched_at": "2025-07-16T00:10:50.838683+00:00", "symbol": "BTC-USD"}, {"trade_id": 850011732, "side": "sell", "size": "0.00041343", "price": "117516.73000000", "time": "2025-07-16T00:09:40.339556Z", "fetched_at": "2025-07-16T00:10:50.838683+00:00", "symbol": "BTC-USD"}, {"trade_id": 850011731, "side": "sell", "size": "0.00082686", "price": "117516.73000000", "time": "2025-07-16T00:09:39.685811Z", "fetched_at": "2025-07-16T00:10:50.838683+00:00", "symbol": "BTC-USD"}, {"trade_id": 850011730, "side": "sell", "size": "0.00063177", "price": "117516.73000000", "time": "2025-07-16T00:09:39.643972Z", "fetched_at": "2025-07-16T00:10:50.838683+00:00", "symbol": "BTC-USD"}, {"trade_id": 850011729, "side": "sell", "size": "0.00485868", "price": "117516.73000000", "time": "2025-07-16T00:09:39.574126Z", "fetched_at": "2025-07-16T00:10:50.838683+00:00", "symbol": "BTC-USD"}, {"trade_id": 850011728, "side": "sell", "size": "0.00008878", "price": "117516.73000000", "time": "2025-07-16T00:09:39.569057Z", "fetched_at": "2025-07-16T00:10:50.838683+00:00", "symbol": "BTC-USD"}, {"trade_id": 850011727, "side": "sell", "size": "0.00041343", "price": "117516.73000000", "time": "2025-07-16T00:09:39.518874Z", "fetched_at": "2025-07-16T00:10:50.838683+00:00", "symbol": "BTC-USD"}, {"trade_id": 850011726, "side": "sell", "size": "0.00082686", "price": "117516.73000000", "time": "2025-07-16T00:09:39.511928Z", "fetched_at": "2025-07-16T00:10:50.838683+00:00", "symbol": "BTC-USD"}, {"trade_id": 850011725, "side": "sell", "size": "0.00012400", "price": "117516.73000000", "time": "2025-07-16T00:09:39.358472Z", "fetched_at": "2025-07-16T00:10:50.838683+00:00", "symbol": "BTC-USD"}, {"trade_id": 850011724, "side": "sell", "size": "0.00004035", "price": "117516.73000000", "time": "2025-07-16T00:09:39.162755Z", "fetched_at": "2025-07-16T00:10:50.838683+00:00", "symbol": "BTC-USD"}, {"trade_id": 850011723, "side": "sell", "size": "0.00020672", "price": "117516.73000000", "time": "2025-07-16T00:09:39.109481Z", "fetched_at": "2025-07-16T00:10:50.838683+00:00", "symbol": "BTC-USD"}, {"trade_id": 850011722, "side": "sell", "size": "0.00140000", "price": "117516.73000000", "time": "2025-07-16T00:09:38.947119Z", "fetched_at": "2025-07-16T00:10:50.838683+00:00", "symbol": "BTC-USD"}, {"trade_id": 850011721, "side": "sell", "size": "0.00024808", "price": "117516.73000000", "time": "2025-07-16T00:09:38.807855Z", "fetched_at": "2025-07-16T00:10:50.838683+00:00", "symbol": "BTC-USD"}, {"trade_id": 850011720, "side": "sell", "size": "0.00007606", "price": "117516.73000000", "time": "2025-07-16T00:09:38.716453Z", "fetched_at": "2025-07-16T00:10:50.838683+00:00", "symbol": "BTC-USD"}, {"trade_id": 850011719, "side": "sell", "size": "0.00000842", "price": "117516.73000000", "time": "2025-07-16T00:09:38.481955Z", "fetched_at": "2025-07-16T00:10:50.838683+00:00", "symbol": "BTC-USD"}, {"trade_id": 850011718, "side": "sell", "size": "0.00082686", "price": "117516.73000000", "time": "2025-07-16T00:09:38.373401Z", "fetched_at": "2025-07-16T00:10:50.838683+00:00", "symbol": "BTC-USD"}, {"trade_id": 850011717, "side": "sell", "size": "0.00010866", "price": "117516.73000000", "time": "2025-07-16T00:09:38.228812Z", "fetched_at": "2025-07-16T00:10:50.838683+00:00", "symbol": "BTC-USD"}