[{"trade_id": 850000478, "side": "sell", "size": "0.00126487", "price": "117655.91000000", "time": "2025-07-15T23:39:31.075608Z", "fetched_at": "2025-07-15T23:39:34.148099+00:00", "symbol": "BTC-USD"}, {"trade_id": 850000476, "side": "sell", "size": "0.00000664", "price": "117654.71000000", "time": "2025-07-15T23:39:31.075608Z", "fetched_at": "2025-07-15T23:39:34.148099+00:00", "symbol": "BTC-USD"}, {"trade_id": 850000475, "side": "buy", "size": "0.00007624", "price": "117654.70000000", "time": "2025-07-15T23:39:30.592896Z", "fetched_at": "2025-07-15T23:39:34.148099+00:00", "symbol": "BTC-USD"}, {"trade_id": 850000474, "side": "sell", "size": "0.00077553", "price": "117654.71000000", "time": "2025-07-15T23:39:28.860702Z", "fetched_at": "2025-07-15T23:39:34.148099+00:00", "symbol": "BTC-USD"}, {"trade_id": 850000473, "side": "sell", "size": "0.00003070", "price": "117654.71000000", "time": "2025-07-15T23:39:28.860702Z", "fetched_at": "2025-07-15T23:39:34.148099+00:00", "symbol": "BTC-USD"}, {"trade_id": 850000472, "side": "buy", "size": "0.00133000", "price": "117651.80000000", "time": "2025-07-15T23:39:28.701971Z", "fetched_at": "2025-07-15T23:39:34.148099+00:00", "symbol": "BTC-USD"}, {"trade_id": 850000471, "side": "buy", "size": "0.00009350", "price": "117651.80000000", "time": "2025-07-15T23:39:28.701971Z", "fetched_at": "2025-07-15T23:39:34.148099+00:00", "symbol": "BTC-USD"}, {"trade_id": 850000470, "side": "sell", "size": "0.00247817", "price": "117651.75000000", "time": "2025-07-15T23:39:28.432087Z", "fetched_at": "2025-07-15T23:39:34.148099+00:00", "symbol": "BTC-USD"}, {"trade_id": 850000469, "side": "buy", "size": "0.00006402", "price": "117651.74000000", "time": "2025-07-15T23:39:27.802183Z", "fetched_at": "2025-07-15T23:39:34.148099+00:00", "symbol": "BTC-USD"}, {"trade_id": 850000468, "side": "buy", "size": "0.00001000", "price": "117654.69000000", "time": "2025-07-15T23:39:27.802183Z", "fetched_at": "2025-07-15T23:39:34.148099+00:00", "symbol": "BTC-USD"}, {"trade_id": 850000467, "side": "buy", "size": "0.00000356", "price": "117654.69000000", "time": "2025-07-15T23:39:27.802183Z", "fetched_at": "2025-07-15T23:39:34.148099+00:00", "symbol": "BTC-USD"}, {"trade_id": 850000466, "side": "buy", "size": "0.00000467", "price": "117654.69000000", "time": "2025-07-15T23:39:27.802183Z", "fetched_at": "2025-07-15T23:39:34.148099+00:00", "symbol": "BTC-USD"}, {"trade_id": 850000465, "side": "buy", "size": "0.00008760", "price": "117654.69000000", "time": "2025-07-15T23:39:27.802183Z", "fetched_at": "2025-07-15T23:39:34.148099+00:00", "symbol": "BTC-USD"}, {"trade_id": 850000464, "side": "sell", "size": "0.00082598", "price": "117654.70000000", "time": "2025-07-15T23:39:27.465144Z", "fetched_at": "2025-07-15T23:39:34.148099+00:00", "symbol": "BTC-USD"}, {"trade_id": 850000463, "side": "sell", "size": "0.00000832", "price": "117654.70000000", "time": "2025-07-15T23:39:27.418259Z", "fetched_at": "2025-07-15T23:39:34.148099+00:00", "symbol": "BTC-USD"}, {"trade_id": 850000462, "side": "sell", "size": "0.00050488", "price": "117654.70000000", "time": "2025-07-15T23:39:26.940814Z", "fetched_at": "2025-07-15T23:39:34.148099+00:00", "symbol": "BTC-USD"}, {"trade_id": 850000461, "side": "buy", "size": "0.00007450", "price": "117654.69000000", "time": "2025-07-15T23:39:26.571587Z", "fetched_at": "2025-07-15T23:39:34.148099+00:00", "symbol": "BTC-USD"}, {"trade_id": 850000460, "side": "buy", "size": "0.00003449", "price": "117654.69000000", "time": "2025-07-15T23:39:26.171955Z", "fetched_at": "2025-07-15T23:39:34.148099+00:00", "symbol": "BTC-USD"}, {"trade_id": 850000459, "side": "buy", "size": "0.00001402", "price": "117654.69000000", "time": "2025-07-15T23:39:26.171955Z", "fetched_at": "2025-07-15T23:39:34.148099+00:00", "symbol": "BTC-USD"}, {"trade_id": 850000458, "side": "buy", "size": "0.00001000", "price": "117655.95000000", "time": "2025-07-15T23:39:26.171955Z", "fetched_at": "2025-07-15T23:39:34.148099+00:00", "symbol": "BTC-USD"}, {"trade_id": 850000457, "side": "sell", "size": "0.00031581", "price": "117655.96000000", "time": "2025-07-15T23:39:25.436338Z", "fetched_at": "2025-07-15T23:39:34.148099+00:00", "symbol": "BTC-USD"}, {"trade_id": 850000456, "side": "sell", "size": "0.00010496", "price": "117655.96000000", "time": "2025-07-15T23:39:25.436338Z", "fetched_at": "2025-07-15T23:39:34.148099+00:00", "symbol": "BTC-USD"}, {"trade_id": 850000455, "side": "sell", "size": "0.03087911", "price": "117655.97000000", "time": "2025-07-15T23:39:24.942344Z", "fetched_at": "2025-07-15T23:39:34.148099+00:00", "symbol": "BTC-USD"}, {"trade_id": 850000454, "side": "sell", "size": "0.00849953", "price": "117653.58000000", "time": "2025-07-15T23:39:24.942344Z", "fetched_at": "2025-07-15T23:39:34.148099+00:00", "symbol": "BTC-USD"}, {"trade_id": 850000453, "side": "sell", "size": "0.00002067", "price": "117652.17000000", "time": "2025-07-15T23:39:24.942344Z", "fetched_at": "2025-07-15T23:39:34.148099+00:00", "symbol": "BTC-USD"}, {"trade_id": 850000452, "side": "sell", "size": "0.00183534", "price": "117651.86000000", "time": "2025-07-15T23:39:24.942344Z", "fetched_at": "2025-07-15T23:39:34.148099+00:00", "symbol": "BTC-USD"}, {"trade_id": 850000451, "side": "sell", "size": "0.00006800", "price": "117651.75000000", "time": "2025-07-15T23:39:24.942344Z", "fetched_at": "2025-07-15T23:39:34.148099+00:00", "symbol": "BTC-USD"}, {"trade_id": 850000450, "side": "sell", "size": "0.00012018", "price": "117651.75000000", "time": "2025-07-15T23:39:24.786577Z", "fetched_at": "2025-07-15T23:39:34.148099+00:00", "symbol": "BTC-USD"}, {"trade_id": 850000449, "side": "sell", "size": "0.00002877", "price": "117651.75000000", "time": "2025-07-15T23:39:24.786577Z", "fetched_at": "2025-07-15T23:39:34.148099+00:00", "symbol": "BTC-USD"}, {"trade_id": 850000448, "side": "sell", "size": "0.00018817", "price": "117650.31000000", "time": "2025-07-15T23:39:24.235279Z", "fetched_at": "2025-07-15T23:39:34.148099+00:00", "symbol": "BTC-USD"}, {"trade_id": 850000447, "side": "sell", "size": "0.00000664", "price": "117649.91000000", "time": "2025-07-15T23:39:24.235279Z", "fetched_at": "2025-07-15T23:39:34.148099+00:00", "symbol": "BTC-USD"}, {"trade_id": 850000446, "side": "sell", "size": "0.00917670", "price": "117649.88000000", "time": "2025-07-15T23:39:24.235279Z", "fetched_at": "2025-07-15T23:39:34.148099+00:00", "symbol": "BTC-USD"}, {"trade_id": 850000445, "side": "buy", "size": "0.00108039", "price": "117637.98000000", "time": "2025-07-15T23:39:24.039777Z", "fetched_at": "2025-07-15T23:39:34.148099+00:00", "symbol": "BTC-USD"}, {"trade_id": 850000444, "side": "buy", "size": "0.00009351", "price": "117637.99000000", "time": "2025-07-15T23:39:24.039777Z", "fetched_at": "2025-07-15T23:39:34.148099+00:00", "symbol": "BTC-USD"}, {"trade_id": 850000443, "side": "buy", "size": "0.06309405", "price": "117631.55000000", "time": "2025-07-15T23:39:23.814701Z", "fetched_at": "2025-07-15T23:39:34.148099+00:00", "symbol": "BTC-USD"}, {"trade_id": 850000442, "side": "buy", "size": "0.00001000", "price": "117632.34000000", "time": "2025-07-15T23:39:23.814701Z", "fetched_at": "2025-07-15T23:39:34.148099+00:00", "symbol": "BTC-USD"}, {"trade_id": 850000441, "side": "buy", "size": "0.01105242", "price": "117633.14000000", "time": "2025-07-15T23:39:23.814701Z", "fetched_at": "2025-07-15T23:39:34.148099+00:00", "symbol": "BTC-USD"}, {"trade_id": 850000440, "side": "buy", "size": "0.04700000", "price": "117633.83000000", "time": "2025-07-15T23:39:23.814701Z", "fetched_at": "2025-07-15T23:39:34.148099+00:00", "symbol": "BTC-USD"}, {"trade_id": 850000439, "side": "buy", "size": "0.00009351", "price": "117633.84000000", "time": "2025-07-15T23:39:23.814701Z", "fetched_at": "2025-07-15T23:39:34.148099+00:00", "symbol": "BTC-USD"}, {"trade_id": 850000438, "side": "buy", "size": "0.00850061", "price": "117638.60000000", "time": "2025-07-15T23:39:23.814701Z", "fetched_at": "2025-07-15T23:39:34.148099+00:00", "symbol": "BTC-USD"}, {"trade_id": 850000437, "side": "buy", "size": "0.00849994", "price": "117640.16000000", "time": "2025-07-15T23:39:23.814701Z", "fetched_at": "2025-07-15T23:39:34.148099+00:00", "symbol": "BTC-USD"}, {"trade_id": 850000436, "side": "buy", "size": "0.00425016", "price": "117641.52000000", "time": "2025-07-15T23:39:23.814701Z", "fetched_at": "2025-07-15T23:39:34.148099+00:00", "symbol": "BTC-USD"}, {"trade_id": 850000435, "side": "buy", "size": "0.00001000", "price": "117641.90000000", "time": "2025-07-15T23:39:23.814701Z", "fetched_at": "2025-07-15T23:39:34.148099+00:00", "symbol": "BTC-USD"}, {"trade_id": 850000434, "side": "buy", "size": "0.00167418", "price": "117643.32000000", "time": "2025-07-15T23:39:23.814701Z", "fetched_at": "2025-07-15T23:39:34.148099+00:00", "symbol": "BTC-USD"}, {"trade_id": 850000433, "side": "buy", "size": "0.02351513", "price": "117643.32000000", "time": "2025-07-15T23:39:23.814701Z", "fetched_at": "2025-07-15T23:39:34.148099+00:00", "symbol": "BTC-USD"}, {"trade_id": 850000432, "side": "buy", "size": "0.13230000", "price": "117643.32000000", "time": "2025-07-15T23:39:23.814701Z", "fetched_at": "2025-07-15T23:39:34.148099+00:00", "symbol": "BTC-USD"}, {"trade_id": 850000431, "side": "buy", "size": "0.00002809", "price": "117641.88000000", "time": "2025-07-15T23:39:22.901527Z", "fetched_at": "2025-07-15T23:39:34.148099+00:00", "symbol": "BTC-USD"}, {"trade_id": 850000430, "side": "sell", "size": "0.00021037", "price": "117649.66000000", "time": "2025-07-15T23:39:22.813368Z", "fetched_at": "2025-07-15T23:39:34.148099+00:00", "symbol": "BTC-USD"}, {"trade_id": 850000429, "side": "sell", "size": "0.00081327", "price": "117649.92000000", "time": "2025-07-15T23:39:22.515876Z", "fetched_at": "2025-07-15T23:39:34.148099+00:00", "symbol": "BTC-USD"}, {"trade_id": 850000428, "side": "sell", "size": "0.00001280", "price": "117649.92000000", "time": "2025-07-15T23:39:22.515876Z", "fetched_at": "2025-07-15T23:39:34.148099+00:00", "symbol": "BTC-USD"}, {"trade_id": 850000427, "side": "sell", "size": "0.00001280", "price": "117641.54000000", "time": "2025-07-15T23:39:22.184956Z", "fetched_at": "2025-07-15T23:39:34.148099+00:00", "symbol": "BTC-USD"}, {"trade_id": 850000426, "side": "sell", "size": "0.00043685", "price": "117644.66000000", "time": "2025-07-15T23:39:22.078150Z", "fetched_at": "2025-07-15T23:39:34.148099+00:00", "symbol": "BTC-USD"}, {"trade_id": 850000425, "side": "sell", "size": "0.00001280", "price": "117641.54000000", "time": "2025-07-15T23:39:22.078150Z", "fetched_at": "2025-07-15T23:39:34.148099+00:00", "symbol": "BTC-USD"}, {"trade_id": 850000424, "side": "sell", "size": "0.00063143", "price": "117647.10000000", "time": "2025-07-15T23:39:21.712183Z", "fetched_at": "2025-07-15T23:39:34.148099+00:00", "symbol": "BTC-USD"}, {"trade_id": 850000423, "side": "sell", "size": "0.00001356", "price": "117642.56000000", "time": "2025-07-15T23:39:21.712183Z", "fetched_at": "2025-07-15T23:39:34.148099+00:00", "symbol": "BTC-USD"}, {"trade_id": 850000422, "side": "buy", "size": "0.00255004", "price": "117642.55000000", "time": "2025-07-15T23:39:21.528527Z", "fetched_at": "2025-07-15T23:39:34.148099+00:00", "symbol": "BTC-USD"}, {"trade_id": 850000421, "side": "sell", "size": "0.00120967", "price": "117647.98000000", "time": "2025-07-15T23:39:21.381433Z", "fetched_at": "2025-07-15T23:39:34.148099+00:00", "symbol": "BTC-USD"}, {"trade_id": 850000420, "side": "sell", "size": "0.00001527", "price": "117642.56000000", "time": "2025-07-15T23:39:21.381433Z", "fetched_at": "2025-07-15T23:39:34.148099+00:00", "symbol": "BTC-USD"}, {"trade_id": 850000419, "side": "sell", "size": "0.00001405", "price": "117642.56000000", "time": "2025-07-15T23:39:21.381433Z", "fetched_at": "2025-07-15T23:39:34.148099+00:00", "symbol": "BTC-USD"}, {"trade_id": 850000418, "side": "sell", "size": "0.00002938", "price": "117642.56000000", "time": "2025-07-15T23:39:21.195218Z", "fetched_at": "2025-07-15T23:39:34.148099+00:00", "symbol": "BTC-USD"}, {"trade_id": 850000417, "side": "sell", "size": "0.00000221", "price": "117640.23000000", "time": "2025-07-15T23:39:21.195218Z", "fetched_at": "2025-07-15T23:39:34.148099+00:00", "symbol": "BTC-USD"}, {"trade_id": 850000416, "side": "sell", "size": "0.00000872", "price": "117640.23000000", "time": "2025-07-15T23:39:21.195218Z", "fetched_at": "2025-07-15T23:39:34.148099+00:00", "symbol": "BTC-USD"}, {"trade_id": 850000415, "side": "buy", "size": "0.02527761", "price": "117640.22000000", "time": "2025-07-15T23:39:20.379646Z", "fetched_at": "2025-07-15T23:39:34.148099+00:00", "symbol": "BTC-USD"}, {"trade_id": 850000414, "side": "buy", "size": "0.02165794", "price": "117640.22000000", "time": "2025-07-15T23:39:20.379646Z", "fetched_at": "2025-07-15T23:39:34.148099+00:00", "symbol": "BTC-USD"}, {"trade_id": 850000413, "side": "sell", "size": "0.00000260", "price": "117640.23000000", "time": "2025-07-15T23:39:20.173310Z", "fetched_at": "2025-07-15T23:39:34.148099+00:00", "symbol": "BTC-USD"}, {"trade_id": 850000412, "side": "buy", "size": "0.00012750", "price": "117639.39000000", "time": "2025-07-15T23:39:19.682574Z", "fetched_at": "2025-07-15T23:39:34.148099+00:00", "symbol": "BTC-USD"}, {"trade_id": 850000411, "side": "buy", "size": "0.00169995", "price": "117639.39000000", "time": "2025-07-15T23:39:19.447668Z", "fetched_at": "2025-07-15T23:39:34.148099+00:00", "symbol": "BTC-USD"}, {"trade_id": 850000410, "side": "sell", "size": "0.00002625", "price": "117649.85000000", "time": "2025-07-15T23:39:19.374170Z", "fetched_at": "2025-07-15T23:39:34.148099+00:00", "symbol": "BTC-USD"}, {"trade_id": 850000409, "side": "sell", "size": "0.00001372", "price": "117639.40000000", "time": "2025-07-15T23:39:19.374170Z", "fetched_at": "2025-07-15T23:39:34.148099+00:00", "symbol": "BTC-USD"}, {"trade_id": 850000408, "side": "sell", "size": "0.00066100", "price": "117647.99000000", "time": "2025-07-15T23:39:19.091722Z", "fetched_at": "2025-07-15T23:39:34.148099+00:00", "symbol": "BTC-USD"}, {"trade_id": 850000407, "side": "sell", "size": "0.00000664", "price": "117639.40000000", "time": "2025-07-15T23:39:19.075015Z", "fetched_at": "2025-07-15T23:39:34.148099+00:00", "symbol": "BTC-USD"}, {"trade_id": 850000406, "side": "sell", "size": "0.00001372", "price": "117639.40000000", "time": "2025-07-15T23:39:19.075015Z", "fetched_at": "2025-07-15T23:39:34.148099+00:00", "symbol": "BTC-USD"}, {"trade_id": 850000405, "side": "sell", "size": "0.00040318", "price": "117647.99000000", "time": "2025-07-15T23:39:19.011457Z", "fetched_at": "2025-07-15T23:39:34.148099+00:00", "symbol": "BTC-USD"}, {"trade_id": 850000404, "side": "sell", "size": "0.00080863", "price": "117648.20000000", "time": "2025-07-15T23:39:18.720533Z", "fetched_at": "2025-07-15T23:39:34.148099+00:00", "symbol": "BTC-USD"}, {"trade_id": 850000403, "side": "sell", "size": "0.00001752", "price": "117648.20000000", "time": "2025-07-15T23:39:18.720533Z", "fetched_at": "2025-07-15T23:39:34.148099+00:00", "symbol": "BTC-USD"}, {"trade_id": 850000402, "side": "buy", "size": "0.01284307", "price": "117638.65000000", "time": "2025-07-15T23:39:17.846381Z", "fetched_at": "2025-07-15T23:39:34.148099+00:00", "symbol": "BTC-USD"}, {"trade_id": 850000401, "side": "sell", "size": "0.00412990", "price": "117643.47000000", "time": "2025-07-15T23:39:17.819095Z", "fetched_at": "2025-07-15T23:39:34.148099+00:00", "symbol": "BTC-USD"}, {"trade_id": 850000400, "side": "sell", "size": "0.00005033", "price": "117642.85000000", "time": "2025-07-15T23:39:17.780772Z", "fetched_at": "2025-07-15T23:39:34.148099+00:00", "symbol": "BTC-USD"}, {"trade_id": 850000399, "side": "sell", "size": "0.00010731", "price": "117641.09000000", "time": "2025-07-15T23:39:17.754355Z", "fetched_at": "2025-07-15T23:39:34.148099+00:00", "symbol": "BTC-USD"}, {"trade_id": 850000398, "side": "sell", "size": "0.00012075", "price": "117641.09000000", "time": "2025-07-15T23:39:17.061662Z", "fetched_at": "2025-07-15T23:39:34.148099+00:00", "symbol": "BTC-USD"}, {"trade_id": 850000397, "side": "buy", "size": "0.00042400", "price": "117635.64000000", "time": "2025-07-15T23:39:16.662734Z", "fetched_at": "2025-07-15T23:39:34.148099+00:00", "symbol": "BTC-USD"}, {"trade_id": 850000396, "side": "sell", "size": "0.00041303", "price": "117641.09000000", "time": "2025-07-15T23:39:16.655031Z", "fetched_at": "2025-07-15T23:39:34.148099+00:00", "symbol": "BTC-USD"}, {"trade_id": 850000395, "side": "sell", "size": "0.00026377", "price": "117641.09000000", "time": "2025-07-15T23:39:16.637748Z", "fetched_at": "2025-07-15T23:39:34.148099+00:00", "symbol": "BTC-USD"}, {"trade_id": 850000394, "side": "sell", "size": "0.00002099", "price": "117635.65000000", "time": "2025-07-15T23:39:16.636190Z", "fetched_at": "2025-07-15T23:39:34.148099+00:00", "symbol": "BTC-USD"}, {"trade_id": 850000393, "side": "sell", "size": "0.00010239", "price": "117641.09000000", "time": "2025-07-15T23:39:16.610379Z", "fetched_at": "2025-07-15T23:39:34.148099+00:00", "symbol": "BTC-USD"}, {"trade_id": 850000392, "side": "sell", "size": "0.00002149", "price": "117635.65000000", "time": "2025-07-15T23:39:16.610379Z", "fetched_at": "2025-07-15T23:39:34.148099+00:00", "symbol": "BTC-USD"}, {"trade_id": 850000391, "side": "sell", "size": "0.00058929", "price": "117641.20000000", "time": "2025-07-15T23:39:16.132621Z", "fetched_at": "2025-07-15T23:39:34.148099+00:00", "symbol": "BTC-USD"}, {"trade_id": 850000390, "side": "sell", "size": "0.00000425", "price": "117635.65000000", "time": "2025-07-15T23:39:16.132621Z", "fetched_at": "2025-07-15T23:39:34.148099+00:00", "symbol": "BTC-USD"}, {"trade_id": 850000389, "side": "sell", "size": "0.00001913", "price": "117635.65000000", "time": "2025-07-15T23:39:16.132621Z", "fetched_at": "2025-07-15T23:39:34.148099+00:00", "symbol": "BTC-USD"}, {"trade_id": 850000388, "side": "sell", "size": "0.13187258", "price": "117633.85000000", "time": "2025-07-15T23:39:15.575103Z", "fetched_at": "2025-07-15T23:39:34.148099+00:00", "symbol": "BTC-USD"}, {"trade_id": 850000387, "side": "sell", "size": "0.00042742", "price": "117633.85000000", "time": "2025-07-15T23:39:15.513711Z", "fetched_at": "2025-07-15T23:39:34.148099+00:00", "symbol": "BTC-USD"}, {"trade_id": 850000386, "side": "buy", "size": "0.04332534", "price": "117642.53000000", "time": "2025-07-15T23:39:15.169742Z", "fetched_at": "2025-07-15T23:39:34.148099+00:00", "symbol": "BTC-USD"}, {"trade_id": 850000385, "side": "buy", "size": "0.00325714", "price": "117642.55000000", "time": "2025-07-15T23:39:15.169742Z", "fetched_at": "2025-07-15T23:39:34.148099+00:00", "symbol": "BTC-USD"}, {"trade_id": 850000384, "side": "sell", "size": "0.00008205", "price": "117647.31000000", "time": "2025-07-15T23:39:15.100986Z", "fetched_at": "2025-07-15T23:39:34.148099+00:00", "symbol": "BTC-USD"}, {"trade_id": 850000383, "side": "sell", "size": "0.00672803", "price": "117645.99000000", "time": "2025-07-15T23:39:14.891483Z", "fetched_at": "2025-07-15T23:39:34.148099+00:00", "symbol": "BTC-USD"}, {"trade_id": 850000382, "side": "sell", "size": "0.00167382", "price": "117644.53000000", "time": "2025-07-15T23:39:14.891483Z", "fetched_at": "2025-07-15T23:39:34.148099+00:00", "symbol": "BTC-USD"}, {"trade_id": 850000381, "side": "sell", "size": "0.00001525", "price": "117642.56000000", "time": "2025-07-15T23:39:14.891483Z", "fetched_at": "2025-07-15T23:39:34.148099+00:00", "symbol": "BTC-USD"}, {"trade_id": 850000380, "side": "buy", "size": "0.00063748", "price": "117642.55000000", "time": "2025-07-15T23:39:14.679170Z", "fetched_at": "2025-07-15T23:39:34.148099+00:00", "symbol": "BTC-USD"}, {"trade_id": 850000379, "side": "sell", "size": "0.00001023", "price": "117642.56000000", "time": "2025-07-15T23:39:14.565375Z", "fetched_at": "2025-07-15T23:39:34.148099+00:00", "symbol": "BTC-USD"}, {"trade_id": 850000378, "side": "sell", "size": "0.00001586", "price": "117642.56000000", "time": "2025-07-15T23:39:14.565375Z", "fetched_at": "2025-07-15T23:39:34.148099+00:00", "symbol": "BTC-USD"}, {"trade_id": 850000377, "side": "buy", "size": "0.00001457", "price": "117642.53000000", "time": "2025-07-15T23:39:13.811851Z", "fetched_at": "2025-07-15T23:39:34.148099+00:00", "symbol": "BTC-USD"}, {"trade_id": 850000376, "side": "buy", "size": "0.00066009", "price": "117642.53000000", "time": "2025-07-15T23:39:13.647059Z", "fetched_at": "2025-07-15T23:39:34.148099+00:00", "symbol": "BTC-USD"}, {"trade_id": 850000375, "side": "sell", "size": "0.02393961", "price": "117642.54000000", "time": "2025-07-15T23:39:13.554955Z", "fetched_at": "2025-07-15T23:39:34.148099+00:00", "symbol": "BTC-USD"}, {"trade_id": 850000374, "side": "sell", "size": "0.13230000", "price": "117642.54000000", "time": "2025-07-15T23:39:13.554955Z", "fetched_at": "2025-07-15T23:39:34.148099+00:00", "symbol": "BTC-USD"}, {"trade_id": 850000373, "side": "sell", "size": "0.00001234", "price": "117642.54000000", "time": "2025-07-15T23:39:13.554955Z", "fetched_at": "2025-07-15T23:39:34.148099+00:00", "symbol": "BTC-USD"}, {"trade_id": 850000372, "side": "sell", "size": "0.00024785", "price": "117644.25000000", "time": "2025-07-15T23:39:13.159533Z", "fetched_at": "2025-07-15T23:39:34.148099+00:00", "symbol": "BTC-USD"}, {"trade_id": 850000371, "side": "sell", "size": "0.00020654", "price": "117644.39000000", "time": "2025-07-15T23:39:12.921879Z", "fetched_at": "2025-07-15T23:39:34.148099+00:00", "symbol": "BTC-USD"}, {"trade_id": 850000370, "side": "buy", "size": "0.00849989", "price": "117648.52000000", "time": "2025-07-15T23:39:12.777920Z", "fetched_at": "2025-07-15T23:39:34.148099+00:00", "symbol": "BTC-USD"}, {"trade_id": 850000369, "side": "buy", "size": "0.00002199", "price": "117650.30000000", "time": "2025-07-15T23:39:12.776590Z", "fetched_at": "2025-07-15T23:39:34.148099+00:00", "symbol": "BTC-USD"}, {"trade_id": 850000368, "side": "buy", "size": "0.03422132", "price": "117650.30000000", "time": "2025-07-15T23:39:12.776590Z", "fetched_at": "2025-07-15T23:39:34.148099+00:00", "symbol": "BTC-USD"}, {"trade_id": 850000367, "side": "sell", "size": "0.00016127", "price": "117650.31000000", "time": "2025-07-15T23:39:12.676129Z", "fetched_at": "2025-07-15T23:39:34.148099+00:00", "symbol": "BTC-USD"}, {"trade_id": 850000366, "side": "sell", "size": "0.00008064", "price": "117650.31000000", "time": "2025-07-15T23:39:12.532326Z", "fetched_at": "2025-07-15T23:39:34.148099+00:00", "symbol": "BTC-USD"}, {"trade_id": 850000365, "side": "sell", "size": "0.00061921", "price": "117650.31000000", "time": "2025-07-15T23:39:12.342879Z", "fetched_at": "2025-07-15T23:39:34.148099+00:00", "symbol": "BTC-USD"}, {"trade_id": 850000364, "side": "sell", "size": "0.00841710", "price": "117650.31000000", "time": "2025-07-15T23:39:12.318009Z", "fetched_at": "2025-07-15T23:39:34.148099+00:00", "symbol": "BTC-USD"}, {"trade_id": 850000363, "side": "sell", "size": "0.00004208", "price": "117650.31000000", "time": "2025-07-15T23:39:12.265543Z", "fetched_at": "2025-07-15T23:39:34.148099+00:00", "symbol": "BTC-USD"}, {"trade_id": 850000362, "side": "sell", "size": "0.00206535", "price": "117650.31000000", "time": "2025-07-15T23:39:12.179162Z", "fetched_at": "2025-07-15T23:39:34.148099+00:00", "symbol": "BTC-USD"}, {"trade_id": 850000361, "side": "sell", "size": "0.00058617", "price": "117650.31000000", "time": "2025-07-15T23:39:11.882358Z", "fetched_at": "2025-07-15T23:39:34.148099+00:00", "symbol": "BTC-USD"}, {"trade_id": 850000360, "side": "sell", "size": "0.00000008", "price": "117650.31000000", "time": "2025-07-15T23:39:11.870245Z", "fetched_at": "2025-07-15T23:39:34.148099+00:00", "symbol": "BTC-USD"}, {"trade_id": 850000359, "side": "sell", "size": "0.00001410", "price": "117650.31000000", "time": "2025-07-15T23:39:11.721711Z", "fetched_at": "2025-07-15T23:39:34.148099+00:00", "symbol": "BTC-USD"}, {"trade_id": 850000358, "side": "sell", "size": "0.00020652", "price": "117650.31000000", "time": "2025-07-15T23:39:11.243254Z", "fetched_at": "2025-07-15T23:39:34.148099+00:00", "symbol": "BTC-USD"}, {"trade_id": 850000357, "side": "sell", "size": "0.00020157", "price": "117650.31000000", "time": "2025-07-15T23:39:11.212444Z", "fetched_at": "2025-07-15T23:39:34.148099+00:00", "symbol": "BTC-USD"}, {"trade_id": 850000356, "side": "sell", "size": "0.00206524", "price": "117650.31000000", "time": "2025-07-15T23:39:11.098685Z", "fetched_at": "2025-07-15T23:39:34.148099+00:00", "symbol": "BTC-USD"}, {"trade_id": 850000355, "side": "sell", "size": "0.00016125", "price": "117650.31000000", "time": "2025-07-15T23:39:10.886357Z", "fetched_at": "2025-07-15T23:39:34.148099+00:00", "symbol": "BTC-USD"}, {"trade_id": 850000354, "side": "sell", "size": "0.00003998", "price": "117650.31000000", "time": "2025-07-15T23:39:10.429674Z", "fetched_at": "2025-07-15T23:39:34.148099+00:00", "symbol": "BTC-USD"}, {"trade_id": 850000353, "side": "sell", "size": "0.00001883", "price": "117650.31000000", "time": "2025-07-15T23:39:10.316045Z", "fetched_at": "2025-07-15T23:39:34.148099+00:00", "symbol": "BTC-USD"}, {"trade_id": 850000352, "side": "sell", "size": "0.00001517", "price": "117650.31000000", "time": "2025-07-15T23:39:10.316045Z", "fetched_at": "2025-07-15T23:39:34.148099+00:00", "symbol": "BTC-USD"}, {"trade_id": 850000351, "side": "buy", "size": "0.00030638", "price": "117650.30000000", "time": "2025-07-15T23:39:09.895397Z", "fetched_at": "2025-07-15T23:39:34.148099+00:00", "symbol": "BTC-USD"}, {"trade_id": 850000350, "side": "sell", "size": "0.00018708", "price": "117651.75000000", "time": "2025-07-15T23:39:09.684656Z", "fetched_at": "2025-07-15T23:39:34.148099+00:00", "symbol": "BTC-USD"}, {"trade_id": 850000349, "side": "sell", "size": "0.00010745", "price": "117650.40000000", "time": "2025-07-15T23:39:09.684656Z", "fetched_at": "2025-07-15T23:39:34.148099+00:00", "symbol": "BTC-USD"}, {"trade_id": 850000348, "side": "buy", "size": "0.00047230", "price": "117650.30000000", "time": "2025-07-15T23:39:09.361530Z", "fetched_at": "2025-07-15T23:39:34.148099+00:00", "symbol": "BTC-USD"}, {"trade_id": 850000347, "side": "sell", "size": "0.00012388", "price": "117650.40000000", "time": "2025-07-15T23:39:09.334610Z", "fetched_at": "2025-07-15T23:39:34.148099+00:00", "symbol": "BTC-USD"}, {"trade_id": 850000346, "side": "buy", "size": "0.00090166", "price": "117650.39000000", "time": "2025-07-15T23:39:09.301968Z", "fetched_at": "2025-07-15T23:39:34.148099+00:00", "symbol": "BTC-USD"}, {"trade_id": 850000345, "side": "sell", "size": "0.00080428", "price": "117650.40000000", "time": "2025-07-15T23:39:08.351107Z", "fetched_at": "2025-07-15T23:39:34.148099+00:00", "symbol": "BTC-USD"}, {"trade_id": 850000344, "side": "buy", "size": "0.00000366", "price": "117650.39000000", "time": "2025-07-15T23:39:08.205207Z", "fetched_at": "2025-07-15T23:39:34.148099+00:00", "symbol": "BTC-USD"}, {"trade_id": 850000343, "side": "sell", "size": "0.00006551", "price": "117650.40000000", "time": "2025-07-15T23:39:08.151659Z", "fetched_at": "2025-07-15T23:39:34.148099+00:00", "symbol": "BTC-USD"}, {"trade_id": 850000342, "side": "sell", "size": "0.00001511", "price": "117650.29000000", "time": "2025-07-15T23:39:08.151659Z", "fetched_at": "2025-07-15T23:39:34.148099+00:00", "symbol": "BTC-USD"}, {"trade_id": 850000341, "side": "sell", "size": "0.00022318", "price": "117650.29000000", "time": "2025-07-15T23:39:07.598260Z", "fetched_at": "2025-07-15T23:39:34.148099+00:00", "symbol": "BTC-USD"}, {"trade_id": 850000340, "side": "sell", "size": "0.00001391", "price": "117648.53000000", "time": "2025-07-15T23:39:07.598260Z", "fetched_at": "2025-07-15T23:39:34.148099+00:00", "symbol": "BTC-USD"}, {"trade_id": 850000339, "side": "sell", "size": "0.00017594", "price": "117648.53000000", "time": "2025-07-15T23:39:07.598260Z", "fetched_at": "2025-07-15T23:39:34.148099+00:00", "symbol": "BTC-USD"}, {"trade_id": 850000338, "side": "sell", "size": "0.00008415", "price": "117648.53000000", "time": "2025-07-15T23:39:07.458065Z", "fetched_at": "2025-07-15T23:39:34.148099+00:00", "symbol": "BTC-USD"}, {"trade_id": 850000337, "side": "sell", "size": "0.00010190", "price": "117652.22000000", "time": "2025-07-15T23:39:06.561494Z", "fetched_at": "2025-07-15T23:39:34.148099+00:00", "symbol": "BTC-USD"}, {"trade_id": 850000336, "side": "sell", "size": "0.00000850", "price": "117652.22000000", "time": "2025-07-15T23:39:06.561494Z", "fetched_at": "2025-07-15T23:39:34.148099+00:00", "symbol": "BTC-USD"}, {"trade_id": 850000335, "side": "sell", "size": "0.00001349", "price": "117652.21000000", "time": "2025-07-15T23:39:06.561494Z", "fetched_at": "2025-07-15T23:39:34.148099+00:00", "symbol": "BTC-USD"}, {"trade_id": 850000334, "side": "sell", "size": "0.00015364", "price": "117652.23000000", "time": "2025-07-15T23:39:06.519861Z", "fetched_at": "2025-07-15T23:39:34.148099+00:00", "symbol": "BTC-USD"}, {"trade_id": 850000333, "side": "sell", "size": "0.00000850", "price": "117648.23000000", "time": "2025-07-15T23:39:06.519861Z", "fetched_at": "2025-07-15T23:39:34.148099+00:00", "symbol": "BTC-USD"}, {"trade_id": 850000332, "side": "sell", "size": "0.00000305", "price": "117643.85000000", "time": "2025-07-15T23:39:06.519861Z", "fetched_at": "2025-07-15T23:39:34.148099+00:00", "symbol": "BTC-USD"}, {"trade_id": 850000331, "side": "sell", "size": "0.00041304", "price": "117643.85000000", "time": "2025-07-15T23:39:06.325794Z", "fetched_at": "2025-07-15T23:39:34.148099+00:00", "symbol": "BTC-USD"}, {"trade_id": 850000330, "side": "sell", "size": "0.00005583", "price": "117643.85000000", "time": "2025-07-15T23:39:06.289873Z", "fetched_at": "2025-07-15T23:39:34.148099+00:00", "symbol": "BTC-USD"}, {"trade_id": 850000329, "side": "sell", "size": "0.00000637", "price": "117642.10000000", "time": "2025-07-15T23:39:06.289873Z", "fetched_at": "2025-07-15T23:39:34.148099+00:00", "symbol": "BTC-USD"}, {"trade_id": 850000328, "side": "sell", "size": "0.00003320", "price": "117642.10000000", "time": "2025-07-15T23:39:06.289873Z", "fetched_at": "2025-07-15T23:39:34.148099+00:00", "symbol": "BTC-USD"}, {"trade_id": 850000327, "side": "sell", "size": "0.00001293", "price": "117642.10000000", "time": "2025-07-15T23:39:06.289873Z", "fetched_at": "2025-07-15T23:39:34.148099+00:00", "symbol": "BTC-USD"}, {"trade_id": 850000326, "side": "sell", "size": "0.00030470", "price": "117642.10000000", "time": "2025-07-15T23:39:06.289873Z", "fetched_at": "2025-07-15T23:39:34.148099+00:00", "symbol": "BTC-USD"}, {"trade_id": 850000325, "side": "sell", "size": "0.00002668", "price": "117642.10000000", "time": "2025-07-15T23:39:06.248377Z", "fetched_at": "2025-07-15T23:39:34.148099+00:00", "symbol": "BTC-USD"}, {"trade_id": 850000324, "side": "sell", "size": "0.00000212", "price": "117642.10000000", "time": "2025-07-15T23:39:06.248377Z", "fetched_at": "2025-07-15T23:39:34.148099+00:00", "symbol": "BTC-USD"}, {"trade_id": 850000323, "side": "sell", "size": "0.00001328", "price": "117642.10000000", "time": "2025-07-15T23:39:06.248377Z", "fetched_at": "2025-07-15T23:39:34.148099+00:00", "symbol": "BTC-USD"}, {"trade_id": 850000322, "side": "buy", "size": "0.00000629", "price": "117642.09000000", "time": "2025-07-15T23:39:06.167551Z", "fetched_at": "2025-07-15T23:39:34.148099+00:00", "symbol": "BTC-USD"}, {"trade_id": 850000321, "side": "sell", "size": "0.01379172", "price": "117638.94000000", "time": "2025-07-15T23:39:06.145246Z", "fetched_at": "2025-07-15T23:39:34.148099+00:00", "symbol": "BTC-USD"}, {"trade_id": 850000320, "side": "sell", "size": "0.00001033", "price": "117638.83000000", "time": "2025-07-15T23:39:06.145246Z", "fetched_at": "2025-07-15T23:39:34.148099+00:00", "symbol": "BTC-USD"}, {"trade_id": 850000319, "side": "sell", "size": "0.06895859", "price": "117627.79000000", "time": "2025-07-15T23:39:05.632073Z", "fetched_at": "2025-07-15T23:39:34.148099+00:00", "symbol": "BTC-USD"}, {"trade_id": 850000318, "side": "buy", "size": "0.00007841", "price": "117620.99000000", "time": "2025-07-15T23:39:05.486522Z", "fetched_at": "2025-07-15T23:39:34.148099+00:00", "symbol": "BTC-USD"}, {"trade_id": 850000317, "side": "sell", "size": "0.00004839", "price": "117625.92000000", "time": "2025-07-15T23:39:05.251734Z", "fetched_at": "2025-07-15T23:39:34.148099+00:00", "symbol": "BTC-USD"}, {"trade_id": 850000316, "side": "sell", "size": "0.00000808", "price": "117619.07000000", "time": "2025-07-15T23:39:05.146823Z", "fetched_at": "2025-07-15T23:39:34.148099+00:00", "symbol": "BTC-USD"}, {"trade_id": 850000315, "side": "sell", "size": "0.03434829", "price": "117617.73000000", "time": "2025-07-15T23:39:05.135290Z", "fetched_at": "2025-07-15T23:39:34.148099+00:00", "symbol": "BTC-USD"}, {"trade_id": 850000314, "side": "sell", "size": "0.03259935", "price": "117617.73000000", "time": "2025-07-15T23:39:05.135290Z", "fetched_at": "2025-07-15T23:39:34.148099+00:00", "symbol": "BTC-USD"}, {"trade_id": 850000313, "side": "sell", "size": "0.00032250", "price": "117617.73000000", "time": "2025-07-15T23:39:04.907175Z", "fetched_at": "2025-07-15T23:39:34.148099+00:00", "symbol": "BTC-USD"}, {"trade_id": 850000312, "side": "sell", "size": "0.00003997", "price": "117617.73000000", "time": "2025-07-15T23:39:04.748867Z", "fetched_at": "2025-07-15T23:39:34.148099+00:00", "symbol": "BTC-USD"}, {"trade_id": 850000311, "side": "sell", "size": "0.00020155", "price": "117617.73000000", "time": "2025-07-15T23:39:04.561770Z", "fetched_at": "2025-07-15T23:39:34.148099+00:00", "symbol": "BTC-USD"}, {"trade_id": 850000310, "side": "sell", "size": "0.00035344", "price": "117617.73000000", "time": "2025-07-15T23:39:04.474781Z", "fetched_at": "2025-07-15T23:39:34.148099+00:00", "symbol": "BTC-USD"}, {"trade_id": 850000309, "side": "sell", "size": "0.00041303", "price": "117617.73000000", "time": "2025-07-15T23:39:04.470658Z", "fetched_at": "2025-07-15T23:39:34.148099+00:00", "symbol": "BTC-USD"}, {"trade_id": 850000308, "side": "sell", "size": "0.00035481", "price": "117617.73000000", "time": "2025-07-15T23:39:04.402339Z", "fetched_at": "2025-07-15T23:39:34.148099+00:00", "symbol": "BTC-USD"}, {"trade_id": 850000307, "side": "sell", "size": "0.00041303", "price": "117617.73000000", "time": "2025-07-15T23:39:04.274423Z", "fetched_at": "2025-07-15T23:39:34.148099+00:00", "symbol": "BTC-USD"}, {"trade_id": 850000306, "side": "sell", "size": "0.00041303", "price": "117617.73000000", "time": "2025-07-15T23:39:03.875562Z", "fetched_at": "2025-07-15T23:39:34.148099+00:00", "symbol": "BTC-USD"}, {"trade_id": 850000305, "side": "sell", "size": "0.00021041", "price": "117617.73000000", "time": "2025-07-15T23:39:03.679442Z", "fetched_at": "2025-07-15T23:39:34.148099+00:00", "symbol": "BTC-USD"}, {"trade_id": 850000304, "side": "sell", "size": "0.00008205", "price": "117617.73000000", "time": "2025-07-15T23:39:03.496998Z", "fetched_at": "2025-07-15T23:39:34.148099+00:00", "symbol": "BTC-USD"}, {"trade_id": 850000303, "side": "sell", "size": "0.00042082", "price": "117617.73000000", "time": "2025-07-15T23:39:02.963528Z", "fetched_at": "2025-07-15T23:39:34.148099+00:00", "symbol": "BTC-USD"}, {"trade_id": 850000302, "side": "sell", "size": "0.00485515", "price": "117617.73000000", "time": "2025-07-15T23:39:02.835421Z", "fetched_at": "2025-07-15T23:39:34.148099+00:00", "symbol": "BTC-USD"}, {"trade_id": 850000301, "side": "sell", "size": "0.00100787", "price": "117617.73000000", "time": "2025-07-15T23:39:02.595653Z", "fetched_at": "2025-07-15T23:39:34.148099+00:00", "symbol": "BTC-USD"}, {"trade_id": 850000300, "side": "sell", "size": "0.00330276", "price": "117617.73000000", "time": "2025-07-15T23:39:02.566360Z", "fetched_at": "2025-07-15T23:39:34.148099+00:00", "symbol": "BTC-USD"}, {"trade_id": 850000299, "side": "sell", "size": "0.00000093", "price": "117617.73000000", "time": "2025-07-15T23:39:02.562370Z", "fetched_at": "2025-07-15T23:39:34.148099+00:00", "symbol": "BTC-USD"}, {"trade_id": 850000298, "side": "sell", "size": "0.00154000", "price": "117617.73000000", "time": "2025-07-15T23:39:02.261735Z", "fetched_at": "2025-07-15T23:39:34.148099+00:00", "symbol": "BTC-USD"}, {"trade_id": 850000297, "side": "sell", "size": "0.00105671", "price": "117617.73000000", "time": "2025-07-15T23:39:01.966804Z", "fetched_at": "2025-07-15T23:39:34.148099+00:00", "symbol": "BTC-USD"}, {"trade_id": 850000296, "side": "sell", "size": "0.00000398", "price": "117617.69000000", "time": "2025-07-15T23:39:01.485340Z", "fetched_at": "2025-07-15T23:39:34.148099+00:00", "symbol": "BTC-USD"}, {"trade_id": 850000295, "side": "sell", "size": "0.00007236", "price": "117617.70000000", "time": "2025-07-15T23:39:01.174047Z", "fetched_at": "2025-07-15T23:39:34.148099+00:00", "symbol": "BTC-USD"}, {"trade_id": 850000294, "side": "sell", "size": "0.00001180", "price": "117617.69000000", "time": "2025-07-15T23:39:01.174047Z", "fetched_at": "2025-07-15T23:39:34.148099+00:00", "symbol": "BTC-USD"}, {"trade_id": 850000293, "side": "buy", "size": "0.00197053", "price": "117616.44000000", "time": "2025-07-15T23:39:00.925594Z", "fetched_at": "2025-07-15T23:39:34.148099+00:00", "symbol": "BTC-USD"}, {"trade_id": 850000292, "side": "buy", "size": "0.00009353", "price": "117616.45000000", "time": "2025-07-15T23:39:00.925594Z", "fetched_at": "2025-07-15T23:39:34.148099+00:00", "symbol": "BTC-USD"}, {"trade_id": 850000291, "side": "buy", "size": "0.00001000", "price": "117616.45000000", "time": "2025-07-15T23:39:00.925594Z", "fetched_at": "2025-07-15T23:39:34.148099+00:00", "symbol": "BTC-USD"}, {"trade_id": 850000290, "side": "sell", "size": "0.00040392", "price": "117617.38000000", "time": "2025-07-15T23:39:00.319547Z", "fetched_at": "2025-07-15T23:39:34.148099+00:00", "symbol": "BTC-USD"}, {"trade_id": 850000289, "side": "sell", "size": "0.00000908", "price": "117617.37000000", "time": "2025-07-15T23:39:00.319547Z", "fetched_at": "2025-07-15T23:39:34.148099+00:00", "symbol": "BTC-USD"}, {"trade_id": 850000288, "side": "sell", "size": "0.00004837", "price": "117616.44000000", "time": "2025-07-15T23:39:00.136053Z", "fetched_at": "2025-07-15T23:39:34.148099+00:00", "symbol": "BTC-USD"}, {"trade_id": 850000287, "side": "buy", "size": "0.00431422", "price": "117612.33000000", "time": "2025-07-15T23:39:00.084289Z", "fetched_at": "2025-07-15T23:39:34.148099+00:00", "symbol": "BTC-USD"}, {"trade_id": 850000286, "side": "buy", "size": "0.00009038", "price": "117612.34000000", "time": "2025-07-15T23:39:00.084289Z", "fetched_at": "2025-07-15T23:39:34.148099+00:00", "symbol": "BTC-USD"}, {"trade_id": 850000285, "side": "buy", "size": "0.00067617", "price": "117617.75000000", "time": "2025-07-15T23:39:00.084289Z", "fetched_at": "2025-07-15T23:39:34.148099+00:00", "symbol": "BTC-USD"}, {"trade_id": 850000284, "side": "buy", "size": "0.00001000", "price": "117617.75000000", "time": "2025-07-15T23:39:00.084289Z", "fetched_at": "2025-07-15T23:39:34.148099+00:00", "symbol": "BTC-USD"}, {"trade_id": 850000283, "side": "buy", "size": "0.00000119", "price": "117617.75000000", "time": "2025-07-15T23:39:00.084289Z", "fetched_at": "2025-07-15T23:39:34.148099+00:00", "symbol": "BTC-USD"}, {"trade_id": 850000282, "side": "sell", "size": "0.00012577", "price": "117617.76000000", "time": "2025-07-15T23:39:00.007166Z", "fetched_at": "2025-07-15T23:39:34.148099+00:00", "symbol": "BTC-USD"}, {"trade_id": 850000281, "side": "sell", "size": "0.00000673", "price": "117617.76000000", "time": "2025-07-15T23:38:59.838054Z", "fetched_at": "2025-07-15T23:39:34.148099+00:00", "symbol": "BTC-USD"}, {"trade_id": 850000280, "side": "sell", "size": "0.00255939", "price": "117617.76000000", "time": "2025-07-15T23:38:59.410937Z", "fetched_at": "2025-07-15T23:39:34.148099+00:00", "symbol": "BTC-USD"}, {"trade_id": 850000279, "side": "sell", "size": "0.00004208", "price": "117617.76000000", "time": "2025-07-15T23:38:59.045688Z", "fetched_at": "2025-07-15T23:39:34.148099+00:00", "symbol": "BTC-USD"}, {"trade_id": 850000278, "side": "sell", "size": "0.00050310", "price": "117617.76000000", "time": "2025-07-15T23:38:58.867453Z", "fetched_at": "2025-07-15T23:39:34.148099+00:00", "symbol": "BTC-USD"}, {"trade_id": 850000277, "side": "sell", "size": "0.00197841", "price": "117617.76000000", "time": "2025-07-15T23:38:58.677388Z", "fetched_at": "2025-07-15T23:39:34.148099+00:00", "symbol": "BTC-USD"}, {"trade_id": 850000276, "side": "sell", "size": "0.00222951", "price": "117617.76000000", "time": "2025-07-15T23:38:58.677388Z", "fetched_at": "2025-07-15T23:39:34.148099+00:00", "symbol": "BTC-USD"}, {"trade_id": 850000275, "side": "sell", "size": "0.02380889", "price": "117612.33000000", "time": "2025-07-15T23:38:58.217400Z", "fetched_at": "2025-07-15T23:39:34.148099+00:00", "symbol": "BTC-USD"}, {"trade_id": 850000274, "side": "sell", "size": "0.13230000", "price": "117612.33000000", "time": "2025-07-15T23:38:58.217400Z", "fetched_at": "2025-07-15T23:39:34.148099+00:00", "symbol": "BTC-USD"}, {"trade_id": 850000273, "side": "sell", "size": "0.00030187", "price": "117614.66000000", "time": "2025-07-15T23:38:58.022846Z", "fetched_at": "2025-07-15T23:39:34.148099+00:00", "symbol": "BTC-USD"}, {"trade_id": 850000272, "side": "sell", "size": "0.00006128", "price": "117614.66000000", "time": "2025-07-15T23:38:58.022846Z", "fetched_at": "2025-07-15T23:39:34.148099+00:00", "symbol": "BTC-USD"}, {"trade_id": 850000271, "side": "sell", "size": "0.00000852", "price": "117614.11000000", "time": "2025-07-15T23:38:58.022846Z", "fetched_at": "2025-07-15T23:39:34.148099+00:00", "symbol": "BTC-USD"}, {"trade_id": 850000270, "side": "sell", "size": "0.00001176", "price": "117614.02000000", "time": "2025-07-15T23:38:58.022846Z", "fetched_at": "2025-07-15T23:39:34.148099+00:00", "symbol": "BTC-USD"}, {"trade_id": 850000269, "side": "sell", "size": "0.00001567", "price": "117613.52000000", "time": "2025-07-15T23:38:58.022846Z", "fetched_at": "2025-07-15T23:39:34.148099+00:00", "symbol": "BTC-USD"}, {"trade_id": 850000268, "side": "sell", "size": "0.00002090", "price": "117612.35000000", "time": "2025-07-15T23:38:58.022846Z", "fetched_at": "2025-07-15T23:39:34.148099+00:00", "symbol": "BTC-USD"}, {"trade_id": 850000267, "side": "buy", "size": "0.00621135", "price": "117608.00000000", "time": "2025-07-15T23:38:58.021205Z", "fetched_at": "2025-07-15T23:39:34.148099+00:00", "symbol": "BTC-USD"}, {"trade_id": 850000266, "side": "buy", "size": "0.02385993", "price": "117609.06000000", "time": "2025-07-15T23:38:58.021205Z", "fetched_at": "2025-07-15T23:39:34.148099+00:00", "symbol": "BTC-USD"}, {"trade_id": 850000265, "side": "buy", "size": "0.01914007", "price": "117609.06000000", "time": "2025-07-15T23:38:58.015590Z", "fetched_at": "2025-07-15T23:39:34.148099+00:00", "symbol": "BTC-USD"}, {"trade_id": 850000264, "side": "buy", "size": "0.08503073", "price": "117609.07000000", "time": "2025-07-15T23:38:58.015590Z", "fetched_at": "2025-07-15T23:39:34.148099+00:00", "symbol": "BTC-USD"}, {"trade_id": 850000263, "side": "buy", "size": "0.01849582", "price": "117612.48000000", "time": "2025-07-15T23:38:58.015590Z", "fetched_at": "2025-07-15T23:39:34.148099+00:00", "symbol": "BTC-USD"}, {"trade_id": 850000262, "side": "buy", "size": "0.00025360", "price": "117615.51000000", "time": "2025-07-15T23:38:58.015590Z", "fetched_at": "2025-07-15T23:39:34.148099+00:00", "symbol": "BTC-USD"}, {"trade_id": 850000261, "side": "buy", "size": "0.00001000", "price": "117615.60000000", "time": "2025-07-15T23:38:58.015590Z", "fetched_at": "2025-07-15T23:39:34.148099+00:00", "symbol": "BTC-USD"}, {"trade_id": 850000260, "side": "buy", "size": "0.03213310", "price": "117617.76000000", "time": "2025-07-15T23:38:58.015590Z", "fetched_at": "2025-07-15T23:39:34.148099+00:00", "symbol": "BTC-USD"}, {"trade_id": 850000259, "side": "buy", "size": "0.00009352", "price": "117617.77000000", "time": "2025-07-15T23:38:58.015590Z", "fetched_at": "2025-07-15T23:39:34.148099+00:00", "symbol": "BTC-USD"}, {"trade_id": 850000258, "side": "buy", "size": "0.01886690", "price": "117617.76000000", "time": "2025-07-15T23:38:57.999665Z", "fetched_at": "2025-07-15T23:39:34.148099+00:00", "symbol": "BTC-USD"}, {"trade_id": 850000257, "side": "buy", "size": "0.00035654", "price": "117619.60000000", "time": "2025-07-15T23:38:57.999665Z", "fetched_at": "2025-07-15T23:39:34.148099+00:00", "symbol": "BTC-USD"}, {"trade_id": 850000256, "side": "buy", "size": "0.00001000", "price": "117624.43000000", "time": "2025-07-15T23:38:57.999665Z", "fetched_at": "2025-07-15T23:39:34.148099+00:00", "symbol": "BTC-USD"}, {"trade_id": 850000255, "side": "buy", "size": "0.01923344", "price": "117626.46000000", "time": "2025-07-15T23:38:57.996823Z", "fetched_at": "2025-07-15T23:39:34.148099+00:00", "symbol": "BTC-USD"}, {"trade_id": 850000254, "side": "buy", "size": "0.03076655", "price": "117626.46000000", "time": "2025-07-15T23:38:57.982243Z", "fetched_at": "2025-07-15T23:39:34.148099+00:00", "symbol": "BTC-USD"}, {"trade_id": 850000253, "side": "buy", "size": "0.00134901", "price": "117626.46000000", "time": "2025-07-15T23:38:57.982243Z", "fetched_at": "2025-07-15T23:39:34.148099+00:00", "symbol": "BTC-USD"}, {"trade_id": 850000252, "side": "buy", "size": "0.04400000", "price": "117626.46000000", "time": "2025-07-15T23:38:57.982243Z", "fetched_at": "2025-07-15T23:39:34.148099+00:00", "symbol": "BTC-USD"}, {"trade_id": 850000251, "side": "buy", "size": "0.00000348", "price": "117626.49000000", "time": "2025-07-15T23:38:57.982243Z", "fetched_at": "2025-07-15T23:39:34.148099+00:00", "symbol": "BTC-USD"}, {"trade_id": 850000250, "side": "buy", "size": "0.00004913", "price": "117626.49000000", "time": "2025-07-15T23:38:57.982243Z", "fetched_at": "2025-07-15T23:39:34.148099+00:00", "symbol": "BTC-USD"}, {"trade_id": 850000249, "side": "buy", "size": "0.02700000", "price": "117626.49000000", "time": "2025-07-15T23:38:57.982243Z", "fetched_at": "2025-07-15T23:39:34.148099+00:00", "symbol": "BTC-USD"}, {"trade_id": 850000248, "side": "buy", "size": "0.00001000", "price": "117626.50000000", "time": "2025-07-15T23:38:57.982243Z", "fetched_at": "2025-07-15T23:39:34.148099+00:00", "symbol": "BTC-USD"}, {"trade_id": 850000247, "side": "buy", "size": "0.00009352", "price": "117626.50000000", "time": "2025-07-15T23:38:57.982243Z", "fetched_at": "2025-07-15T23:39:34.148099+00:00", "symbol": "BTC-USD"}, {"trade_id": 850000246, "side": "sell", "size": "0.00016521", "price": "117628.87000000", "time": "2025-07-15T23:38:57.146424Z", "fetched_at": "2025-07-15T23:39:34.148099+00:00", "symbol": "BTC-USD"}, {"trade_id": 850000245, "side": "sell", "size": "0.00336028", "price": "117628.87000000", "time": "2025-07-15T23:38:57.140999Z", "fetched_at": "2025-07-15T23:39:34.148099+00:00", "symbol": "BTC-USD"}, {"trade_id": 850000244, "side": "sell", "size": "0.00022716", "price": "117628.87000000", "time": "2025-07-15T23:38:56.956152Z", "fetched_at": "2025-07-15T23:39:34.148099+00:00", "symbol": "BTC-USD"}, {"trade_id": 850000243, "side": "sell", "size": "0.00059514", "price": "117628.44000000", "time": "2025-07-15T23:38:56.797937Z", "fetched_at": "2025-07-15T23:39:34.148099+00:00", "symbol": "BTC-USD"}, {"trade_id": 850000242, "side": "sell", "size": "0.00103109", "price": "117638.82000000", "time": "2025-07-15T23:38:56.152680Z", "fetched_at": "2025-07-15T23:39:34.148099+00:00", "symbol": "BTC-USD"}, {"trade_id": 850000241, "side": "sell", "size": "0.00631856", "price": "117635.92000000", "time": "2025-07-15T23:38:56.152680Z", "fetched_at": "2025-07-15T23:39:34.148099+00:00", "symbol": "BTC-USD"}, {"trade_id": 850000240, "side": "sell", "size": "0.00223857", "price": "117635.92000000", "time": "2025-07-15T23:38:56.079964Z", "fetched_at": "2025-07-15T23:39:34.148099+00:00", "symbol": "BTC-USD"}, {"trade_id": 850000239, "side": "sell", "size": "0.00017959", "price": "117635.19000000", "time": "2025-07-15T23:38:56.079964Z", "fetched_at": "2025-07-15T23:39:34.148099+00:00", "symbol": "BTC-USD"}, {"trade_id": 850000238, "side": "buy", "size": "0.02119634", "price": "117626.46000000", "time": "2025-07-15T23:38:56.038170Z", "fetched_at": "2025-07-15T23:39:34.148099+00:00", "symbol": "BTC-USD"}, {"trade_id": 850000237, "side": "buy", "size": "0.00425060", "price": "117627.98000000", "time": "2025-07-15T23:38:56.038170Z", "fetched_at": "2025-07-15T23:39:34.148099+00:00", "symbol": "BTC-USD"}, {"trade_id": 850000236, "side": "buy", "size": "0.11679932", "price": "117627.98000000", "time": "2025-07-15T23:38:56.038170Z", "fetched_at": "2025-07-15T23:39:34.148099+00:00", "symbol": "BTC-USD"}, {"trade_id": 850000235, "side": "buy", "size": "0.03130805", "price": "117627.99000000", "time": "2025-07-15T23:38:56.038170Z", "fetched_at": "2025-07-15T23:39:34.148099+00:00", "symbol": "BTC-USD"}, {"trade_id": 850000234, "side": "buy", "size": "0.00009351", "price": "117635.91000000", "time": "2025-07-15T23:38:56.038170Z", "fetched_at": "2025-07-15T23:39:34.148099+00:00", "symbol": "BTC-USD"}, {"trade_id": 850000233, "side": "sell", "size": "0.00017741", "price": "117635.92000000", "time": "2025-07-15T23:38:55.956840Z", "fetched_at": "2025-07-15T23:39:34.148099+00:00", "symbol": "BTC-USD"}, {"trade_id": 850000232, "side": "buy", "size": "0.00080677", "price": "117627.97000000", "time": "2025-07-15T23:38:55.705694Z", "fetched_at": "2025-07-15T23:39:34.148099+00:00", "symbol": "BTC-USD"}, {"trade_id": 850000231, "side": "buy", "size": "0.00425060", "price": "117630.67000000", "time": "2025-07-15T23:38:55.705694Z", "fetched_at": "2025-07-15T23:39:34.148099+00:00", "symbol": "BTC-USD"}, {"trade_id": 850000230, "side": "buy", "size": "0.00001000", "price": "117634.96000000", "time": "2025-07-15T23:38:55.705694Z", "fetched_at": "2025-07-15T23:39:34.148099+00:00", "symbol": "BTC-USD"}, {"trade_id": 850000229, "side": "buy", "size": "0.00006390", "price": "117635.91000000", "time": "2025-07-15T23:38:55.705694Z", "fetched_at": "2025-07-15T23:39:34.148099+00:00", "symbol": "BTC-USD"}, {"trade_id": 850000228, "side": "sell", "size": "0.00025340", "price": "117635.92000000", "time": "2025-07-15T23:38:55.698500Z", "fetched_at": "2025-07-15T23:39:34.148099+00:00", "symbol": "BTC-USD"}, {"trade_id": 850000227, "side": "sell", "size": "0.00005795", "price": "117636.11000000", "time": "2025-07-15T23:38:55.687353Z", "fetched_at": "2025-07-15T23:39:34.148099+00:00", "symbol": "BTC-USD"}, {"trade_id": 850000226, "side": "sell", "size": "0.00017915", "price": "117635.93000000", "time": "2025-07-15T23:38:55.687353Z", "fetched_at": "2025-07-15T23:39:34.148099+00:00", "symbol": "BTC-USD"}, {"trade_id": 850000225, "side": "buy", "size": "0.00009189", "price": "117634.99000000", "time": "2025-07-15T23:38:55.525926Z", "fetched_at": "2025-07-15T23:39:34.148099+00:00", "symbol": "BTC-USD"}, {"trade_id": 850000224, "side": "sell", "size": "0.00029457", "price": "117641.19000000", "time": "2025-07-15T23:38:55.188804Z", "fetched_at": "2025-07-15T23:39:34.148099+00:00", "symbol": "BTC-USD"}, {"trade_id": 850000223, "side": "buy", "size": "0.00032896", "price": "117638.04000000", "time": "2025-07-15T23:38:54.919144Z", "fetched_at": "2025-07-15T23:39:34.148099+00:00", "symbol": "BTC-USD"}, {"trade_id": 850000222, "side": "buy", "size": "0.00005484", "price": "117638.04000000", "time": "2025-07-15T23:38:54.830528Z", "fetched_at": "2025-07-15T23:39:34.148099+00:00", "symbol": "BTC-USD"}, {"trade_id": 850000221, "side": "buy", "size": "0.00877214", "price": "117630.32000000", "time": "2025-07-15T23:38:54.436029Z", "fetched_at": "2025-07-15T23:39:34.148099+00:00", "symbol": "BTC-USD"}, {"trade_id": 850000220, "side": "buy", "size": "0.01105310", "price": "117630.33000000", "time": "2025-07-15T23:38:54.436029Z", "fetched_at": "2025-07-15T23:39:34.148099+00:00", "symbol": "BTC-USD"}, {"trade_id": 850000219, "side": "buy", "size": "0.03000000", "price": "117630.96000000", "time": "2025-07-15T23:38:54.436029Z", "fetched_at": "2025-07-15T23:39:34.148099+00:00", "symbol": "BTC-USD"}, {"trade_id": 850000218, "side": "buy", "size": "0.01699777", "price": "117631.59000000", "time": "2025-07-15T23:38:54.436029Z", "fetched_at": "2025-07-15T23:39:34.148099+00:00", "symbol": "BTC-USD"}, {"trade_id": 850000217, "side": "buy", "size": "0.00009351", "price": "117631.60000000", "time": "2025-07-15T23:38:54.436029Z", "fetched_at": "2025-07-15T23:39:34.148099+00:00", "symbol": "BTC-USD"}, {"trade_id": 850000216, "side": "buy", "size": "0.00001000", "price": "117631.72000000", "time": "2025-07-15T23:38:54.436029Z", "fetched_at": "2025-07-15T23:39:34.148099+00:00", "symbol": "BTC-USD"}, {"trade_id": 850000215, "side": "buy", "size": "0.00850066", "price": "117633.24000000", "time": "2025-07-15T23:38:54.436029Z", "fetched_at": "2025-07-15T23:39:34.148099+00:00", "symbol": "BTC-USD"}, {"trade_id": 850000214, "side": "buy", "size": "0.00850091", "price": "117634.33000000", "time": "2025-07-15T23:38:54.436029Z", "fetched_at": "2025-07-15T23:39:34.148099+00:00", "symbol": "BTC-USD"}, {"trade_id": 850000213, "side": "buy", "size": "0.00007922", "price": "117634.71000000", "time": "2025-07-15T23:38:54.436029Z", "fetched_at": "2025-07-15T23:39:34.148099+00:00", "symbol": "BTC-USD"}, {"trade_id": 850000212, "side": "buy", "size": "0.00000561", "price": "117634.71000000", "time": "2025-07-15T23:38:54.436029Z", "fetched_at": "2025-07-15T23:39:34.148099+00:00", "symbol": "BTC-USD"}, {"trade_id": 850000211, "side": "buy", "size": "0.04300000", "price": "117635.16000000", "time": "2025-07-15T23:38:54.436029Z", "fetched_at": "2025-07-15T23:39:34.148099+00:00", "symbol": "BTC-USD"}, {"trade_id": 850000210, "side": "buy", "size": "0.00425042", "price": "117636.99000000", "time": "2025-07-15T23:38:54.436029Z", "fetched_at": "2025-07-15T23:39:34.148099+00:00", "symbol": "BTC-USD"}, {"trade_id": 850000209, "side": "buy", "size": "0.00001000", "price": "117638.03000000", "time": "2025-07-15T23:38:54.436029Z", "fetched_at": "2025-07-15T23:39:34.148099+00:00", "symbol": "BTC-USD"}, {"trade_id": 850000208, "side": "buy", "size": "0.00000212", "price": "117638.03000000", "time": "2025-07-15T23:38:54.436029Z", "fetched_at": "2025-07-15T23:39:34.148099+00:00", "symbol": "BTC-USD"}, {"trade_id": 850000207, "side": "buy", "size": "0.00850049", "price": "117640.33000000", "time": "2025-07-15T23:38:54.436029Z", "fetched_at": "2025-07-15T23:39:34.148099+00:00", "symbol": "BTC-USD"}, {"trade_id": 850000206, "side": "buy", "size": "0.02655093", "price": "117642.09000000", "time": "2025-07-15T23:38:54.436029Z", "fetched_at": "2025-07-15T23:39:34.148099+00:00", "symbol": "BTC-USD"}, {"trade_id": 850000205, "side": "buy", "size": "0.02559367", "price": "117642.09000000", "time": "2025-07-15T23:38:54.436029Z", "fetched_at": "2025-07-15T23:39:34.148099+00:00", "symbol": "BTC-USD"}, {"trade_id": 850000204, "side": "buy", "size": "0.00002378", "price": "117642.09000000", "time": "2025-07-15T23:38:54.436029Z", "fetched_at": "2025-07-15T23:39:34.148099+00:00", "symbol": "BTC-USD"}, {"trade_id": 850000203, "side": "buy", "size": "0.18477000", "price": "117642.09000000", "time": "2025-07-15T23:38:54.436029Z", "fetched_at": "2025-07-15T23:39:34.148099+00:00", "symbol": "BTC-USD"}, {"trade_id": 850000202, "side": "sell", "size": "0.00016873", "price": "117638.04000000", "time": "2025-07-15T23:38:53.657071Z", "fetched_at": "2025-07-15T23:39:34.148099+00:00", "symbol": "BTC-USD"}, {"trade_id": 850000201, "side": "sell", "size": "0.00008413", "price": "117638.04000000", "time": "2025-07-15T23:38:53.639446Z", "fetched_at": "2025-07-15T23:39:34.148099+00:00", "symbol": "BTC-USD"}, {"trade_id": 850000200, "side": "buy", "size": "0.00019552", "price": "117638.03000000", "time": "2025-07-15T23:38:53.442292Z", "fetched_at": "2025-07-15T23:39:34.148099+00:00", "symbol": "BTC-USD"}, {"trade_id": 850000199, "side": "buy", "size": "0.00921556", "price": "117638.03000000", "time": "2025-07-15T23:38:53.310991Z", "fetched_at": "2025-07-15T23:39:34.148099+00:00", "symbol": "BTC-USD"}, {"trade_id": 850000198, "side": "sell", "size": "0.00084159", "price": "117638.03000000", "time": "2025-07-15T23:38:53.122437Z", "fetched_at": "2025-07-15T23:39:34.148099+00:00", "symbol": "BTC-USD"}, {"trade_id": 850000197, "side": "sell", "size": "0.00347754", "price": "117636.67000000", "time": "2025-07-15T23:38:53.009252Z", "fetched_at": "2025-07-15T23:39:34.148099+00:00", "symbol": "BTC-USD"}, {"trade_id": 850000196, "side": "sell", "size": "0.00014749", "price": "117634.72000000", "time": "2025-07-15T23:38:53.009252Z", "fetched_at": "2025-07-15T23:39:34.148099+00:00", "symbol": "BTC-USD"}, {"trade_id": 850000195, "side": "sell", "size": "0.00000212", "price": "117634.72000000", "time": "2025-07-15T23:38:53.009252Z", "fetched_at": "2025-07-15T23:39:34.148099+00:00", "symbol": "BTC-USD"}, {"trade_id": 850000194, "side": "buy", "size": "0.00000846", "price": "117634.71000000", "time": "2025-07-15T23:38:52.597211Z", "fetched_at": "2025-07-15T23:39:34.148099+00:00", "symbol": "BTC-USD"}, {"trade_id": 850000193, "side": "sell", "size": "0.00092428", "price": "117633.45000000", "time": "2025-07-15T23:38:51.749283Z", "fetched_at": "2025-07-15T23:39:34.148099+00:00", "symbol": "BTC-USD"}, {"trade_id": 850000192, "side": "sell", "size": "0.00072734", "price": "117631.69000000", "time": "2025-07-15T23:38:51.749283Z", "fetched_at": "2025-07-15T23:39:34.148099+00:00", "symbol": "BTC-USD"}, {"trade_id": 850000191, "side": "buy", "size": "0.00175435", "price": "117631.68000000", "time": "2025-07-15T23:38:51.395099Z", "fetched_at": "2025-07-15T23:39:34.148099+00:00", "symbol": "BTC-USD"}, {"trade_id": 850000190, "side": "sell", "size": "0.00012089", "price": "117631.68000000", "time": "2025-07-15T23:38:51.271572Z", "fetched_at": "2025-07-15T23:39:34.148099+00:00", "symbol": "BTC-USD"}, {"trade_id": 850000189, "side": "sell", "size": "0.02996220", "price": "117631.60000000", "time": "2025-07-15T23:38:51.127041Z", "fetched_at": "2025-07-15T23:39:34.148099+00:00", "symbol": "BTC-USD"}, {"trade_id": 850000188, "side": "sell", "size": "0.07734300", "price": "117631.59000000", "time": "2025-07-15T23:38:51.127041Z", "fetched_at": "2025-07-15T23:39:34.148099+00:00", "symbol": "BTC-USD"}, {"trade_id": 850000187, "side": "sell", "size": "0.00001034", "price": "117628.58000000", "time": "2025-07-15T23:38:51.127041Z", "fetched_at": "2025-07-15T23:39:34.148099+00:00", "symbol": "BTC-USD"}, {"trade_id": 850000186, "side": "sell", "size": "0.00323371", "price": "117628.58000000", "time": "2025-07-15T23:38:51.127041Z", "fetched_at": "2025-07-15T23:39:34.148099+00:00", "symbol": "BTC-USD"}, {"trade_id": 850000185, "side": "sell", "size": "0.00040298", "price": "117628.58000000", "time": "2025-07-15T23:38:50.670840Z", "fetched_at": "2025-07-15T23:39:34.148099+00:00", "symbol": "BTC-USD"}, {"trade_id": 850000184, "side": "sell", "size": "0.00193153", "price": "117626.47000000", "time": "2025-07-15T23:38:49.055175Z", "fetched_at": "2025-07-15T23:39:34.148099+00:00", "symbol": "BTC-USD"}, {"trade_id": 850000183, "side": "sell", "size": "0.00002178", "price": "117626.47000000", "time": "2025-07-15T23:38:49.055175Z", "fetched_at": "2025-07-15T23:39:34.148099+00:00", "symbol": "BTC-USD"}, {"trade_id": 850000182, "side": "sell", "size": "0.00001000", "price": "117626.47000000", "time": "2025-07-15T23:38:48.039756Z", "fetched_at": "2025-07-15T23:39:34.148099+00:00", "symbol": "BTC-USD"}, {"trade_id": 850000181, "side": "buy", "size": "0.00013100", "price": "117634.70000000", "time": "2025-07-15T23:38:47.646745Z", "fetched_at": "2025-07-15T23:39:34.148099+00:00", "symbol": "BTC-USD"}, {"trade_id": 850000180, "side": "buy", "size": "0.00001000", "price": "117634.70000000", "time": "2025-07-15T23:38:47.646745Z", "fetched_at": "2025-07-15T23:39:34.148099+00:00", "symbol": "BTC-USD"}, {"trade_id": 850000179, "side": "buy", "size": "0.00002900", "price": "117634.71000000", "time": "2025-07-15T23:38:47.646745Z", "fetched_at": "2025-07-15T23:39:34.148099+00:00", "symbol": "BTC-USD"}, {"trade_id": 850000178, "side": "sell", "size": "0.00041291", "price": "117634.71000000", "time": "2025-07-15T23:38:47.065436Z", "fetched_at": "2025-07-15T23:39:34.148099+00:00", "symbol": "BTC-USD"}, {"trade_id": 850000177, "side": "buy", "size": "0.00094802", "price": "117626.47000000", "time": "2025-07-15T23:38:46.816783Z", "fetched_at": "2025-07-15T23:39:34.148099+00:00", "symbol": "BTC-USD"}, {"trade_id": 850000176, "side": "buy", "size": "0.00009351", "price": "117634.71000000", "time": "2025-07-15T23:38:46.816783Z", "fetched_at": "2025-07-15T23:39:34.148099+00:00", "symbol": "BTC-USD"}, {"trade_id": 850000175, "side": "sell", "size": "0.00014652", "price": "117633.04000000", "time": "2025-07-15T23:38:46.715147Z", "fetched_at": "2025-07-15T23:39:34.148099+00:00", "symbol": "BTC-USD"}, {"trade_id": 850000174, "side": "sell", "size": "0.13230000", "price": "117632.99000000", "time": "2025-07-15T23:38:46.715147Z", "fetched_at": "2025-07-15T23:39:34.148099+00:00", "symbol": "BTC-USD"}, {"trade_id": 850000173, "side": "sell", "size": "0.00017501", "price": "117632.99000000", "time": "2025-07-15T23:38:46.715147Z", "fetched_at": "2025-07-15T23:39:34.148099+00:00", "symbol": "BTC-USD"}, {"trade_id": 850000172, "side": "buy", "size": "0.00812762", "price": "117626.46000000", "time": "2025-07-15T23:38:46.666963Z", "fetched_at": "2025-07-15T23:39:34.148099+00:00", "symbol": "BTC-USD"}, {"trade_id": 850000171, "side": "buy", "size": "0.00000595", "price": "117626.47000000", "time": "2025-07-15T23:38:46.666963Z", "fetched_at": "2025-07-15T23:39:34.148099+00:00", "symbol": "BTC-USD"}, {"trade_id": 850000170, "side": "buy", "size": "0.00001000", "price": "117626.48000000", "time": "2025-07-15T23:38:46.666963Z", "fetched_at": "2025-07-15T23:39:34.148099+00:00", "symbol": "BTC-USD"}, {"trade_id": 850000169, "side": "buy", "size": "0.00409743", "price": "117626.51000000", "time": "2025-07-15T23:38:46.666963Z", "fetched_at": "2025-07-15T23:39:34.148099+00:00", "symbol": "BTC-USD"}, {"trade_id": 850000168, "side": "buy", "size": "0.00043100", "price": "117629.49000000", "time": "2025-07-15T23:38:46.666963Z", "fetched_at": "2025-07-15T23:39:34.148099+00:00", "symbol": "BTC-USD"}, {"trade_id": 850000167, "side": "buy", "size": "0.00010900", "price": "117634.54000000", "time": "2025-07-15T23:38:46.666963Z", "fetched_at": "2025-07-15T23:39:34.148099+00:00", "symbol": "BTC-USD"}, {"trade_id": 850000166, "side": "buy", "size": "0.00009351", "price": "117634.54000000", "time": "2025-07-15T23:38:46.666963Z", "fetched_at": "2025-07-15T23:39:34.148099+00:00", "symbol": "BTC-USD"}, {"trade_id": 850000165, "side": "buy", "size": "0.00001550", "price": "117629.49000000", "time": "2025-07-15T23:38:46.112074Z", "fetched_at": "2025-07-15T23:39:34.148099+00:00", "symbol": "BTC-USD"}, {"trade_id": 850000164, "side": "sell", "size": "0.00001033", "price": "117631.90000000", "time": "2025-07-15T23:38:45.790915Z", "fetched_at": "2025-07-15T23:39:34.148099+00:00", "symbol": "BTC-USD"}, {"trade_id": 850000163, "side": "sell", "size": "0.00213278", "price": "117631.89000000", "time": "2025-07-15T23:38:45.696367Z", "fetched_at": "2025-07-15T23:39:34.148099+00:00", "symbol": "BTC-USD"}, {"trade_id": 850000162, "side": "sell", "size": "0.00001922", "price": "117631.88000000", "time": "2025-07-15T23:38:45.696367Z", "fetched_at": "2025-07-15T23:39:34.148099+00:00", "symbol": "BTC-USD"}, {"trade_id": 850000161, "side": "buy", "size": "0.00804030", "price": "117626.46000000", "time": "2025-07-15T23:38:45.564866Z", "fetched_at": "2025-07-15T23:39:34.148099+00:00", "symbol": "BTC-USD"}, {"trade_id": 850000160, "side": "buy", "size": "0.00112975", "price": "117632.33000000", "time": "2025-07-15T23:38:45.564866Z", "fetched_at": "2025-07-15T23:39:34.148099+00:00", "symbol": "BTC-USD"}, {"trade_id": 850000159, "side": "buy", "size": "0.00500918", "price": "117632.52000000", "time": "2025-07-15T23:38:45.564866Z", "fetched_at": "2025-07-15T23:39:34.148099+00:00", "symbol": "BTC-USD"}, {"trade_id": 850000158, "side": "buy", "size": "0.00009351", "price": "117632.53000000", "time": "2025-07-15T23:38:45.564866Z", "fetched_at": "2025-07-15T23:39:34.148099+00:00", "symbol": "BTC-USD"}, {"trade_id": 850000157, "side": "sell", "size": "0.00313063", "price": "117633.27000000", "time": "2025-07-15T23:38:45.488963Z", "fetched_at": "2025-07-15T23:39:34.148099+00:00", "symbol": "BTC-USD"}, {"trade_id": 850000156, "side": "buy", "size": "0.00003249", "price": "117633.26000000", "time": "2025-07-15T23:38:45.410397Z", "fetched_at": "2025-07-15T23:39:34.148099+00:00", "symbol": "BTC-USD"}, {"trade_id": 850000155, "side": "buy", "size": "0.00001000", "price": "117633.26000000", "time": "2025-07-15T23:38:45.410397Z", "fetched_at": "2025-07-15T23:39:34.148099+00:00", "symbol": "BTC-USD"}, {"trade_id": 850000154, "side": "sell", "size": "0.00008127", "price": "117636.53000000", "time": "2025-07-15T23:38:45.288110Z", "fetched_at": "2025-07-15T23:39:34.148099+00:00", "symbol": "BTC-USD"}, {"trade_id": 850000153, "side": "sell", "size": "0.00007763", "price": "117635.08000000", "time": "2025-07-15T23:38:45.288110Z", "fetched_at": "2025-07-15T23:39:34.148099+00:00", "symbol": "BTC-USD"}, {"trade_id": 850000152, "side": "sell", "size": "0.00004571", "price": "117634.76000000", "time": "2025-07-15T23:38:45.288110Z", "fetched_at": "2025-07-15T23:39:34.148099+00:00", "symbol": "BTC-USD"}, {"trade_id": 850000151, "side": "buy", "size": "0.00042490", "price": "117639.13000000", "time": "2025-07-15T23:38:45.278964Z", "fetched_at": "2025-07-15T23:39:34.148099+00:00", "symbol": "BTC-USD"}, {"trade_id": 850000150, "side": "buy", "size": "0.00001534", "price": "117640.14000000", "time": "2025-07-15T23:38:45.278964Z", "fetched_at": "2025-07-15T23:39:34.148099+00:00", "symbol": "BTC-USD"}, {"trade_id": 850000149, "side": "buy", "size": "0.00058000", "price": "117640.90000000", "time": "2025-07-15T23:38:45.278964Z", "fetched_at": "2025-07-15T23:39:34.148099+00:00", "symbol": "BTC-USD"}, {"trade_id": 850000148, "side": "buy", "size": "0.00002000", "price": "117640.90000000", "time": "2025-07-15T23:38:45.278964Z", "fetched_at": "2025-07-15T23:39:34.148099+00:00", "symbol": "BTC-USD"}, {"trade_id": 850000147, "side": "buy", "size": "0.02124462", "price": "117641.53000000", "time": "2025-07-15T23:38:45.270060Z", "fetched_at": "2025-07-15T23:39:34.148099+00:00", "symbol": "BTC-USD"}, {"trade_id": 850000146, "side": "buy", "size": "0.05100000", "price": "117642.09000000", "time": "2025-07-15T23:38:45.270060Z", "fetched_at": "2025-07-15T23:39:34.148099+00:00", "symbol": "BTC-USD"}, {"trade_id": 850000145, "side": "buy", "size": "0.00539000", "price": "117642.09000000", "time": "2025-07-15T23:38:45.270060Z", "fetched_at": "2025-07-15T23:39:34.148099+00:00", "symbol": "BTC-USD"}, {"trade_id": 850000144, "side": "buy", "size": "0.00134892", "price": "117642.09000000", "time": "2025-07-15T23:38:45.270060Z", "fetched_at": "2025-07-15T23:39:34.148099+00:00", "symbol": "BTC-USD"}, {"trade_id": 850000143, "side": "buy", "size": "0.00001000", "price": "117642.09000000", "time": "2025-07-15T23:38:45.270060Z", "fetched_at": "2025-07-15T23:39:34.148099+00:00", "symbol": "BTC-USD"}, {"trade_id": 850000142, "side": "sell", "size": "0.00042000", "price": "117642.10000000", "time": "2025-07-15T23:38:44.576277Z", "fetched_at": "2025-07-15T23:39:34.148099+00:00", "symbol": "BTC-USD"}, {"trade_id": 850000141, "side": "buy", "size": "0.00004218", "price": "117644.47000000", "time": "2025-07-15T23:38:44.563118Z", "fetched_at": "2025-07-15T23:39:34.148099+00:00", "symbol": "BTC-USD"}, {"trade_id": 850000140, "side": "buy", "size": "0.00000504", "price": "117649.52000000", "time": "2025-07-15T23:38:44.563118Z", "fetched_at": "2025-07-15T23:39:34.148099+00:00", "symbol": "BTC-USD"}, {"trade_id": 850000139, "side": "buy", "size": "0.00021000", "price": "117649.52000000", "time": "2025-07-15T23:38:44.561820Z", "fetched_at": "2025-07-15T23:39:34.148099+00:00", "symbol": "BTC-USD"}, {"trade_id": 850000138, "side": "buy", "size": "0.00000016", "price": "117650.36000000", "time": "2025-07-15T23:38:44.557810Z", "fetched_at": "2025-07-15T23:39:34.148099+00:00", "symbol": "BTC-USD"}, {"trade_id": 850000137, "side": "buy", "size": "0.00000135", "price": "117650.36000000", "time": "2025-07-15T23:38:44.557810Z", "fetched_at": "2025-07-15T23:39:34.148099+00:00", "symbol": "BTC-USD"}, {"trade_id": 850000136, "side": "buy", "size": "0.00001903", "price": "117650.36000000", "time": "2025-07-15T23:38:44.557810Z", "fetched_at": "2025-07-15T23:39:34.148099+00:00", "symbol": "BTC-USD"}, {"trade_id": 850000135, "side": "buy", "size": "0.03499614", "price": "117650.36000000", "time": "2025-07-15T23:38:44.557810Z", "fetched_at": "2025-07-15T23:39:34.148099+00:00", "symbol": "BTC-USD"}, {"trade_id": 850000134, "side": "buy", "size": "0.00749310", "price": "117650.36000000", "time": "2025-07-15T23:38:44.519535Z", "fetched_at": "2025-07-15T23:39:34.148099+00:00", "symbol": "BTC-USD"}, {"trade_id": 850000133, "side": "buy", "size": "0.00001000", "price": "117650.92000000", "time": "2025-07-15T23:38:44.438188Z", "fetched_at": "2025-07-15T23:39:34.148099+00:00", "symbol": "BTC-USD"}, {"trade_id": 850000132, "side": "buy", "size": "0.00000900", "price": "117651.37000000", "time": "2025-07-15T23:38:44.438188Z", "fetched_at": "2025-07-15T23:39:34.148099+00:00", "symbol": "BTC-USD"}, {"trade_id": 850000131, "side": "buy", "size": "0.00254000", "price": "117651.37000000", "time": "2025-07-15T23:38:44.438188Z", "fetched_at": "2025-07-15T23:39:34.148099+00:00", "symbol": "BTC-USD"}, {"trade_id": 850000130, "side": "buy", "size": "0.00000713", "price": "117651.37000000", "time": "2025-07-15T23:38:44.438188Z", "fetched_at": "2025-07-15T23:39:34.148099+00:00", "symbol": "BTC-USD"}, {"trade_id": 850000129, "side": "buy", "size": "0.00010556", "price": "117651.37000000", "time": "2025-07-15T23:38:44.438188Z", "fetched_at": "2025-07-15T23:39:34.148099+00:00", "symbol": "BTC-USD"}, {"trade_id": 850000128, "side": "buy", "size": "0.00002107", "price": "117651.37000000", "time": "2025-07-15T23:38:44.438188Z", "fetched_at": "2025-07-15T23:39:34.148099+00:00", "symbol": "BTC-USD"}, {"trade_id": 850000127, "side": "buy", "size": "0.00005023", "price": "117651.37000000", "time": "2025-07-15T23:38:44.438188Z", "fetched_at": "2025-07-15T23:39:34.148099+00:00", "symbol": "BTC-USD"}, {"trade_id": 850000126, "side": "buy", "size": "0.00002361", "price": "117651.37000000", "time": "2025-07-15T23:38:44.438188Z", "fetched_at": "2025-07-15T23:39:34.148099+00:00", "symbol": "BTC-USD"}, {"trade_id": 850000125, "side": "buy", "size": "0.00739000", "price": "117651.37000000", "time": "2025-07-15T23:38:44.438188Z", "fetched_at": "2025-07-15T23:39:34.148099+00:00", "symbol": "BTC-USD"}, {"trade_id": 850000124, "side": "buy", "size": "0.04400000", "price": "117651.37000000", "time": "2025-07-15T23:38:44.438188Z", "fetched_at": "2025-07-15T23:39:34.148099+00:00", "symbol": "BTC-USD"}, {"trade_id": 850000123, "side": "sell", "size": "0.00018694", "price": "117651.38000000", "time": "2025-07-15T23:38:44.130048Z", "fetched_at": "2025-07-15T23:39:34.148099+00:00", "symbol": "BTC-USD"}, {"trade_id": 850000122, "side": "sell", "size": "0.00016825", "price": "117651.38000000", "time": "2025-07-15T23:38:43.969212Z", "fetched_at": "2025-07-15T23:39:34.148099+00:00", "symbol": "BTC-USD"}, {"trade_id": 850000121, "side": "sell", "size": "0.01250529", "price": "117654.17000000", "time": "2025-07-15T23:38:42.880950Z", "fetched_at": "2025-07-15T23:39:34.148099+00:00", "symbol": "BTC-USD"}, {"trade_id": 850000120, "side": "sell", "size": "0.00005811", "price": "117654.11000000", "time": "2025-07-15T23:38:42.880950Z", "fetched_at": "2025-07-15T23:39:34.148099+00:00", "symbol": "BTC-USD"}, {"trade_id": 850000119, "side": "sell", "size": "0.00006335", "price": "117653.77000000", "time": "2025-07-15T23:38:42.880950Z", "fetched_at": "2025-07-15T23:39:34.148099+00:00", "symbol": "BTC-USD"}, {"trade_id": 850000118, "side": "sell", "size": "0.00004574", "price": "117653.75000000", "time": "2025-07-15T23:38:42.880950Z", "fetched_at": "2025-07-15T23:39:34.148099+00:00", "symbol": "BTC-USD"}, {"trade_id": 850000117, "side": "sell", "size": "0.00004751", "price": "117652.53000000", "time": "2025-07-15T23:38:42.880950Z", "fetched_at": "2025-07-15T23:39:34.148099+00:00", "symbol": "BTC-USD"}, {"trade_id": 850000116, "side": "buy", "size": "0.00001000", "price": "117660.00000000", "time": "2025-07-15T23:38:42.757683Z", "fetched_at": "2025-07-15T23:39:34.148099+00:00", "symbol": "BTC-USD"}, {"trade_id": 850000115, "side": "buy", "size": "0.00001000", "price": "117660.01000000", "time": "2025-07-15T23:38:42.757683Z", "fetched_at": "2025-07-15T23:39:34.148099+00:00", "symbol": "BTC-USD"}, {"trade_id": 850000114, "side": "buy", "size": "0.00005439", "price": "117660.03000000", "time": "2025-07-15T23:38:42.757683Z", "fetched_at": "2025-07-15T23:39:34.148099+00:00", "symbol": "BTC-USD"}, {"trade_id": 850000113, "side": "buy", "size": "0.02015652", "price": "117660.07000000", "time": "2025-07-15T23:38:42.757683Z", "fetched_at": "2025-07-15T23:39:34.148099+00:00", "symbol": "BTC-USD"}, {"trade_id": 850000112, "side": "buy", "size": "0.01679657", "price": "117660.53000000", "time": "2025-07-15T23:38:42.757683Z", "fetched_at": "2025-07-15T23:39:34.148099+00:00", "symbol": "BTC-USD"}, {"trade_id": 850000111, "side": "buy", "size": "0.00095703", "price": "117667.03000000", "time": "2025-07-15T23:38:42.747338Z", "fetched_at": "2025-07-15T23:39:34.148099+00:00", "symbol": "BTC-USD"}, {"trade_id": 850000110, "side": "buy", "size": "0.02864221", "price": "117667.14000000", "time": "2025-07-15T23:38:42.747338Z", "fetched_at": "2025-07-15T23:39:34.148099+00:00", "symbol": "BTC-USD"}, {"trade_id": 850000109, "side": "buy", "size": "0.14395460", "price": "117667.14000000", "time": "2025-07-15T23:38:42.744971Z", "fetched_at": "2025-07-15T23:39:34.148099+00:00", "symbol": "BTC-USD"}, {"trade_id": 850000108, "side": "buy", "size": "0.00240319", "price": "117667.14000000", "time": "2025-07-15T23:38:42.671407Z", "fetched_at": "2025-07-15T23:39:34.148099+00:00", "symbol": "BTC-USD"}, {"trade_id": 850000107, "side": "buy", "size": "0.04800000", "price": "117668.77000000", "time": "2025-07-15T23:38:42.671407Z", "fetched_at": "2025-07-15T23:39:34.148099+00:00", "symbol": "BTC-USD"}, {"trade_id": 850000106, "side": "buy", "size": "0.00478513", "price": "117668.78000000", "time": "2025-07-15T23:38:42.671407Z", "fetched_at": "2025-07-15T23:39:34.148099+00:00", "symbol": "BTC-USD"}, {"trade_id": 850000105, "side": "buy", "size": "0.00000212", "price": "117671.80000000", "time": "2025-07-15T23:38:42.634896Z", "fetched_at": "2025-07-15T23:39:34.148099+00:00", "symbol": "BTC-USD"}, {"trade_id": 850000104, "side": "buy", "size": "0.00008447", "price": "117671.80000000", "time": "2025-07-15T23:38:42.634896Z", "fetched_at": "2025-07-15T23:39:34.148099+00:00", "symbol": "BTC-USD"}, {"trade_id": 850000103, "side": "buy", "size": "0.00000594", "price": "117671.80000000", "time": "2025-07-15T23:38:42.634896Z", "fetched_at": "2025-07-15T23:39:34.148099+00:00", "symbol": "BTC-USD"}, {"trade_id": 850000102, "side": "buy", "size": "0.00067985", "price": "117671.82000000", "time": "2025-07-15T23:38:42.634896Z", "fetched_at": "2025-07-15T23:39:34.148099+00:00", "symbol": "BTC-USD"}, {"trade_id": 850000101, "side": "buy", "size": "0.00089902", "price": "117671.84000000", "time": "2025-07-15T23:38:42.634896Z", "fetched_at": "2025-07-15T23:39:34.148099+00:00", "symbol": "BTC-USD"}, {"trade_id": 850000100, "side": "buy", "size": "0.00010401", "price": "117671.88000000", "time": "2025-07-15T23:38:42.634896Z", "fetched_at": "2025-07-15T23:39:34.148099+00:00", "symbol": "BTC-USD"}, {"trade_id": 850000099, "side": "buy", "size": "0.00005311", "price": "117671.89000000", "time": "2025-07-15T23:38:42.634896Z", "fetched_at": "2025-07-15T23:39:34.148099+00:00", "symbol": "BTC-USD"}, {"trade_id": 850000098, "side": "buy", "size": "0.00478513", "price": "117674.27000000", "time": "2025-07-15T23:38:42.628982Z", "fetched_at": "2025-07-15T23:39:34.148099+00:00", "symbol": "BTC-USD"}, {"trade_id": 850000097, "side": "buy", "size": "0.02611802", "price": "117674.37000000", "time": "2025-07-15T23:38:42.628982Z", "fetched_at": "2025-07-15T23:39:34.148099+00:00", "symbol": "BTC-USD"}, {"trade_id": 850000096, "side": "buy", "size": "0.00010418", "price": "117674.38000000", "time": "2025-07-15T23:38:42.628982Z", "fetched_at": "2025-07-15T23:39:34.148099+00:00", "symbol": "BTC-USD"}, {"trade_id": 850000095, "side": "buy", "size": "0.00000900", "price": "117674.38000000", "time": "2025-07-15T23:38:42.628982Z", "fetched_at": "2025-07-15T23:39:34.148099+00:00", "symbol": "BTC-USD"}, {"trade_id": 850000094, "side": "buy", "size": "0.03871100", "price": "117674.38000000", "time": "2025-07-15T23:38:42.628982Z", "fetched_at": "2025-07-15T23:39:34.148099+00:00", "symbol": "BTC-USD"}, {"trade_id": 850000093, "side": "buy", "size": "0.01084688", "price": "117674.38000000", "time": "2025-07-15T23:38:42.272582Z", "fetched_at": "2025-07-15T23:39:34.148099+00:00", "symbol": "BTC-USD"}, {"trade_id": 850000092, "side": "buy", "size": "0.00125400", "price": "117674.40000000", "time": "2025-07-15T23:38:42.272582Z", "fetched_at": "2025-07-15T23:39:34.148099+00:00", "symbol": "BTC-USD"}, {"trade_id": 850000091, "side": "buy", "size": "0.00010359", "price": "117674.40000000", "time": "2025-07-15T23:38:42.272582Z", "fetched_at": "2025-07-15T23:39:34.148099+00:00", "symbol": "BTC-USD"}, {"trade_id": 850000090, "side": "buy", "size": "0.00030830", "price": "117674.40000000", "time": "2025-07-15T23:38:42.272582Z", "fetched_at": "2025-07-15T23:39:34.148099+00:00", "symbol": "BTC-USD"}, {"trade_id": 850000089, "side": "buy", "size": "0.00000900", "price": "117674.40000000", "time": "2025-07-15T23:38:42.272582Z", "fetched_at": "2025-07-15T23:39:34.148099+00:00", "symbol": "BTC-USD"}, {"trade_id": 850000088, "side": "buy", "size": "0.00019000", "price": "117674.40000000", "time": "2025-07-15T23:38:42.272582Z", "fetched_at": "2025-07-15T23:39:34.148099+00:00", "symbol": "BTC-USD"}, {"trade_id": 850000087, "side": "buy", "size": "0.00091710", "price": "117674.40000000", "time": "2025-07-15T23:38:42.272582Z", "fetched_at": "2025-07-15T23:39:34.148099+00:00", "symbol": "BTC-USD"}, {"trade_id": 850000086, "side": "buy", "size": "0.00005328", "price": "117674.40000000", "time": "2025-07-15T23:38:42.272582Z", "fetched_at": "2025-07-15T23:39:34.148099+00:00", "symbol": "BTC-USD"}, {"trade_id": 850000085, "side": "buy", "size": "0.00005260", "price": "117674.40000000", "time": "2025-07-15T23:38:42.272582Z", "fetched_at": "2025-07-15T23:39:34.148099+00:00", "symbol": "BTC-USD"}, {"trade_id": 850000084, "side": "buy", "size": "0.01979408", "price": "117674.40000000", "time": "2025-07-15T23:38:42.272582Z", "fetched_at": "2025-07-15T23:39:34.148099+00:00", "symbol": "BTC-USD"}, {"trade_id": 850000083, "side": "sell", "size": "0.00072540", "price": "117676.14000000", "time": "2025-07-15T23:38:42.164485Z", "fetched_at": "2025-07-15T23:39:34.148099+00:00", "symbol": "BTC-USD"}, {"trade_id": 850000082, "side": "sell", "size": "0.01247589", "price": "117676.15000000", "time": "2025-07-15T23:38:42.129028Z", "fetched_at": "2025-07-15T23:39:34.148099+00:00", "symbol": "BTC-USD"}, {"trade_id": 850000081, "side": "sell", "size": "0.00259696", "price": "117676.14000000", "time": "2025-07-15T23:38:42.129028Z", "fetched_at": "2025-07-15T23:39:34.148099+00:00", "symbol": "BTC-USD"}, {"trade_id": 850000080, "side": "sell", "size": "0.00849797", "price": "117675.05000000", "time": "2025-07-15T23:38:42.129028Z", "fetched_at": "2025-07-15T23:39:34.148099+00:00", "symbol": "BTC-USD"}, {"trade_id": 850000079, "side": "sell", "size": "0.00001287", "price": "117674.41000000", "time": "2025-07-15T23:38:41.985097Z", "fetched_at": "2025-07-15T23:39:34.148099+00:00", "symbol": "BTC-USD"}, {"trade_id": 850000078, "side": "sell", "size": "0.00165244", "price": "117676.14000000", "time": "2025-07-15T23:38:41.630486Z", "fetched_at": "2025-07-15T23:39:34.148099+00:00", "symbol": "BTC-USD"}, {"trade_id": 850000077, "side": "sell", "size": "0.02894593", "price": "117676.15000000", "time": "2025-07-15T23:38:41.243762Z", "fetched_at": "2025-07-15T23:39:34.148099+00:00", "symbol": "BTC-USD"}, {"trade_id": 850000076, "side": "sell", "size": "0.00384301", "price": "117675.06000000", "time": "2025-07-15T23:38:41.243762Z", "fetched_at": "2025-07-15T23:39:34.148099+00:00", "symbol": "BTC-USD"}, {"trade_id": 850000075, "side": "sell", "size": "0.00000212", "price": "117675.05000000", "time": "2025-07-15T23:38:41.243762Z", "fetched_at": "2025-07-15T23:39:34.148099+00:00", "symbol": "BTC-USD"}, {"trade_id": 850000074, "side": "sell", "size": "0.00001034", "price": "117675.05000000", "time": "2025-07-15T23:38:41.243762Z", "fetched_at": "2025-07-15T23:39:34.148099+00:00", "symbol": "BTC-USD"}, {"trade_id": 850000073, "side": "sell", "size": "0.00848966", "price": "117675.05000000", "time": "2025-07-15T23:38:41.243762Z", "fetched_at": "2025-07-15T23:39:34.148099+00:00", "symbol": "BTC-USD"}, {"trade_id": 850000072, "side": "sell", "size": "0.00001460", "price": "117674.41000000", "time": "2025-07-15T23:38:40.965388Z", "fetched_at": "2025-07-15T23:39:34.148099+00:00", "symbol": "BTC-USD"}, {"trade_id": 850000071, "side": "sell", "size": "0.00000831", "price": "117675.05000000", "time": "2025-07-15T23:38:40.432812Z", "fetched_at": "2025-07-15T23:39:34.148099+00:00", "symbol": "BTC-USD"}, {"trade_id": 850000070, "side": "buy", "size": "0.00380699", "price": "117674.40000000", "time": "2025-07-15T23:38:40.403240Z", "fetched_at": "2025-07-15T23:39:34.148099+00:00", "symbol": "BTC-USD"}, {"trade_id": 850000069, "side": "buy", "size": "0.01120000", "price": "117674.40000000", "time": "2025-07-15T23:38:39.786760Z", "fetched_at": "2025-07-15T23:39:34.148099+00:00", "symbol": "BTC-USD"}, {"trade_id": 850000068, "side": "sell", "size": "0.00001407", "price": "117674.41000000", "time": "2025-07-15T23:38:39.235046Z", "fetched_at": "2025-07-15T23:39:34.148099+00:00", "symbol": "BTC-USD"}, {"trade_id": 850000067, "side": "buy", "size": "0.00003573", "price": "117674.40000000", "time": "2025-07-15T23:38:39.216820Z", "fetched_at": "2025-07-15T23:39:34.148099+00:00", "symbol": "BTC-USD"}, {"trade_id": 850000066, "side": "sell", "size": "0.00040657", "price": "117675.06000000", "time": "2025-07-15T23:38:38.738019Z", "fetched_at": "2025-07-15T23:39:34.148099+00:00", "symbol": "BTC-USD"}, {"trade_id": 850000065, "side": "sell", "size": "0.00001407", "price": "117674.41000000", "time": "2025-07-15T23:38:38.738019Z", "fetched_at": "2025-07-15T23:39:34.148099+00:00", "symbol": "BTC-USD"}, {"trade_id": 850000064, "side": "sell", "size": "0.00106527", "price": "117675.05000000", "time": "2025-07-15T23:38:38.574976Z", "fetched_at": "2025-07-15T23:39:34.148099+00:00", "symbol": "BTC-USD"}, {"trade_id": 850000063, "side": "sell", "size": "0.00001336", "price": "117674.41000000", "time": "2025-07-15T23:38:38.574976Z", "fetched_at": "2025-07-15T23:39:34.148099+00:00", "symbol": "BTC-USD"}, {"trade_id": 850000062, "side": "sell", "size": "0.00039954", "price": "117675.05000000", "time": "2025-07-15T23:38:38.261698Z", "fetched_at": "2025-07-15T23:39:34.148099+00:00", "symbol": "BTC-USD"}, {"trade_id": 850000061, "side": "sell", "size": "0.00001336", "price": "117674.41000000", "time": "2025-07-15T23:38:38.261698Z", "fetched_at": "2025-07-15T23:39:34.148099+00:00", "symbol": "BTC-USD"}, {"trade_id": 850000060, "side": "sell", "size": "0.00001419", "price": "117674.41000000", "time": "2025-07-15T23:38:38.225001Z", "fetched_at": "2025-07-15T23:39:34.148099+00:00", "symbol": "BTC-USD"}, {"trade_id": 850000059, "side": "buy", "size": "0.00016320", "price": "117674.40000000", "time": "2025-07-15T23:38:37.681195Z", "fetched_at": "2025-07-15T23:39:34.148099+00:00", "symbol": "BTC-USD"}, {"trade_id": 850000058, "side": "sell", "size": "0.00001301", "price": "117674.39000000", "time": "2025-07-15T23:38:37.175027Z", "fetched_at": "2025-07-15T23:39:34.148099+00:00", "symbol": "BTC-USD"}, {"trade_id": 850000057, "side": "sell", "size": "0.00000212", "price": "117674.39000000", "time": "2025-07-15T23:38:37.175027Z", "fetched_at": "2025-07-15T23:39:34.148099+00:00", "symbol": "BTC-USD"}, {"trade_id": 850000056, "side": "buy", "size": "0.00002791", "price": "117674.38000000", "time": "2025-07-15T23:38:36.979993Z", "fetched_at": "2025-07-15T23:39:34.148099+00:00", "symbol": "BTC-USD"}, {"trade_id": 850000055, "side": "sell", "size": "0.00021083", "price": "117674.39000000", "time": "2025-07-15T23:38:36.911930Z", "fetched_at": "2025-07-15T23:39:34.148099+00:00", "symbol": "BTC-USD"}, {"trade_id": 850000054, "side": "sell", "size": "0.00001472", "price": "117674.39000000", "time": "2025-07-15T23:38:36.868057Z", "fetched_at": "2025-07-15T23:39:34.148099+00:00", "symbol": "BTC-USD"}, {"trade_id": 850000053, "side": "sell", "size": "0.00206452", "price": "117674.39000000", "time": "2025-07-15T23:38:36.613921Z", "fetched_at": "2025-07-15T23:39:34.148099+00:00", "symbol": "BTC-USD"}, {"trade_id": 850000052, "side": "sell", "size": "0.00209096", "price": "117674.39000000", "time": "2025-07-15T23:38:36.582892Z", "fetched_at": "2025-07-15T23:39:34.148099+00:00", "symbol": "BTC-USD"}, {"trade_id": 850000051, "side": "sell", "size": "0.00000469", "price": "117674.39000000", "time": "2025-07-15T23:38:36.582892Z", "fetched_at": "2025-07-15T23:39:34.148099+00:00", "symbol": "BTC-USD"}, {"trade_id": 850000050, "side": "sell", "size": "0.00000564", "price": "117674.39000000", "time": "2025-07-15T23:38:36.312812Z", "fetched_at": "2025-07-15T23:39:34.148099+00:00", "symbol": "BTC-USD"}, {"trade_id": 850000049, "side": "sell", "size": "0.00000631", "price": "117674.39000000", "time": "2025-07-15T23:38:35.843786Z", "fetched_at": "2025-07-15T23:39:34.148099+00:00", "symbol": "BTC-USD"}, {"trade_id": 850000048, "side": "sell", "size": "0.02519721", "price": "117674.38000000", "time": "2025-07-15T23:38:35.415007Z", "fetched_at": "2025-07-15T23:39:34.148099+00:00", "symbol": "BTC-USD"}, {"trade_id": 850000047, "side": "sell", "size": "0.02506159", "price": "117674.38000000", "time": "2025-07-15T23:38:35.415007Z", "fetched_at": "2025-07-15T23:39:34.148099+00:00", "symbol": "BTC-USD"}, {"trade_id": 850000046, "side": "sell", "size": "0.13230000", "price": "117674.38000000", "time": "2025-07-15T23:38:35.415007Z", "fetched_at": "2025-07-15T23:39:34.148099+00:00", "symbol": "BTC-USD"}, {"trade_id": 850000045, "side": "sell", "size": "0.00849802", "price": "117674.38000000", "time": "2025-07-15T23:38:35.415007Z", "fetched_at": "2025-07-15T23:39:34.148099+00:00", "symbol": "BTC-USD"}, {"trade_id": 850000044, "side": "sell", "size": "0.00001432", "price": "117674.38000000", "time": "2025-07-15T23:38:35.415007Z", "fetched_at": "2025-07-15T23:39:34.148099+00:00", "symbol": "BTC-USD"}, {"trade_id": 850000043, "side": "buy", "size": "0.00090791", "price": "117676.83000000", "time": "2025-07-15T23:38:35.337354Z", "fetched_at": "2025-07-15T23:39:34.148099+00:00", "symbol": "BTC-USD"}, {"trade_id": 850000042, "side": "buy", "size": "0.00002651", "price": "117676.83000000", "time": "2025-07-15T23:38:35.337354Z", "fetched_at": "2025-07-15T23:39:34.148099+00:00", "symbol": "BTC-USD"}, {"trade_id": 850000041, "side": "buy", "size": "0.00030498", "price": "117676.85000000", "time": "2025-07-15T23:38:35.337354Z", "fetched_at": "2025-07-15T23:39:34.148099+00:00", "symbol": "BTC-USD"}, {"trade_id": 850000040, "side": "buy", "size": "0.00642285", "price": "117677.47000000", "time": "2025-07-15T23:38:35.317344Z", "fetched_at": "2025-07-15T23:39:34.148099+00:00", "symbol": "BTC-USD"}, {"trade_id": 850000039, "side": "buy", "size": "0.04257715", "price": "117677.47000000", "time": "2025-07-15T23:38:35.310334Z", "fetched_at": "2025-07-15T23:39:34.148099+00:00", "symbol": "BTC-USD"}, {"trade_id": 850000038, "side": "buy", "size": "0.06742485", "price": "117677.68000000", "time": "2025-07-15T23:38:35.300528Z", "fetched_at": "2025-07-15T23:39:34.148099+00:00", "symbol": "BTC-USD"}, {"trade_id": 850000037, "side": "buy", "size": "0.00421672", "price": "117680.77000000", "time": "2025-07-15T23:38:35.285041Z", "fetched_at": "2025-07-15T23:39:34.148099+00:00", "symbol": "BTC-USD"}, {"trade_id": 850000036, "side": "buy", "size": "0.00335905", "price": "117680.77000000", "time": "2025-07-15T23:38:35.283534Z", "fetched_at": "2025-07-15T23:39:34.148099+00:00", "symbol": "BTC-USD"}, {"trade_id": 850000035, "side": "buy", "size": "0.00092180", "price": "117680.77000000", "time": "2025-07-15T23:38:35.278131Z", "fetched_at": "2025-07-15T23:39:34.148099+00:00", "symbol": "BTC-USD"}, {"trade_id": 850000034, "side": "buy", "size": "0.00030497", "price": "117682.56000000", "time": "2025-07-15T23:38:35.268530Z", "fetched_at": "2025-07-15T23:39:34.148099+00:00", "symbol": "BTC-USD"}, {"trade_id": 850000033, "side": "buy", "size": "0.00090786", "price": "117682.56000000", "time": "2025-07-15T23:38:35.268530Z", "fetched_at": "2025-07-15T23:39:34.148099+00:00", "symbol": "BTC-USD"}, {"trade_id": 850000032, "side": "buy", "size": "0.00002199", "price": "117682.56000000", "time": "2025-07-15T23:38:35.268530Z", "fetched_at": "2025-07-15T23:39:34.148099+00:00", "symbol": "BTC-USD"}, {"trade_id": 850000031, "side": "buy", "size": "0.00002659", "price": "117682.56000000", "time": "2025-07-15T23:38:35.268530Z", "fetched_at": "2025-07-15T23:39:34.148099+00:00", "symbol": "BTC-USD"}, {"trade_id": 850000030, "side": "buy", "size": "0.00005599", "price": "117682.56000000", "time": "2025-07-15T23:38:35.268530Z", "fetched_at": "2025-07-15T23:39:34.148099+00:00", "symbol": "BTC-USD"}, {"trade_id": 850000029, "side": "buy", "size": "0.00000900", "price": "117682.56000000", "time": "2025-07-15T23:38:35.268530Z", "fetched_at": "2025-07-15T23:39:34.148099+00:00", "symbol": "BTC-USD"}, {"trade_id": 850000028, "side": "buy", "size": "0.00005319", "price": "117682.56000000", "time": "2025-07-15T23:38:35.268530Z", "fetched_at": "2025-07-15T23:39:34.148099+00:00", "symbol": "BTC-USD"}, {"trade_id": 850000027, "side": "buy", "size": "0.05380600", "price": "117682.56000000", "time": "2025-07-15T23:38:35.268530Z", "fetched_at": "2025-07-15T23:39:34.148099+00:00", "symbol": "BTC-USD"}, {"trade_id": 850000026, "side": "buy", "size": "0.00010417", "price": "117682.56000000", "time": "2025-07-15T23:38:35.268530Z", "fetched_at": "2025-07-15T23:39:34.148099+00:00", "symbol": "BTC-USD"}, {"trade_id": 850000025, "side": "buy", "size": "0.01688294", "price": "117682.56000000", "time": "2025-07-15T23:38:35.268530Z", "fetched_at": "2025-07-15T23:39:34.148099+00:00", "symbol": "BTC-USD"}, {"trade_id": 850000024, "side": "sell", "size": "0.00004206", "price": "117682.57000000", "time": "2025-07-15T23:38:35.214198Z", "fetched_at": "2025-07-15T23:39:34.148099+00:00", "symbol": "BTC-USD"}, {"trade_id": 850000023, "side": "buy", "size": "0.00000858", "price": "117682.56000000", "time": "2025-07-15T23:38:33.530791Z", "fetched_at": "2025-07-15T23:39:34.148099+00:00", "symbol": "BTC-USD"}, {"trade_id": 850000022, "side": "sell", "size": "0.00058348", "price": "117684.25000000", "time": "2025-07-15T23:38:33.489679Z", "fetched_at": "2025-07-15T23:39:34.148099+00:00", "symbol": "BTC-USD"}, {"trade_id": 850000021, "side": "sell", "size": "0.00022980", "price": "117684.24000000", "time": "2025-07-15T23:38:33.489679Z", "fetched_at": "2025-07-15T23:39:34.148099+00:00", "symbol": "BTC-USD"}, {"trade_id": 850000020, "side": "sell", "size": "0.00000220", "price": "117684.24000000", "time": "2025-07-15T23:38:33.489679Z", "fetched_at": "2025-07-15T23:39:34.148099+00:00", "symbol": "BTC-USD"}, {"trade_id": 850000019, "side": "sell", "size": "0.00001033", "price": "117684.24000000", "time": "2025-07-15T23:38:33.489679Z", "fetched_at": "2025-07-15T23:39:34.148099+00:00", "symbol": "BTC-USD"}, {"trade_id": 850000018, "side": "sell", "size": "0.00024533", "price": "117684.24000000", "time": "2025-07-15T23:38:32.329682Z", "fetched_at": "2025-07-15T23:39:34.148099+00:00", "symbol": "BTC-USD"}, {"trade_id": 850000017, "side": "sell", "size": "0.00017531", "price": "117684.19000000", "time": "2025-07-15T23:38:32.329682Z", "fetched_at": "2025-07-15T23:39:34.148099+00:00", "symbol": "BTC-USD"}, {"trade_id": 850000016, "side": "sell", "size": "0.00046270", "price": "117684.18000000", "time": "2025-07-15T23:38:32.205136Z", "fetched_at": "2025-07-15T23:39:34.148099+00:00", "symbol": "BTC-USD"}, {"trade_id": 850000015, "side": "sell", "size": "0.00002229", "price": "117684.18000000", "time": "2025-07-15T23:38:32.110922Z", "fetched_at": "2025-07-15T23:39:34.148099+00:00", "symbol": "BTC-USD"}, {"trade_id": 850000014, "side": "sell", "size": "0.00040003", "price": "117684.18000000", "time": "2025-07-15T23:38:32.099478Z", "fetched_at": "2025-07-15T23:39:34.148099+00:00", "symbol": "BTC-USD"}, {"trade_id": 850000013, "side": "sell", "size": "0.00511807", "price": "117684.06000000", "time": "2025-07-15T23:38:31.867307Z", "fetched_at": "2025-07-15T23:39:34.148099+00:00", "symbol": "BTC-USD"}, {"trade_id": 850000012, "side": "buy", "size": "0.00531025", "price": "117682.56000000", "time": "2025-07-15T23:38:31.567507Z", "fetched_at": "2025-07-15T23:39:34.148099+00:00", "symbol": "BTC-USD"}, {"trade_id": 850000011, "side": "buy", "size": "0.00679823", "price": "117682.56000000", "time": "2025-07-15T23:38:31.494758Z", "fetched_at": "2025-07-15T23:39:34.148099+00:00", "symbol": "BTC-USD"}, {"trade_id": 850000010, "side": "sell", "size": "0.00037858", "price": "117684.21000000", "time": "2025-07-15T23:38:31.241775Z", "fetched_at": "2025-07-15T23:39:34.148099+00:00", "symbol": "BTC-USD"}, {"trade_id": 850000009, "side": "buy", "size": "0.00424892", "price": "117682.57000000", "time": "2025-07-15T23:38:31.130281Z", "fetched_at": "2025-07-15T23:39:34.148099+00:00", "symbol": "BTC-USD"}, {"trade_id": 850000008, "side": "sell", "size": "0.00123870", "price": "117682.55000000", "time": "2025-07-15T23:38:30.614955Z", "fetched_at": "2025-07-15T23:39:34.148099+00:00", "symbol": "BTC-USD"}, {"trade_id": 850000007, "side": "sell", "size": "0.00025501", "price": "117680.18000000", "time": "2025-07-15T23:38:30.562456Z", "fetched_at": "2025-07-15T23:39:34.148099+00:00", "symbol": "BTC-USD"}, {"trade_id": 850000006, "side": "sell", "size": "0.00014805", "price": "117677.80000000", "time": "2025-07-15T23:38:30.562456Z", "fetched_at": "2025-07-15T23:39:34.148099+00:00", "symbol": "BTC-USD"}, {"trade_id": 850000005, "side": "sell", "size": "0.00288545", "price": "117676.88000000", "time": "2025-07-15T23:38:30.231365Z", "fetched_at": "2025-07-15T23:39:34.148099+00:00", "symbol": "BTC-USD"}, {"trade_id": 850000004, "side": "sell", "size": "0.08500243", "price": "117676.88000000", "time": "2025-07-15T23:38:30.231365Z", "fetched_at": "2025-07-15T23:39:34.148099+00:00", "symbol": "BTC-USD"}, {"trade_id": 850000003, "side": "sell", "size": "0.00412242", "price": "117676.84000000", "time": "2025-07-15T23:38:29.827287Z", "fetched_at": "2025-07-15T23:39:34.148099+00:00", "symbol": "BTC-USD"}, {"trade_id": 850000002, "side": "sell", "size": "0.00000664", "price": "117676.84000000", "time": "2025-07-15T23:38:29.827287Z", "fetched_at": "2025-07-15T23:39:34.148099+00:00", "symbol": "BTC-USD"}, {"trade_id": 850000001, "side": "buy", "size": "0.04990540", "price": "117676.83000000", "time": "2025-07-15T23:38:29.583894Z", "fetched_at": "2025-07-15T23:39:34.148099+00:00", "symbol": "BTC-USD"}, {"trade_id": 850000000, "side": "buy", "size": "0.00128743", "price": "117676.83000000", "time": "2025-07-15T23:38:29.401266Z", "fetched_at": "2025-07-15T23:39:34.148099+00:00", "symbol": "BTC-USD"}, {"trade_id": 849999999, "side": "sell", "size": "0.00082580", "price": "117676.84000000", "time": "2025-07-15T23:38:29.122748Z", "fetched_at": "2025-07-15T23:39:34.148099+00:00", "symbol": "BTC-USD"}, {"trade_id": 849999998, "side": "sell", "size": "0.00008205", "price": "117676.84000000", "time": "2025-07-15T23:38:28.736721Z", "fetched_at": "2025-07-15T23:39:34.148099+00:00", "symbol": "BTC-USD"}, {"trade_id": 849999997, "side": "buy", "size": "0.00000850", "price": "117676.83000000", "time": "2025-07-15T23:38:27.868075Z", "fetched_at": "2025-07-15T23:39:34.148099+00:00", "symbol": "BTC-USD"}, {"trade_id": 849999996, "side": "buy", "size": "0.00812232", "price": "117671.88000000", "time": "2025-07-15T23:38:26.761600Z", "fetched_at": "2025-07-15T23:39:34.148099+00:00", "symbol": "BTC-USD"}, {"trade_id": 849999995, "side": "sell", "size": "0.00040085", "price": "117676.87000000", "time": "2025-07-15T23:38:26.729364Z", "fetched_at": "2025-07-15T23:39:34.148099+00:00", "symbol": "BTC-USD"}, {"trade_id": 849999994, "side": "sell", "size": "0.00000212", "price": "117676.87000000", "time": "2025-07-15T23:38:26.729364Z", "fetched_at": "2025-07-15T23:39:34.148099+00:00", "symbol": "BTC-USD"}, {"trade_id": 849999993, "side": "sell", "size": "0.00849820", "price": "117671.89000000", "time": "2025-07-15T23:38:26.705121Z", "fetched_at": "2025-07-15T23:39:34.148099+00:00", "symbol": "BTC-USD"}, {"trade_id": 849999992, "side": "sell", "size": "0.00161203", "price": "117676.87000000", "time": "2025-07-15T23:38:26.110049Z", "fetched_at": "2025-07-15T23:39:34.148099+00:00", "symbol": "BTC-USD"}, {"trade_id": 849999991, "side": "sell", "size": "0.00041291", "price": "117676.87000000", "time": "2025-07-15T23:38:26.072537Z", "fetched_at": "2025-07-15T23:39:34.148099+00:00", "symbol": "BTC-USD"}, {"trade_id": 849999990, "side": "buy", "size": "0.00044285", "price": "117671.86000000", "time": "2025-07-15T23:38:25.823782Z", "fetched_at": "2025-07-15T23:39:34.148099+00:00", "symbol": "BTC-USD"}, {"trade_id": 849999989, "side": "buy", "size": "0.00006000", "price": "117671.86000000", "time": "2025-07-15T23:38:25.823782Z", "fetched_at": "2025-07-15T23:39:34.148099+00:00", "symbol": "BTC-USD"}, {"trade_id": 849999988, "side": "buy", "size": "0.00030483", "price": "117671.86000000", "time": "2025-07-15T23:38:25.823782Z", "fetched_at": "2025-07-15T23:39:34.148099+00:00", "symbol": "BTC-USD"}, {"trade_id": 849999987, "side": "sell", "size": "0.00001034", "price": "117671.87000000", "time": "2025-07-15T23:38:25.664879Z", "fetched_at": "2025-07-15T23:39:34.148099+00:00", "symbol": "BTC-USD"}, {"trade_id": 849999986, "side": "sell", "size": "0.00849820", "price": "117671.87000000", "time": "2025-07-15T23:38:25.664879Z", "fetched_at": "2025-07-15T23:39:34.148099+00:00", "symbol": "BTC-USD"}, {"trade_id": 849999985, "side": "sell", "size": "0.00000832", "price": "117676.86000000", "time": "2025-07-15T23:38:25.406507Z", "fetched_at": "2025-07-15T23:39:34.148099+00:00", "symbol": "BTC-USD"}, {"trade_id": 849999984, "side": "sell", "size": "0.00495497", "price": "117676.89000000", "time": "2025-07-15T23:38:25.126287Z", "fetched_at": "2025-07-15T23:39:34.148099+00:00", "symbol": "BTC-USD"}, {"trade_id": 849999983, "side": "buy", "size": "0.04149093", "price": "117676.22000000", "time": "2025-07-15T23:38:25.064789Z", "fetched_at": "2025-07-15T23:39:34.148099+00:00", "symbol": "BTC-USD"}, {"trade_id": 849999982, "side": "sell", "size": "0.00027758", "price": "117675.91000000", "time": "2025-07-15T23:38:25.060175Z", "fetched_at": "2025-07-15T23:39:34.148099+00:00", "symbol": "BTC-USD"}, {"trade_id": 849999981, "side": "sell", "size": "0.00849807", "price": "117673.72000000", "time": "2025-07-15T23:38:25.060175Z", "fetched_at": "2025-07-15T23:39:34.148099+00:00", "symbol": "BTC-USD"}, {"trade_id": 849999980, "side": "sell", "size": "0.01442722", "price": "117671.98000000", "time": "2025-07-15T23:38:25.060175Z", "fetched_at": "2025-07-15T23:39:34.148099+00:00", "symbol": "BTC-USD"}