[{"trade_id": 850144989, "side": "sell", "size": "0.00395459", "price": "118174.03000000", "time": "2025-07-16T07:46:29.789999Z", "fetched_at": "2025-07-16T07:46:31.072270+00:00", "symbol": "BTC-USD"}, {"trade_id": 850144988, "side": "sell", "size": "0.00009309", "price": "118174.03000000", "time": "2025-07-16T07:46:29.789999Z", "fetched_at": "2025-07-16T07:46:31.072270+00:00", "symbol": "BTC-USD"}, {"trade_id": 850144987, "side": "sell", "size": "0.00097831", "price": "118174.03000000", "time": "2025-07-16T07:46:29.789999Z", "fetched_at": "2025-07-16T07:46:31.072270+00:00", "symbol": "BTC-USD"}, {"trade_id": 850144986, "side": "buy", "size": "0.00200000", "price": "118174.02000000", "time": "2025-07-16T07:46:29.404136Z", "fetched_at": "2025-07-16T07:46:31.072270+00:00", "symbol": "BTC-USD"}, {"trade_id": 850144985, "side": "sell", "size": "0.00023040", "price": "118174.03000000", "time": "2025-07-16T07:46:28.875001Z", "fetched_at": "2025-07-16T07:46:31.072270+00:00", "symbol": "BTC-USD"}, {"trade_id": 850144984, "side": "sell", "size": "0.00032892", "price": "118174.03000000", "time": "2025-07-16T07:46:28.748688Z", "fetched_at": "2025-07-16T07:46:31.072270+00:00", "symbol": "BTC-USD"}, {"trade_id": 850144983, "side": "sell", "size": "0.00016758", "price": "118174.03000000", "time": "2025-07-16T07:46:28.510136Z", "fetched_at": "2025-07-16T07:46:31.072270+00:00", "symbol": "BTC-USD"}, {"trade_id": 850144982, "side": "sell", "size": "0.00006702", "price": "118174.03000000", "time": "2025-07-16T07:46:27.905984Z", "fetched_at": "2025-07-16T07:46:31.072270+00:00", "symbol": "BTC-USD"}, {"trade_id": 850144981, "side": "buy", "size": "0.00001564", "price": "118174.02000000", "time": "2025-07-16T07:46:27.631735Z", "fetched_at": "2025-07-16T07:46:31.072270+00:00", "symbol": "BTC-USD"}, {"trade_id": 850144980, "side": "sell", "size": "0.00078977", "price": "118174.03000000", "time": "2025-07-16T07:46:27.367698Z", "fetched_at": "2025-07-16T07:46:31.072270+00:00", "symbol": "BTC-USD"}, {"trade_id": 850144979, "side": "sell", "size": "0.00001293", "price": "118174.03000000", "time": "2025-07-16T07:46:27.367698Z", "fetched_at": "2025-07-16T07:46:31.072270+00:00", "symbol": "BTC-USD"}, {"trade_id": 850144978, "side": "sell", "size": "0.01096520", "price": "118174.03000000", "time": "2025-07-16T07:46:26.717704Z", "fetched_at": "2025-07-16T07:46:31.072270+00:00", "symbol": "BTC-USD"}, {"trade_id": 850144977, "side": "sell", "size": "0.00846209", "price": "118174.03000000", "time": "2025-07-16T07:46:26.717704Z", "fetched_at": "2025-07-16T07:46:31.072270+00:00", "symbol": "BTC-USD"}, {"trade_id": 850144976, "side": "sell", "size": "0.00009309", "price": "118174.03000000", "time": "2025-07-16T07:46:26.717704Z", "fetched_at": "2025-07-16T07:46:31.072270+00:00", "symbol": "BTC-USD"}, {"trade_id": 850144975, "side": "sell", "size": "0.00044910", "price": "118174.03000000", "time": "2025-07-16T07:46:26.717704Z", "fetched_at": "2025-07-16T07:46:31.072270+00:00", "symbol": "BTC-USD"}, {"trade_id": 850144974, "side": "sell", "size": "0.00041125", "price": "118174.03000000", "time": "2025-07-16T07:46:26.590344Z", "fetched_at": "2025-07-16T07:46:31.072270+00:00", "symbol": "BTC-USD"}, {"trade_id": 850144973, "side": "sell", "size": "0.00016758", "price": "118174.03000000", "time": "2025-07-16T07:46:26.286612Z", "fetched_at": "2025-07-16T07:46:31.072270+00:00", "symbol": "BTC-USD"}, {"trade_id": 850144972, "side": "sell", "size": "0.00041125", "price": "118174.03000000", "time": "2025-07-16T07:46:26.281717Z", "fetched_at": "2025-07-16T07:46:31.072270+00:00", "symbol": "BTC-USD"}, {"trade_id": 850144971, "side": "sell", "size": "0.00008379", "price": "118174.03000000", "time": "2025-07-16T07:46:26.073162Z", "fetched_at": "2025-07-16T07:46:31.072270+00:00", "symbol": "BTC-USD"}, {"trade_id": 850144970, "side": "sell", "size": "0.00000628", "price": "118174.03000000", "time": "2025-07-16T07:46:25.469452Z", "fetched_at": "2025-07-16T07:46:31.072270+00:00", "symbol": "BTC-USD"}, {"trade_id": 850144969, "side": "sell", "size": "0.00008170", "price": "118174.03000000", "time": "2025-07-16T07:46:25.215759Z", "fetched_at": "2025-07-16T07:46:31.072270+00:00", "symbol": "BTC-USD"}, {"trade_id": 850144968, "side": "sell", "size": "0.00041119", "price": "118174.03000000", "time": "2025-07-16T07:46:25.097566Z", "fetched_at": "2025-07-16T07:46:31.072270+00:00", "symbol": "BTC-USD"}, {"trade_id": 850144967, "side": "sell", "size": "0.00041119", "price": "118174.03000000", "time": "2025-07-16T07:46:24.946321Z", "fetched_at": "2025-07-16T07:46:31.072270+00:00", "symbol": "BTC-USD"}, {"trade_id": 850144966, "side": "sell", "size": "0.00000628", "price": "118174.03000000", "time": "2025-07-16T07:46:24.760997Z", "fetched_at": "2025-07-16T07:46:31.072270+00:00", "symbol": "BTC-USD"}, {"trade_id": 850144965, "side": "sell", "size": "0.00082239", "price": "118174.03000000", "time": "2025-07-16T07:46:24.718657Z", "fetched_at": "2025-07-16T07:46:31.072270+00:00", "symbol": "BTC-USD"}, {"trade_id": 850144964, "side": "sell", "size": "0.00164513", "price": "118174.03000000", "time": "2025-07-16T07:46:24.133781Z", "fetched_at": "2025-07-16T07:46:31.072270+00:00", "symbol": "BTC-USD"}, {"trade_id": 850144963, "side": "sell", "size": "0.00012025", "price": "118174.03000000", "time": "2025-07-16T07:46:24.023745Z", "fetched_at": "2025-07-16T07:46:31.072270+00:00", "symbol": "BTC-USD"}, {"trade_id": 850144962, "side": "sell", "size": "0.00000016", "price": "118174.03000000", "time": "2025-07-16T07:46:24.023745Z", "fetched_at": "2025-07-16T07:46:31.072270+00:00", "symbol": "BTC-USD"}, {"trade_id": 850144961, "side": "sell", "size": "0.06197205", "price": "118169.92000000", "time": "2025-07-16T07:46:23.805988Z", "fetched_at": "2025-07-16T07:46:31.072270+00:00", "symbol": "BTC-USD"}, {"trade_id": 850144960, "side": "sell", "size": "0.02538730", "price": "118169.33000000", "time": "2025-07-16T07:46:23.805988Z", "fetched_at": "2025-07-16T07:46:31.072270+00:00", "symbol": "BTC-USD"}, {"trade_id": 850144959, "side": "sell", "size": "0.03513831", "price": "118167.65000000", "time": "2025-07-16T07:46:23.800415Z", "fetched_at": "2025-07-16T07:46:31.072270+00:00", "symbol": "BTC-USD"}, {"trade_id": 850144958, "side": "sell", "size": "0.01486169", "price": "118167.65000000", "time": "2025-07-16T07:46:23.800213Z", "fetched_at": "2025-07-16T07:46:31.072270+00:00", "symbol": "BTC-USD"}, {"trade_id": 850144957, "side": "sell", "size": "0.05000000", "price": "118167.60000000", "time": "2025-07-16T07:46:23.800213Z", "fetched_at": "2025-07-16T07:46:31.072270+00:00", "symbol": "BTC-USD"}, {"trade_id": 850144956, "side": "sell", "size": "0.00009309", "price": "118167.56000000", "time": "2025-07-16T07:46:23.800213Z", "fetched_at": "2025-07-16T07:46:31.072270+00:00", "symbol": "BTC-USD"}, {"trade_id": 850144955, "side": "sell", "size": "0.30000000", "price": "118167.56000000", "time": "2025-07-16T07:46:23.800213Z", "fetched_at": "2025-07-16T07:46:31.072270+00:00", "symbol": "BTC-USD"}, {"trade_id": 850144954, "side": "sell", "size": "0.00846255", "price": "118167.56000000", "time": "2025-07-16T07:46:23.800213Z", "fetched_at": "2025-07-16T07:46:31.072270+00:00", "symbol": "BTC-USD"}, {"trade_id": 850144953, "side": "sell", "size": "0.00000774", "price": "118167.56000000", "time": "2025-07-16T07:46:23.800213Z", "fetched_at": "2025-07-16T07:46:31.072270+00:00", "symbol": "BTC-USD"}, {"trade_id": 850144952, "side": "sell", "size": "0.00099169", "price": "118167.56000000", "time": "2025-07-16T07:46:23.800213Z", "fetched_at": "2025-07-16T07:46:31.072270+00:00", "symbol": "BTC-USD"}, {"trade_id": 850144951, "side": "sell", "size": "0.00004347", "price": "118167.56000000", "time": "2025-07-16T07:46:23.065798Z", "fetched_at": "2025-07-16T07:46:31.072270+00:00", "symbol": "BTC-USD"}, {"trade_id": 850144950, "side": "sell", "size": "0.00016756", "price": "118167.56000000", "time": "2025-07-16T07:46:21.452867Z", "fetched_at": "2025-07-16T07:46:31.072270+00:00", "symbol": "BTC-USD"}, {"trade_id": 850144949, "side": "sell", "size": "0.00152448", "price": "118167.56000000", "time": "2025-07-16T07:46:20.273820Z", "fetched_at": "2025-07-16T07:46:31.072270+00:00", "symbol": "BTC-USD"}, {"trade_id": 850144948, "side": "sell", "size": "0.01790687", "price": "118167.88000000", "time": "2025-07-16T07:46:19.329287Z", "fetched_at": "2025-07-16T07:46:31.072270+00:00", "symbol": "BTC-USD"}, {"trade_id": 850144947, "side": "sell", "size": "0.00002067", "price": "118167.56000000", "time": "2025-07-16T07:46:19.329287Z", "fetched_at": "2025-07-16T07:46:31.072270+00:00", "symbol": "BTC-USD"}, {"trade_id": 850144946, "side": "sell", "size": "0.00000643", "price": "118167.56000000", "time": "2025-07-16T07:46:19.329287Z", "fetched_at": "2025-07-16T07:46:31.072270+00:00", "symbol": "BTC-USD"}, {"trade_id": 850144945, "side": "sell", "size": "0.00846255", "price": "118167.56000000", "time": "2025-07-16T07:46:19.329287Z", "fetched_at": "2025-07-16T07:46:31.072270+00:00", "symbol": "BTC-USD"}, {"trade_id": 850144944, "side": "sell", "size": "0.00302120", "price": "118167.56000000", "time": "2025-07-16T07:46:19.329287Z", "fetched_at": "2025-07-16T07:46:31.072270+00:00", "symbol": "BTC-USD"}, {"trade_id": 850144943, "side": "sell", "size": "0.00009311", "price": "118167.56000000", "time": "2025-07-16T07:46:19.329287Z", "fetched_at": "2025-07-16T07:46:31.072270+00:00", "symbol": "BTC-USD"}, {"trade_id": 850144942, "side": "buy", "size": "0.00085457", "price": "118167.55000000", "time": "2025-07-16T07:46:18.903038Z", "fetched_at": "2025-07-16T07:46:31.072270+00:00", "symbol": "BTC-USD"}, {"trade_id": 850144941, "side": "sell", "size": "0.00331875", "price": "118166.83000000", "time": "2025-07-16T07:46:18.601103Z", "fetched_at": "2025-07-16T07:46:31.072270+00:00", "symbol": "BTC-USD"}, {"trade_id": 850144940, "side": "sell", "size": "0.00274400", "price": "118166.82000000", "time": "2025-07-16T07:46:18.601103Z", "fetched_at": "2025-07-16T07:46:31.072270+00:00", "symbol": "BTC-USD"}, {"trade_id": 850144939, "side": "sell", "size": "0.00846261", "price": "118166.82000000", "time": "2025-07-16T07:46:18.601103Z", "fetched_at": "2025-07-16T07:46:31.072270+00:00", "symbol": "BTC-USD"}, {"trade_id": 850144938, "side": "sell", "size": "0.00009311", "price": "118166.82000000", "time": "2025-07-16T07:46:18.601103Z", "fetched_at": "2025-07-16T07:46:31.072270+00:00", "symbol": "BTC-USD"}, {"trade_id": 850144937, "side": "sell", "size": "0.00175310", "price": "118162.34000000", "time": "2025-07-16T07:46:18.547998Z", "fetched_at": "2025-07-16T07:46:31.072270+00:00", "symbol": "BTC-USD"}, {"trade_id": 850144936, "side": "sell", "size": "0.00846293", "price": "118162.34000000", "time": "2025-07-16T07:46:18.547998Z", "fetched_at": "2025-07-16T07:46:31.072270+00:00", "symbol": "BTC-USD"}, {"trade_id": 850144935, "side": "sell", "size": "0.00009311", "price": "118159.50000000", "time": "2025-07-16T07:46:18.280546Z", "fetched_at": "2025-07-16T07:46:31.072270+00:00", "symbol": "BTC-USD"}, {"trade_id": 850144934, "side": "sell", "size": "0.00302120", "price": "118159.50000000", "time": "2025-07-16T07:46:18.280546Z", "fetched_at": "2025-07-16T07:46:31.072270+00:00", "symbol": "BTC-USD"}, {"trade_id": 850144933, "side": "sell", "size": "0.00846313", "price": "118159.50000000", "time": "2025-07-16T07:46:18.280546Z", "fetched_at": "2025-07-16T07:46:31.072270+00:00", "symbol": "BTC-USD"}, {"trade_id": 850144932, "side": "sell", "size": "0.07836000", "price": "118159.50000000", "time": "2025-07-16T07:46:18.179858Z", "fetched_at": "2025-07-16T07:46:31.072270+00:00", "symbol": "BTC-USD"}, {"trade_id": 850144931, "side": "sell", "size": "0.02540294", "price": "118155.77000000", "time": "2025-07-16T07:46:18.175623Z", "fetched_at": "2025-07-16T07:46:31.072270+00:00", "symbol": "BTC-USD"}, {"trade_id": 850144930, "side": "sell", "size": "0.03812317", "price": "118153.76000000", "time": "2025-07-16T07:46:18.174829Z", "fetched_at": "2025-07-16T07:46:31.072270+00:00", "symbol": "BTC-USD"}, {"trade_id": 850144929, "side": "sell", "size": "0.01187683", "price": "118153.76000000", "time": "2025-07-16T07:46:18.174611Z", "fetched_at": "2025-07-16T07:46:31.072270+00:00", "symbol": "BTC-USD"}, {"trade_id": 850144928, "side": "sell", "size": "0.06399675", "price": "118153.40000000", "time": "2025-07-16T07:46:18.174611Z", "fetched_at": "2025-07-16T07:46:31.072270+00:00", "symbol": "BTC-USD"}, {"trade_id": 850144927, "side": "sell", "size": "0.00001033", "price": "118150.74000000", "time": "2025-07-16T07:46:18.174357Z", "fetched_at": "2025-07-16T07:46:31.072270+00:00", "symbol": "BTC-USD"}, {"trade_id": 850144926, "side": "sell", "size": "0.00000423", "price": "118150.74000000", "time": "2025-07-16T07:46:18.174357Z", "fetched_at": "2025-07-16T07:46:31.072270+00:00", "symbol": "BTC-USD"}, {"trade_id": 850144925, "side": "sell", "size": "0.05000000", "price": "118150.30000000", "time": "2025-07-16T07:46:18.174357Z", "fetched_at": "2025-07-16T07:46:31.072270+00:00", "symbol": "BTC-USD"}, {"trade_id": 850144924, "side": "sell", "size": "0.05000000", "price": "118150.25000000", "time": "2025-07-16T07:46:18.174357Z", "fetched_at": "2025-07-16T07:46:31.072270+00:00", "symbol": "BTC-USD"}, {"trade_id": 850144923, "side": "sell", "size": "0.00846380", "price": "118150.21000000", "time": "2025-07-16T07:46:18.174357Z", "fetched_at": "2025-07-16T07:46:31.072270+00:00", "symbol": "BTC-USD"}, {"trade_id": 850144922, "side": "sell", "size": "0.00009310", "price": "118150.21000000", "time": "2025-07-16T07:46:18.174357Z", "fetched_at": "2025-07-16T07:46:31.072270+00:00", "symbol": "BTC-USD"}, {"trade_id": 850144921, "side": "sell", "size": "0.00232400", "price": "118150.21000000", "time": "2025-07-16T07:46:18.174357Z", "fetched_at": "2025-07-16T07:46:31.072270+00:00", "symbol": "BTC-USD"}, {"trade_id": 850144920, "side": "sell", "size": "0.00313159", "price": "118150.21000000", "time": "2025-07-16T07:46:18.174357Z", "fetched_at": "2025-07-16T07:46:31.072270+00:00", "symbol": "BTC-USD"}, {"trade_id": 850144919, "side": "buy", "size": "0.00068481", "price": "118150.20000000", "time": "2025-07-16T07:46:17.723005Z", "fetched_at": "2025-07-16T07:46:31.072270+00:00", "symbol": "BTC-USD"}, {"trade_id": 850144918, "side": "sell", "size": "0.08466777", "price": "118144.07000000", "time": "2025-07-16T07:46:17.475896Z", "fetched_at": "2025-07-16T07:46:31.072270+00:00", "symbol": "BTC-USD"}, {"trade_id": 850144917, "side": "sell", "size": "0.00261315", "price": "118144.07000000", "time": "2025-07-16T07:46:17.475896Z", "fetched_at": "2025-07-16T07:46:31.072270+00:00", "symbol": "BTC-USD"}, {"trade_id": 850144916, "side": "sell", "size": "0.04508718", "price": "118143.96000000", "time": "2025-07-16T07:46:17.475896Z", "fetched_at": "2025-07-16T07:46:31.072270+00:00", "symbol": "BTC-USD"}, {"trade_id": 850144915, "side": "sell", "size": "0.02539314", "price": "118142.15000000", "time": "2025-07-16T07:46:17.449862Z", "fetched_at": "2025-07-16T07:46:31.072270+00:00", "symbol": "BTC-USD"}, {"trade_id": 850144914, "side": "sell", "size": "0.08466551", "price": "118140.51000000", "time": "2025-07-16T07:46:17.444700Z", "fetched_at": "2025-07-16T07:46:31.072270+00:00", "symbol": "BTC-USD"}, {"trade_id": 850144913, "side": "sell", "size": "0.00261315", "price": "118140.51000000", "time": "2025-07-16T07:46:17.444700Z", "fetched_at": "2025-07-16T07:46:31.072270+00:00", "symbol": "BTC-USD"}, {"trade_id": 850144912, "side": "sell", "size": "0.05000000", "price": "118140.45000000", "time": "2025-07-16T07:46:17.444700Z", "fetched_at": "2025-07-16T07:46:31.072270+00:00", "symbol": "BTC-USD"}, {"trade_id": 850144911, "side": "sell", "size": "0.05000000", "price": "118140.40000000", "time": "2025-07-16T07:46:17.444700Z", "fetched_at": "2025-07-16T07:46:31.072270+00:00", "symbol": "BTC-USD"}, {"trade_id": 850144910, "side": "sell", "size": "0.03114647", "price": "118140.38000000", "time": "2025-07-16T07:46:17.444700Z", "fetched_at": "2025-07-16T07:46:31.072270+00:00", "symbol": "BTC-USD"}, {"trade_id": 850144909, "side": "sell", "size": "0.03030186", "price": "118140.38000000", "time": "2025-07-16T07:46:17.444700Z", "fetched_at": "2025-07-16T07:46:31.072270+00:00", "symbol": "BTC-USD"}, {"trade_id": 850144908, "side": "sell", "size": "0.00246120", "price": "118140.38000000", "time": "2025-07-16T07:46:17.444700Z", "fetched_at": "2025-07-16T07:46:31.072270+00:00", "symbol": "BTC-USD"}, {"trade_id": 850144907, "side": "sell", "size": "0.00009310", "price": "118140.38000000", "time": "2025-07-16T07:46:17.444700Z", "fetched_at": "2025-07-16T07:46:31.072270+00:00", "symbol": "BTC-USD"}, {"trade_id": 850144906, "side": "buy", "size": "0.00000158", "price": "118140.37000000", "time": "2025-07-16T07:46:16.893712Z", "fetched_at": "2025-07-16T07:46:31.072270+00:00", "symbol": "BTC-USD"}, {"trade_id": 850144905, "side": "buy", "size": "0.00041842", "price": "118150.20000000", "time": "2025-07-16T07:46:16.893712Z", "fetched_at": "2025-07-16T07:46:31.072270+00:00", "symbol": "BTC-USD"}, {"trade_id": 850144904, "side": "buy", "size": "0.00041848", "price": "118150.20000000", "time": "2025-07-16T07:46:16.893676Z", "fetched_at": "2025-07-16T07:46:31.072270+00:00", "symbol": "BTC-USD"}, {"trade_id": 850144903, "side": "buy", "size": "0.00000152", "price": "118150.20000000", "time": "2025-07-16T07:46:16.893676Z", "fetched_at": "2025-07-16T07:46:31.072270+00:00", "symbol": "BTC-USD"}, {"trade_id": 850144902, "side": "buy", "size": "0.01079226", "price": "118150.20000000", "time": "2025-07-16T07:46:16.893353Z", "fetched_at": "2025-07-16T07:46:31.072270+00:00", "symbol": "BTC-USD"}, {"trade_id": 850144901, "side": "buy", "size": "0.00749267", "price": "118150.20000000", "time": "2025-07-16T07:46:16.893334Z", "fetched_at": "2025-07-16T07:46:31.072270+00:00", "symbol": "BTC-USD"}, {"trade_id": 850144900, "side": "buy", "size": "0.01276079", "price": "118150.20000000", "time": "2025-07-16T07:46:16.893334Z", "fetched_at": "2025-07-16T07:46:31.072270+00:00", "symbol": "BTC-USD"}, {"trade_id": 850144899, "side": "buy", "size": "0.00746465", "price": "118150.20000000", "time": "2025-07-16T07:46:16.893321Z", "fetched_at": "2025-07-16T07:46:31.072270+00:00", "symbol": "BTC-USD"}, {"trade_id": 850144898, "side": "buy", "size": "0.00042000", "price": "118150.20000000", "time": "2025-07-16T07:46:16.893118Z", "fetched_at": "2025-07-16T07:46:31.072270+00:00", "symbol": "BTC-USD"}, {"trade_id": 850144897, "side": "buy", "size": "0.00042000", "price": "118150.20000000", "time": "2025-07-16T07:46:16.892905Z", "fetched_at": "2025-07-16T07:46:31.072270+00:00", "symbol": "BTC-USD"}, {"trade_id": 850144896, "side": "buy", "size": "0.00008771", "price": "118150.20000000", "time": "2025-07-16T07:46:16.871237Z", "fetched_at": "2025-07-16T07:46:31.072270+00:00", "symbol": "BTC-USD"}, {"trade_id": 850144895, "side": "buy", "size": "0.00001000", "price": "118157.27000000", "time": "2025-07-16T07:46:14.895471Z", "fetched_at": "2025-07-16T07:46:31.072270+00:00", "symbol": "BTC-USD"}, {"trade_id": 850144894, "side": "buy", "size": "0.00000575", "price": "118157.76000000", "time": "2025-07-16T07:46:14.895471Z", "fetched_at": "2025-07-16T07:46:31.072270+00:00", "symbol": "BTC-USD"}, {"trade_id": 850144893, "side": "buy", "size": "0.02047204", "price": "118166.15000000", "time": "2025-07-16T07:46:14.871033Z", "fetched_at": "2025-07-16T07:46:31.072270+00:00", "symbol": "BTC-USD"}, {"trade_id": 850144892, "side": "buy", "size": "0.01386236", "price": "118166.15000000", "time": "2025-07-16T07:46:14.870760Z", "fetched_at": "2025-07-16T07:46:31.072270+00:00", "symbol": "BTC-USD"}, {"trade_id": 850144891, "side": "buy", "size": "0.03683607", "price": "118166.15000000", "time": "2025-07-16T07:46:14.870703Z", "fetched_at": "2025-07-16T07:46:31.072270+00:00", "symbol": "BTC-USD"}, {"trade_id": 850144890, "side": "buy", "size": "0.02149000", "price": "118166.15000000", "time": "2025-07-16T07:46:14.862872Z", "fetched_at": "2025-07-16T07:46:31.072270+00:00", "symbol": "BTC-USD"}, {"trade_id": 850144889, "side": "buy", "size": "0.00465000", "price": "118166.15000000", "time": "2025-07-16T07:46:14.850388Z", "fetched_at": "2025-07-16T07:46:31.072270+00:00", "symbol": "BTC-USD"}, {"trade_id": 850144888, "side": "buy", "size": "0.00268952", "price": "118166.15000000", "time": "2025-07-16T07:46:14.849468Z", "fetched_at": "2025-07-16T07:46:31.072270+00:00", "symbol": "BTC-USD"}, {"trade_id": 850144887, "side": "buy", "size": "0.00940048", "price": "118166.15000000", "time": "2025-07-16T07:46:14.849468Z", "fetched_at": "2025-07-16T07:46:31.072270+00:00", "symbol": "BTC-USD"}, {"trade_id": 850144886, "side": "buy", "size": "0.02700000", "price": "118166.15000000", "time": "2025-07-16T07:46:14.847128Z", "fetched_at": "2025-07-16T07:46:31.072270+00:00", "symbol": "BTC-USD"}, {"trade_id": 850144885, "side": "buy", "size": "0.02464237", "price": "118166.15000000", "time": "2025-07-16T07:46:14.842774Z", "fetched_at": "2025-07-16T07:46:31.072270+00:00", "symbol": "BTC-USD"}, {"trade_id": 850144884, "side": "sell", "size": "0.02000000", "price": "118166.15000000", "time": "2025-07-16T07:46:14.841762Z", "fetched_at": "2025-07-16T07:46:31.072270+00:00", "symbol": "BTC-USD"}, {"trade_id": 850144883, "side": "sell", "size": "0.01895713", "price": "118166.15000000", "time": "2025-07-16T07:46:14.841762Z", "fetched_at": "2025-07-16T07:46:31.072270+00:00", "symbol": "BTC-USD"}, {"trade_id": 850144882, "side": "sell", "size": "0.09990689", "price": "118166.15000000", "time": "2025-07-16T07:46:14.841149Z", "fetched_at": "2025-07-16T07:46:31.072270+00:00", "symbol": "BTC-USD"}, {"trade_id": 850144881, "side": "sell", "size": "0.00009309", "price": "118157.77000000", "time": "2025-07-16T07:46:14.841149Z", "fetched_at": "2025-07-16T07:46:31.072270+00:00", "symbol": "BTC-USD"}, {"trade_id": 850144880, "side": "buy", "size": "0.00042000", "price": "118157.76000000", "time": "2025-07-16T07:46:14.829930Z", "fetched_at": "2025-07-16T07:46:31.072270+00:00", "symbol": "BTC-USD"}, {"trade_id": 850144879, "side": "buy", "size": "0.00042000", "price": "118157.76000000", "time": "2025-07-16T07:46:14.829285Z", "fetched_at": "2025-07-16T07:46:31.072270+00:00", "symbol": "BTC-USD"}, {"trade_id": 850144878, "side": "buy", "size": "0.00042000", "price": "118157.76000000", "time": "2025-07-16T07:46:14.829118Z", "fetched_at": "2025-07-16T07:46:31.072270+00:00", "symbol": "BTC-USD"}, {"trade_id": 850144877, "side": "buy", "size": "0.00001000", "price": "118166.14000000", "time": "2025-07-16T07:46:14.828735Z", "fetched_at": "2025-07-16T07:46:31.072270+00:00", "symbol": "BTC-USD"}, {"trade_id": 850144876, "side": "buy", "size": "0.00134285", "price": "118166.15000000", "time": "2025-07-16T07:46:14.828725Z", "fetched_at": "2025-07-16T07:46:31.072270+00:00", "symbol": "BTC-USD"}, {"trade_id": 850144875, "side": "buy", "size": "0.03434463", "price": "118166.15000000", "time": "2025-07-16T07:46:14.828725Z", "fetched_at": "2025-07-16T07:46:31.072270+00:00", "symbol": "BTC-USD"}, {"trade_id": 850144874, "side": "buy", "size": "0.06565536", "price": "118166.15000000", "time": "2025-07-16T07:46:14.828550Z", "fetched_at": "2025-07-16T07:46:31.072270+00:00", "symbol": "BTC-USD"}, {"trade_id": 850144873, "side": "buy", "size": "0.00000203", "price": "118166.15000000", "time": "2025-07-16T07:46:14.828550Z", "fetched_at": "2025-07-16T07:46:31.072270+00:00", "symbol": "BTC-USD"}, {"trade_id": 850144872, "side": "buy", "size": "0.00000575", "price": "118166.15000000", "time": "2025-07-16T07:46:14.828550Z", "fetched_at": "2025-07-16T07:46:31.072270+00:00", "symbol": "BTC-USD"}, {"trade_id": 850144871, "side": "buy", "size": "0.00000900", "price": "118166.15000000", "time": "2025-07-16T07:46:14.828550Z", "fetched_at": "2025-07-16T07:46:31.072270+00:00", "symbol": "BTC-USD"}, {"trade_id": 850144870, "side": "buy", "size": "0.09999998", "price": "118166.15000000", "time": "2025-07-16T07:46:14.828550Z", "fetched_at": "2025-07-16T07:46:31.072270+00:00", "symbol": "BTC-USD"}, {"trade_id": 850144869, "side": "buy", "size": "0.06644862", "price": "118166.15000000", "time": "2025-07-16T07:46:14.828550Z", "fetched_at": "2025-07-16T07:46:31.072270+00:00", "symbol": "BTC-USD"}, {"trade_id": 850144868, "side": "buy", "size": "0.03355136", "price": "118166.15000000", "time": "2025-07-16T07:46:14.828540Z", "fetched_at": "2025-07-16T07:46:31.072270+00:00", "symbol": "BTC-USD"}, {"trade_id": 850144867, "side": "buy", "size": "0.00378452", "price": "118166.15000000", "time": "2025-07-16T07:46:12.261750Z", "fetched_at": "2025-07-16T07:46:31.072270+00:00", "symbol": "BTC-USD"}, {"trade_id": 850144866, "side": "buy", "size": "0.00000999", "price": "118166.15000000", "time": "2025-07-16T07:46:11.048823Z", "fetched_at": "2025-07-16T07:46:31.072270+00:00", "symbol": "BTC-USD"}, {"trade_id": 850144865, "side": "buy", "size": "0.00506176", "price": "118166.15000000", "time": "2025-07-16T07:46:11.048823Z", "fetched_at": "2025-07-16T07:46:31.072270+00:00", "symbol": "BTC-USD"}, {"trade_id": 850144864, "side": "buy", "size": "0.02591575", "price": "118185.26000000", "time": "2025-07-16T07:46:10.646011Z", "fetched_at": "2025-07-16T07:46:31.072270+00:00", "symbol": "BTC-USD"}, {"trade_id": 850144863, "side": "buy", "size": "0.00963043", "price": "118185.26000000", "time": "2025-07-16T07:46:10.645962Z", "fetched_at": "2025-07-16T07:46:31.072270+00:00", "symbol": "BTC-USD"}, {"trade_id": 850144862, "side": "buy", "size": "0.05541603", "price": "118185.26000000", "time": "2025-07-16T07:46:10.645948Z", "fetched_at": "2025-07-16T07:46:31.072270+00:00", "symbol": "BTC-USD"}, {"trade_id": 850144861, "side": "buy", "size": "0.00903777", "price": "118185.26000000", "time": "2025-07-16T07:46:10.645603Z", "fetched_at": "2025-07-16T07:46:31.072270+00:00", "symbol": "BTC-USD"}, {"trade_id": 850144860, "side": "buy", "size": "0.04637826", "price": "118185.26000000", "time": "2025-07-16T07:46:10.645603Z", "fetched_at": "2025-07-16T07:46:31.072270+00:00", "symbol": "BTC-USD"}, {"trade_id": 850144859, "side": "buy", "size": "0.00903777", "price": "118185.26000000", "time": "2025-07-16T07:46:10.638230Z", "fetched_at": "2025-07-16T07:46:31.072270+00:00", "symbol": "BTC-USD"}, {"trade_id": 850144858, "side": "sell", "size": "0.00000975", "price": "118182.55000000", "time": "2025-07-16T07:46:10.632295Z", "fetched_at": "2025-07-16T07:46:31.072270+00:00", "symbol": "BTC-USD"}, {"trade_id": 850144857, "side": "sell", "size": "0.04457421", "price": "118180.37000000", "time": "2025-07-16T07:46:10.632295Z", "fetched_at": "2025-07-16T07:46:31.072270+00:00", "symbol": "BTC-USD"}, {"trade_id": 850144856, "side": "buy", "size": "0.01113680", "price": "118185.26000000", "time": "2025-07-16T07:46:10.628595Z", "fetched_at": "2025-07-16T07:46:31.072270+00:00", "symbol": "BTC-USD"}, {"trade_id": 850144855, "side": "buy", "size": "0.01471814", "price": "118185.26000000", "time": "2025-07-16T07:46:10.626893Z", "fetched_at": "2025-07-16T07:46:31.072270+00:00", "symbol": "BTC-USD"}, {"trade_id": 850144854, "side": "buy", "size": "0.00396746", "price": "118185.26000000", "time": "2025-07-16T07:46:10.626353Z", "fetched_at": "2025-07-16T07:46:31.072270+00:00", "symbol": "BTC-USD"}, {"trade_id": 850144853, "side": "buy", "size": "0.04796950", "price": "118185.26000000", "time": "2025-07-16T07:46:10.626212Z", "fetched_at": "2025-07-16T07:46:31.072270+00:00", "symbol": "BTC-USD"}, {"trade_id": 850144852, "side": "buy", "size": "0.00568037", "price": "118185.26000000", "time": "2025-07-16T07:46:10.624717Z", "fetched_at": "2025-07-16T07:46:31.072270+00:00", "symbol": "BTC-USD"}, {"trade_id": 850144851, "side": "sell", "size": "0.01652771", "price": "118185.26000000", "time": "2025-07-16T07:46:10.618668Z", "fetched_at": "2025-07-16T07:46:31.072270+00:00", "symbol": "BTC-USD"}, {"trade_id": 850144850, "side": "sell", "size": "0.01056229", "price": "118185.26000000", "time": "2025-07-16T07:46:10.617719Z", "fetched_at": "2025-07-16T07:46:31.072270+00:00", "symbol": "BTC-USD"}, {"trade_id": 850144849, "side": "sell", "size": "0.00846200", "price": "118185.26000000", "time": "2025-07-16T07:46:10.617719Z", "fetched_at": "2025-07-16T07:46:31.072270+00:00", "symbol": "BTC-USD"}, {"trade_id": 850144848, "side": "sell", "size": "0.02491331", "price": "118185.22000000", "time": "2025-07-16T07:46:10.617719Z", "fetched_at": "2025-07-16T07:46:31.072270+00:00", "symbol": "BTC-USD"}, {"trade_id": 850144847, "side": "sell", "size": "0.05606238", "price": "118180.38000000", "time": "2025-07-16T07:46:10.617719Z", "fetched_at": "2025-07-16T07:46:31.072270+00:00", "symbol": "BTC-USD"}, {"trade_id": 850144846, "side": "sell", "size": "0.07623762", "price": "118180.38000000", "time": "2025-07-16T07:46:10.617626Z", "fetched_at": "2025-07-16T07:46:31.072270+00:00", "symbol": "BTC-USD"}, {"trade_id": 850144845, "side": "sell", "size": "0.00250825", "price": "118180.37000000", "time": "2025-07-16T07:46:10.617626Z", "fetched_at": "2025-07-16T07:46:31.072270+00:00", "symbol": "BTC-USD"}, {"trade_id": 850144844, "side": "sell", "size": "0.00125412", "price": "118180.37000000", "time": "2025-07-16T07:46:10.617626Z", "fetched_at": "2025-07-16T07:46:31.072270+00:00", "symbol": "BTC-USD"}, {"trade_id": 850144843, "side": "sell", "size": "0.02000000", "price": "118180.37000000", "time": "2025-07-16T07:46:10.617626Z", "fetched_at": "2025-07-16T07:46:31.072270+00:00", "symbol": "BTC-USD"}, {"trade_id": 850144842, "side": "buy", "size": "0.02181203", "price": "118171.73000000", "time": "2025-07-16T07:46:10.608795Z", "fetched_at": "2025-07-16T07:46:31.072270+00:00", "symbol": "BTC-USD"}, {"trade_id": 850144841, "side": "buy", "size": "0.00042000", "price": "118171.73000000", "time": "2025-07-16T07:46:10.608770Z", "fetched_at": "2025-07-16T07:46:31.072270+00:00", "symbol": "BTC-USD"}, {"trade_id": 850144840, "side": "buy", "size": "0.00042000", "price": "118171.73000000", "time": "2025-07-16T07:46:10.608672Z", "fetched_at": "2025-07-16T07:46:31.072270+00:00", "symbol": "BTC-USD"}, {"trade_id": 850144839, "side": "buy", "size": "0.00001000", "price": "118175.01000000", "time": "2025-07-16T07:46:10.608497Z", "fetched_at": "2025-07-16T07:46:31.072270+00:00", "symbol": "BTC-USD"}, {"trade_id": 850144838, "side": "buy", "size": "0.01106345", "price": "118177.30000000", "time": "2025-07-16T07:46:10.608476Z", "fetched_at": "2025-07-16T07:46:31.072270+00:00", "symbol": "BTC-USD"}, {"trade_id": 850144837, "side": "buy", "size": "0.01126400", "price": "118177.30000000", "time": "2025-07-16T07:46:10.608319Z", "fetched_at": "2025-07-16T07:46:31.072270+00:00", "symbol": "BTC-USD"}, {"trade_id": 850144836, "side": "buy", "size": "0.00402360", "price": "118177.30000000", "time": "2025-07-16T07:46:10.608126Z", "fetched_at": "2025-07-16T07:46:31.072270+00:00", "symbol": "BTC-USD"}, {"trade_id": 850144835, "side": "buy", "size": "0.00553272", "price": "118177.30000000", "time": "2025-07-16T07:46:10.608052Z", "fetched_at": "2025-07-16T07:46:31.072270+00:00", "symbol": "BTC-USD"}, {"trade_id": 850144834, "side": "buy", "size": "0.00516825", "price": "118177.30000000", "time": "2025-07-16T07:46:10.607951Z", "fetched_at": "2025-07-16T07:46:31.072270+00:00", "symbol": "BTC-USD"}, {"trade_id": 850144833, "side": "buy", "size": "0.00794798", "price": "118177.30000000", "time": "2025-07-16T07:46:10.607609Z", "fetched_at": "2025-07-16T07:46:31.072270+00:00", "symbol": "BTC-USD"}, {"trade_id": 850144832, "side": "buy", "size": "0.00042294", "price": "118183.41000000", "time": "2025-07-16T07:46:10.607609Z", "fetched_at": "2025-07-16T07:46:31.072270+00:00", "symbol": "BTC-USD"}, {"trade_id": 850144831, "side": "buy", "size": "0.00901871", "price": "118185.24000000", "time": "2025-07-16T07:46:10.607609Z", "fetched_at": "2025-07-16T07:46:31.072270+00:00", "symbol": "BTC-USD"}, {"trade_id": 850144830, "side": "buy", "size": "0.00520950", "price": "118185.25000000", "time": "2025-07-16T07:46:10.607609Z", "fetched_at": "2025-07-16T07:46:31.072270+00:00", "symbol": "BTC-USD"}, {"trade_id": 850144829, "side": "buy", "size": "0.00560940", "price": "118185.25000000", "time": "2025-07-16T07:46:10.607044Z", "fetched_at": "2025-07-16T07:46:31.072270+00:00", "symbol": "BTC-USD"}, {"trade_id": 850144828, "side": "buy", "size": "0.02533488", "price": "118185.25000000", "time": "2025-07-16T07:46:10.606865Z", "fetched_at": "2025-07-16T07:46:31.072270+00:00", "symbol": "BTC-USD"}, {"trade_id": 850144827, "side": "buy", "size": "0.04281062", "price": "118185.25000000", "time": "2025-07-16T07:46:10.606577Z", "fetched_at": "2025-07-16T07:46:31.072270+00:00", "symbol": "BTC-USD"}, {"trade_id": 850144826, "side": "buy", "size": "0.02103558", "price": "118185.25000000", "time": "2025-07-16T07:46:10.606366Z", "fetched_at": "2025-07-16T07:46:31.072270+00:00", "symbol": "BTC-USD"}, {"trade_id": 850144825, "side": "buy", "size": "0.00137916", "price": "118185.65000000", "time": "2025-07-16T07:46:10.606277Z", "fetched_at": "2025-07-16T07:46:31.072270+00:00", "symbol": "BTC-USD"}, {"trade_id": 850144824, "side": "buy", "size": "0.00145284", "price": "118185.65000000", "time": "2025-07-16T07:46:10.606112Z", "fetched_at": "2025-07-16T07:46:31.072270+00:00", "symbol": "BTC-USD"}, {"trade_id": 850144823, "side": "buy", "size": "0.00000084", "price": "118185.65000000", "time": "2025-07-16T07:46:10.606112Z", "fetched_at": "2025-07-16T07:46:31.072270+00:00", "symbol": "BTC-USD"}, {"trade_id": 850144822, "side": "buy", "size": "0.00000355", "price": "118185.65000000", "time": "2025-07-16T07:46:10.606112Z", "fetched_at": "2025-07-16T07:46:31.072270+00:00", "symbol": "BTC-USD"}, {"trade_id": 850144821, "side": "buy", "size": "0.00134263", "price": "118185.65000000", "time": "2025-07-16T07:46:10.606112Z", "fetched_at": "2025-07-16T07:46:31.072270+00:00", "symbol": "BTC-USD"}, {"trade_id": 850144820, "side": "buy", "size": "0.09999998", "price": "118185.65000000", "time": "2025-07-16T07:46:10.606112Z", "fetched_at": "2025-07-16T07:46:31.072270+00:00", "symbol": "BTC-USD"}, {"trade_id": 850144819, "side": "buy", "size": "0.05042831", "price": "118185.65000000", "time": "2025-07-16T07:46:10.606112Z", "fetched_at": "2025-07-16T07:46:31.072270+00:00", "symbol": "BTC-USD"}, {"trade_id": 850144818, "side": "buy", "size": "0.01465115", "price": "118185.65000000", "time": "2025-07-16T07:46:10.605961Z", "fetched_at": "2025-07-16T07:46:31.072270+00:00", "symbol": "BTC-USD"}, {"trade_id": 850144817, "side": "buy", "size": "0.00533094", "price": "118185.65000000", "time": "2025-07-16T07:46:10.605890Z", "fetched_at": "2025-07-16T07:46:31.072270+00:00", "symbol": "BTC-USD"}, {"trade_id": 850144816, "side": "buy", "size": "0.02958959", "price": "118185.65000000", "time": "2025-07-16T07:46:10.547902Z", "fetched_at": "2025-07-16T07:46:31.072270+00:00", "symbol": "BTC-USD"}, {"trade_id": 850144815, "side": "buy", "size": "0.04941939", "price": "118185.65000000", "time": "2025-07-16T07:46:10.547902Z", "fetched_at": "2025-07-16T07:46:31.072270+00:00", "symbol": "BTC-USD"}, {"trade_id": 850144814, "side": "buy", "size": "0.00800000", "price": "118185.65000000", "time": "2025-07-16T07:46:09.304454Z", "fetched_at": "2025-07-16T07:46:31.072270+00:00", "symbol": "BTC-USD"}, {"trade_id": 850144813, "side": "buy", "size": "0.02606000", "price": "118185.65000000", "time": "2025-07-16T07:46:09.293743Z", "fetched_at": "2025-07-16T07:46:31.072270+00:00", "symbol": "BTC-USD"}, {"trade_id": 850144812, "side": "sell", "size": "0.00421886", "price": "118185.66000000", "time": "2025-07-16T07:46:08.615496Z", "fetched_at": "2025-07-16T07:46:31.072270+00:00", "symbol": "BTC-USD"}, {"trade_id": 850144811, "side": "buy", "size": "0.01652059", "price": "118185.65000000", "time": "2025-07-16T07:46:08.010901Z", "fetched_at": "2025-07-16T07:46:31.072270+00:00", "symbol": "BTC-USD"}, {"trade_id": 850144810, "side": "buy", "size": "0.00000592", "price": "118188.02000000", "time": "2025-07-16T07:46:08.010901Z", "fetched_at": "2025-07-16T07:46:31.072270+00:00", "symbol": "BTC-USD"}, {"trade_id": 850144809, "side": "buy", "size": "0.00000900", "price": "118188.02000000", "time": "2025-07-16T07:46:08.010901Z", "fetched_at": "2025-07-16T07:46:31.072270+00:00", "symbol": "BTC-USD"}, {"trade_id": 850144808, "side": "buy", "size": "0.00001117", "price": "118188.02000000", "time": "2025-07-16T07:46:08.010901Z", "fetched_at": "2025-07-16T07:46:31.072270+00:00", "symbol": "BTC-USD"}, {"trade_id": 850144807, "side": "buy", "size": "0.00123200", "price": "118188.02000000", "time": "2025-07-16T07:46:08.010901Z", "fetched_at": "2025-07-16T07:46:31.072270+00:00", "symbol": "BTC-USD"}, {"trade_id": 850144806, "side": "buy", "size": "0.00000236", "price": "118188.02000000", "time": "2025-07-16T07:46:08.010901Z", "fetched_at": "2025-07-16T07:46:31.072270+00:00", "symbol": "BTC-USD"}, {"trade_id": 850144805, "side": "buy", "size": "0.00000346", "price": "118188.02000000", "time": "2025-07-16T07:46:08.010901Z", "fetched_at": "2025-07-16T07:46:31.072270+00:00", "symbol": "BTC-USD"}, {"trade_id": 850144804, "side": "buy", "size": "0.00400900", "price": "118188.02000000", "time": "2025-07-16T07:46:08.010901Z", "fetched_at": "2025-07-16T07:46:31.072270+00:00", "symbol": "BTC-USD"}, {"trade_id": 850144803, "side": "sell", "size": "0.00001700", "price": "118188.03000000", "time": "2025-07-16T07:46:06.997066Z", "fetched_at": "2025-07-16T07:46:31.072270+00:00", "symbol": "BTC-USD"}, {"trade_id": 850144802, "side": "sell", "size": "0.00347681", "price": "118190.53000000", "time": "2025-07-16T07:46:06.025175Z", "fetched_at": "2025-07-16T07:46:31.072270+00:00", "symbol": "BTC-USD"}, {"trade_id": 850144801, "side": "sell", "size": "0.00004442", "price": "118188.19000000", "time": "2025-07-16T07:46:06.025175Z", "fetched_at": "2025-07-16T07:46:31.072270+00:00", "symbol": "BTC-USD"}, {"trade_id": 850144800, "side": "sell", "size": "0.00022737", "price": "118188.19000000", "time": "2025-07-16T07:46:06.025175Z", "fetched_at": "2025-07-16T07:46:31.072270+00:00", "symbol": "BTC-USD"}, {"trade_id": 850144799, "side": "sell", "size": "0.00293440", "price": "118188.19000000", "time": "2025-07-16T07:46:06.025175Z", "fetched_at": "2025-07-16T07:46:31.072270+00:00", "symbol": "BTC-USD"}, {"trade_id": 850144798, "side": "buy", "size": "0.00227205", "price": "118190.53000000", "time": "2025-07-16T07:46:05.950109Z", "fetched_at": "2025-07-16T07:46:31.072270+00:00", "symbol": "BTC-USD"}, {"trade_id": 850144797, "side": "buy", "size": "0.00829505", "price": "118190.53000000", "time": "2025-07-16T07:46:05.950109Z", "fetched_at": "2025-07-16T07:46:31.072270+00:00", "symbol": "BTC-USD"}, {"trade_id": 850144796, "side": "buy", "size": "0.02820000", "price": "118190.53000000", "time": "2025-07-16T07:46:05.949219Z", "fetched_at": "2025-07-16T07:46:31.072270+00:00", "symbol": "BTC-USD"}, {"trade_id": 850144795, "side": "buy", "size": "0.00580000", "price": "118190.53000000", "time": "2025-07-16T07:46:05.944882Z", "fetched_at": "2025-07-16T07:46:31.072270+00:00", "symbol": "BTC-USD"}, {"trade_id": 850144794, "side": "sell", "size": "0.09999998", "price": "118200.42000000", "time": "2025-07-16T07:46:05.805772Z", "fetched_at": "2025-07-16T07:46:31.072270+00:00", "symbol": "BTC-USD"}, {"trade_id": 850144793, "side": "sell", "size": "0.06769997", "price": "118200.42000000", "time": "2025-07-16T07:46:05.804801Z", "fetched_at": "2025-07-16T07:46:31.072270+00:00", "symbol": "BTC-USD"}, {"trade_id": 850144792, "side": "sell", "size": "0.03230001", "price": "118192.47000000", "time": "2025-07-16T07:46:05.804801Z", "fetched_at": "2025-07-16T07:46:31.072270+00:00", "symbol": "BTC-USD"}, {"trade_id": 850144791, "side": "sell", "size": "0.09999999", "price": "118192.47000000", "time": "2025-07-16T07:46:05.803536Z", "fetched_at": "2025-07-16T07:46:31.072270+00:00", "symbol": "BTC-USD"}, {"trade_id": 850144790, "side": "sell", "size": "0.00989717", "price": "118212.79000000", "time": "2025-07-16T07:46:05.785766Z", "fetched_at": "2025-07-16T07:46:31.072270+00:00", "symbol": "BTC-USD"}, {"trade_id": 850144789, "side": "sell", "size": "0.02000000", "price": "118212.41000000", "time": "2025-07-16T07:46:05.785766Z", "fetched_at": "2025-07-16T07:46:31.072270+00:00", "symbol": "BTC-USD"}, {"trade_id": 850144788, "side": "sell", "size": "0.00000969", "price": "118212.24000000", "time": "2025-07-16T07:46:05.785766Z", "fetched_at": "2025-07-16T07:46:31.072270+00:00", "symbol": "BTC-USD"}, {"trade_id": 850144787, "side": "sell", "size": "0.07009312", "price": "118209.84000000", "time": "2025-07-16T07:46:05.785766Z", "fetched_at": "2025-07-16T07:46:31.072270+00:00", "symbol": "BTC-USD"}, {"trade_id": 850144786, "side": "sell", "size": "0.00826688", "price": "118209.84000000", "time": "2025-07-16T07:46:05.785380Z", "fetched_at": "2025-07-16T07:46:31.072270+00:00", "symbol": "BTC-USD"}, {"trade_id": 850144785, "side": "sell", "size": "0.09173310", "price": "118208.43000000", "time": "2025-07-16T07:46:05.785380Z", "fetched_at": "2025-07-16T07:46:31.072270+00:00", "symbol": "BTC-USD"}, {"trade_id": 850144784, "side": "sell", "size": "0.04056690", "price": "118208.43000000", "time": "2025-07-16T07:46:05.784726Z", "fetched_at": "2025-07-16T07:46:31.072270+00:00", "symbol": "BTC-USD"}, {"trade_id": 850144783, "side": "sell", "size": "0.02824259", "price": "118208.33000000", "time": "2025-07-16T07:46:05.784726Z", "fetched_at": "2025-07-16T07:46:31.072270+00:00", "symbol": "BTC-USD"}, {"trade_id": 850144782, "side": "sell", "size": "0.00001050", "price": "118196.28000000", "time": "2025-07-16T07:46:05.784726Z", "fetched_at": "2025-07-16T07:46:31.072270+00:00", "symbol": "BTC-USD"}, {"trade_id": 850144781, "side": "sell", "size": "0.03118000", "price": "118192.76000000", "time": "2025-07-16T07:46:05.784726Z", "fetched_at": "2025-07-16T07:46:31.072270+00:00", "symbol": "BTC-USD"}, {"trade_id": 850144780, "side": "buy", "size": "0.00041000", "price": "118191.70000000", "time": "2025-07-16T07:46:05.777176Z", "fetched_at": "2025-07-16T07:46:31.072270+00:00", "symbol": "BTC-USD"}, {"trade_id": 850144779, "side": "buy", "size": "0.00001000", "price": "118192.75000000", "time": "2025-07-16T07:46:05.777176Z", "fetched_at": "2025-07-16T07:46:31.072270+00:00", "symbol": "BTC-USD"}, {"trade_id": 850144778, "side": "buy", "size": "0.01328283", "price": "118199.72000000", "time": "2025-07-16T07:46:05.776868Z", "fetched_at": "2025-07-16T07:46:31.072270+00:00", "symbol": "BTC-USD"}, {"trade_id": 850144777, "side": "buy", "size": "0.00042000", "price": "118199.72000000", "time": "2025-07-16T07:46:05.776481Z", "fetched_at": "2025-07-16T07:46:31.072270+00:00", "symbol": "BTC-USD"}, {"trade_id": 850144776, "side": "buy", "size": "0.00042000", "price": "118199.72000000", "time": "2025-07-16T07:46:05.776069Z", "fetched_at": "2025-07-16T07:46:31.072270+00:00", "symbol": "BTC-USD"}, {"trade_id": 850144775, "side": "buy", "size": "0.00712071", "price": "118199.72000000", "time": "2025-07-16T07:46:05.775445Z", "fetched_at": "2025-07-16T07:46:31.072270+00:00", "symbol": "BTC-USD"}, {"trade_id": 850144774, "side": "buy", "size": "0.02675646", "price": "118199.72000000", "time": "2025-07-16T07:46:05.775147Z", "fetched_at": "2025-07-16T07:46:31.072270+00:00", "symbol": "BTC-USD"}, {"trade_id": 850144773, "side": "buy", "size": "0.02124354", "price": "118208.42000000", "time": "2025-07-16T07:46:05.775147Z", "fetched_at": "2025-07-16T07:46:31.072270+00:00", "symbol": "BTC-USD"}, {"trade_id": 850144772, "side": "buy", "size": "0.02575646", "price": "118208.42000000", "time": "2025-07-16T07:46:05.774019Z", "fetched_at": "2025-07-16T07:46:31.072270+00:00", "symbol": "BTC-USD"}, {"trade_id": 850144771, "side": "buy", "size": "0.01710929", "price": "118213.59000000", "time": "2025-07-16T07:46:05.774019Z", "fetched_at": "2025-07-16T07:46:31.072270+00:00", "symbol": "BTC-USD"}, {"trade_id": 850144770, "side": "buy", "size": "0.00413425", "price": "118213.59000000", "time": "2025-07-16T07:46:05.773884Z", "fetched_at": "2025-07-16T07:46:31.072270+00:00", "symbol": "BTC-USD"}, {"trade_id": 850144769, "side": "buy", "size": "0.00413425", "price": "118213.59000000", "time": "2025-07-16T07:46:05.773812Z", "fetched_at": "2025-07-16T07:46:31.072270+00:00", "symbol": "BTC-USD"}, {"trade_id": 850144768, "side": "buy", "size": "0.04267268", "price": "118215.36000000", "time": "2025-07-16T07:46:05.773553Z", "fetched_at": "2025-07-16T07:46:31.072270+00:00", "symbol": "BTC-USD"}, {"trade_id": 850144767, "side": "buy", "size": "0.01832176", "price": "118215.36000000", "time": "2025-07-16T07:46:05.773456Z", "fetched_at": "2025-07-16T07:46:31.072270+00:00", "symbol": "BTC-USD"}, {"trade_id": 850144766, "side": "buy", "size": "0.01252326", "price": "118215.36000000", "time": "2025-07-16T07:46:05.773299Z", "fetched_at": "2025-07-16T07:46:31.072270+00:00", "symbol": "BTC-USD"}, {"trade_id": 850144765, "side": "buy", "size": "0.02648228", "price": "118215.36000000", "time": "2025-07-16T07:46:05.773257Z", "fetched_at": "2025-07-16T07:46:31.072270+00:00", "symbol": "BTC-USD"}, {"trade_id": 850144764, "side": "buy", "size": "0.04346057", "price": "118215.36000000", "time": "2025-07-16T07:46:05.773257Z", "fetched_at": "2025-07-16T07:46:31.072270+00:00", "symbol": "BTC-USD"}, {"trade_id": 850144763, "side": "buy", "size": "0.04597436", "price": "118215.36000000", "time": "2025-07-16T07:46:05.773245Z", "fetched_at": "2025-07-16T07:46:31.072270+00:00", "symbol": "BTC-USD"}, {"trade_id": 850144762, "side": "buy", "size": "0.01056505", "price": "118215.36000000", "time": "2025-07-16T07:46:05.773222Z", "fetched_at": "2025-07-16T07:46:31.072270+00:00", "symbol": "BTC-USD"}, {"trade_id": 850144761, "side": "buy", "size": "0.09999999", "price": "118215.36000000", "time": "2025-07-16T07:46:05.773222Z", "fetched_at": "2025-07-16T07:46:31.072270+00:00", "symbol": "BTC-USD"}, {"trade_id": 850144760, "side": "sell", "size": "0.03000000", "price": "118215.35000000", "time": "2025-07-16T07:46:05.546885Z", "fetched_at": "2025-07-16T07:46:31.072270+00:00", "symbol": "BTC-USD"}, {"trade_id": 850144759, "side": "sell", "size": "0.00034000", "price": "118214.48000000", "time": "2025-07-16T07:46:05.546885Z", "fetched_at": "2025-07-16T07:46:31.072270+00:00", "symbol": "BTC-USD"}, {"trade_id": 850144758, "side": "sell", "size": "0.00845900", "price": "118214.38000000", "time": "2025-07-16T07:46:05.546885Z", "fetched_at": "2025-07-16T07:46:31.072270+00:00", "symbol": "BTC-USD"}, {"trade_id": 850144757, "side": "sell", "size": "0.00002297", "price": "118214.38000000", "time": "2025-07-16T07:46:05.546885Z", "fetched_at": "2025-07-16T07:46:31.072270+00:00", "symbol": "BTC-USD"}, {"trade_id": 850144756, "side": "buy", "size": "0.02537742", "price": "118215.35000000", "time": "2025-07-16T07:46:05.536037Z", "fetched_at": "2025-07-16T07:46:31.072270+00:00", "symbol": "BTC-USD"}, {"trade_id": 850144755, "side": "buy", "size": "0.00134227", "price": "118217.12000000", "time": "2025-07-16T07:46:05.534860Z", "fetched_at": "2025-07-16T07:46:31.072270+00:00", "symbol": "BTC-USD"}, {"trade_id": 850144754, "side": "buy", "size": "0.01863500", "price": "118217.12000000", "time": "2025-07-16T07:46:05.534860Z", "fetched_at": "2025-07-16T07:46:31.072270+00:00", "symbol": "BTC-USD"}, {"trade_id": 850144753, "side": "buy", "size": "0.00000431", "price": "118217.12000000", "time": "2025-07-16T07:46:05.534860Z", "fetched_at": "2025-07-16T07:46:31.072270+00:00", "symbol": "BTC-USD"}, {"trade_id": 850144752, "side": "buy", "size": "0.00015657", "price": "118217.12000000", "time": "2025-07-16T07:46:05.534860Z", "fetched_at": "2025-07-16T07:46:31.072270+00:00", "symbol": "BTC-USD"}, {"trade_id": 850144751, "side": "buy", "size": "0.00002791", "price": "118217.12000000", "time": "2025-07-16T07:46:05.534860Z", "fetched_at": "2025-07-16T07:46:31.072270+00:00", "symbol": "BTC-USD"}, {"trade_id": 850144750, "side": "buy", "size": "0.00000938", "price": "118217.12000000", "time": "2025-07-16T07:46:05.534860Z", "fetched_at": "2025-07-16T07:46:31.072270+00:00", "symbol": "BTC-USD"}, {"trade_id": 850144749, "side": "buy", "size": "0.04900000", "price": "118217.12000000", "time": "2025-07-16T07:46:05.534860Z", "fetched_at": "2025-07-16T07:46:31.072270+00:00", "symbol": "BTC-USD"}, {"trade_id": 850144748, "side": "buy", "size": "0.00003786", "price": "118217.12000000", "time": "2025-07-16T07:46:05.534860Z", "fetched_at": "2025-07-16T07:46:31.072270+00:00", "symbol": "BTC-USD"}, {"trade_id": 850144747, "side": "buy", "size": "0.08007538", "price": "118217.12000000", "time": "2025-07-16T07:46:05.534860Z", "fetched_at": "2025-07-16T07:46:31.072270+00:00", "symbol": "BTC-USD"}, {"trade_id": 850144746, "side": "buy", "size": "0.01456660", "price": "118217.12000000", "time": "2025-07-16T07:46:05.534860Z", "fetched_at": "2025-07-16T07:46:31.072270+00:00", "symbol": "BTC-USD"}, {"trade_id": 850144745, "side": "buy", "size": "0.03084966", "price": "118217.12000000", "time": "2025-07-16T07:46:05.534860Z", "fetched_at": "2025-07-16T07:46:31.072270+00:00", "symbol": "BTC-USD"}, {"trade_id": 850144744, "side": "buy", "size": "0.01226594", "price": "118217.12000000", "time": "2025-07-16T07:46:05.534719Z", "fetched_at": "2025-07-16T07:46:31.072270+00:00", "symbol": "BTC-USD"}, {"trade_id": 850144743, "side": "buy", "size": "0.03454999", "price": "118217.12000000", "time": "2025-07-16T07:46:05.498727Z", "fetched_at": "2025-07-16T07:46:31.072270+00:00", "symbol": "BTC-USD"}, {"trade_id": 850144742, "side": "buy", "size": "0.00014380", "price": "118217.12000000", "time": "2025-07-16T07:46:04.554492Z", "fetched_at": "2025-07-16T07:46:31.072270+00:00", "symbol": "BTC-USD"}, {"trade_id": 850144741, "side": "sell", "size": "0.00000821", "price": "118217.13000000", "time": "2025-07-16T07:46:04.551Z", "fetched_at": "2025-07-16T07:46:31.072270+00:00", "symbol": "BTC-USD"}, {"trade_id": 850144740, "side": "sell", "size": "0.00008214", "price": "118217.13000000", "time": "2025-07-16T07:46:03.973613Z", "fetched_at": "2025-07-16T07:46:31.072270+00:00", "symbol": "BTC-USD"}, {"trade_id": 850144739, "side": "buy", "size": "0.01965910", "price": "118217.12000000", "time": "2025-07-16T07:46:03.012876Z", "fetched_at": "2025-07-16T07:46:31.072270+00:00", "symbol": "BTC-USD"}, {"trade_id": 850144738, "side": "sell", "size": "0.00025123", "price": "118217.13000000", "time": "2025-07-16T07:46:01.953968Z", "fetched_at": "2025-07-16T07:46:31.072270+00:00", "symbol": "BTC-USD"}, {"trade_id": 850144737, "side": "sell", "size": "0.00001591", "price": "118217.13000000", "time": "2025-07-16T07:46:01.749245Z", "fetched_at": "2025-07-16T07:46:31.072270+00:00", "symbol": "BTC-USD"}, {"trade_id": 850144736, "side": "buy", "size": "0.00016962", "price": "118217.12000000", "time": "2025-07-16T07:46:01.269146Z", "fetched_at": "2025-07-16T07:46:31.072270+00:00", "symbol": "BTC-USD"}, {"trade_id": 850144735, "side": "sell", "size": "0.00000352", "price": "118217.13000000", "time": "2025-07-16T07:45:59.790478Z", "fetched_at": "2025-07-16T07:46:31.072270+00:00", "symbol": "BTC-USD"}, {"trade_id": 850144734, "side": "sell", "size": "0.00003063", "price": "118210.71000000", "time": "2025-07-16T07:45:58.869124Z", "fetched_at": "2025-07-16T07:46:31.072270+00:00", "symbol": "BTC-USD"}, {"trade_id": 850144733, "side": "buy", "size": "0.06992122", "price": "118185.75000000", "time": "2025-07-16T07:45:58.855626Z", "fetched_at": "2025-07-16T07:46:31.072270+00:00", "symbol": "BTC-USD"}, {"trade_id": 850144732, "side": "buy", "size": "0.02160682", "price": "118186.11000000", "time": "2025-07-16T07:45:58.855626Z", "fetched_at": "2025-07-16T07:46:31.072270+00:00", "symbol": "BTC-USD"}, {"trade_id": 850144731, "side": "buy", "size": "0.13230000", "price": "118186.83000000", "time": "2025-07-16T07:45:58.855626Z", "fetched_at": "2025-07-16T07:46:31.072270+00:00", "symbol": "BTC-USD"}, {"trade_id": 850144730, "side": "buy", "size": "0.01691685", "price": "118187.19000000", "time": "2025-07-16T07:45:58.855626Z", "fetched_at": "2025-07-16T07:46:31.072270+00:00", "symbol": "BTC-USD"}, {"trade_id": 850144729, "side": "buy", "size": "0.02114647", "price": "118187.53000000", "time": "2025-07-16T07:45:58.855626Z", "fetched_at": "2025-07-16T07:46:31.072270+00:00", "symbol": "BTC-USD"}, {"trade_id": 850144728, "side": "buy", "size": "0.37855594", "price": "118188.01000000", "time": "2025-07-16T07:45:58.855626Z", "fetched_at": "2025-07-16T07:46:31.072270+00:00", "symbol": "BTC-USD"}, {"trade_id": 850144727, "side": "buy", "size": "0.00846106", "price": "118188.41000000", "time": "2025-07-16T07:45:58.855626Z", "fetched_at": "2025-07-16T07:46:31.072270+00:00", "symbol": "BTC-USD"}, {"trade_id": 850144726, "side": "buy", "size": "0.00423031", "price": "118189.92000000", "time": "2025-07-16T07:45:58.855626Z", "fetched_at": "2025-07-16T07:46:31.072270+00:00", "symbol": "BTC-USD"}, {"trade_id": 850144725, "side": "buy", "size": "0.00500000", "price": "118191.53000000", "time": "2025-07-16T07:45:58.855626Z", "fetched_at": "2025-07-16T07:46:31.072270+00:00", "symbol": "BTC-USD"}, {"trade_id": 850144724, "side": "buy", "size": "0.01605519", "price": "118192.03000000", "time": "2025-07-16T07:45:58.855626Z", "fetched_at": "2025-07-16T07:46:31.072270+00:00", "symbol": "BTC-USD"}, {"trade_id": 850144723, "side": "buy", "size": "0.04229443", "price": "118192.28000000", "time": "2025-07-16T07:45:58.855626Z", "fetched_at": "2025-07-16T07:46:31.072270+00:00", "symbol": "BTC-USD"}, {"trade_id": 850144722, "side": "buy", "size": "0.00001000", "price": "118192.75000000", "time": "2025-07-16T07:45:58.855626Z", "fetched_at": "2025-07-16T07:46:31.072270+00:00", "symbol": "BTC-USD"}, {"trade_id": 850144721, "side": "buy", "size": "0.04766294", "price": "118193.25000000", "time": "2025-07-16T07:45:58.855626Z", "fetched_at": "2025-07-16T07:46:31.072270+00:00", "symbol": "BTC-USD"}, {"trade_id": 850144720, "side": "buy", "size": "0.06622000", "price": "118194.11000000", "time": "2025-07-16T07:45:58.855626Z", "fetched_at": "2025-07-16T07:46:31.072270+00:00", "symbol": "BTC-USD"}, {"trade_id": 850144719, "side": "buy", "size": "0.00000558", "price": "118196.08000000", "time": "2025-07-16T07:45:58.855626Z", "fetched_at": "2025-07-16T07:46:31.072270+00:00", "symbol": "BTC-USD"}, {"trade_id": 850144718, "side": "buy", "size": "0.03309974", "price": "118196.27000000", "time": "2025-07-16T07:45:58.855626Z", "fetched_at": "2025-07-16T07:46:31.072270+00:00", "symbol": "BTC-USD"}, {"trade_id": 850144717, "side": "buy", "size": "0.02946781", "price": "118197.76000000", "time": "2025-07-16T07:45:58.855626Z", "fetched_at": "2025-07-16T07:46:31.072270+00:00", "symbol": "BTC-USD"}, {"trade_id": 850144716, "side": "buy", "size": "0.04900000", "price": "118197.82000000", "time": "2025-07-16T07:45:58.855626Z", "fetched_at": "2025-07-16T07:46:31.072270+00:00", "symbol": "BTC-USD"}, {"trade_id": 850144715, "side": "buy", "size": "0.02538540", "price": "118197.86000000", "time": "2025-07-16T07:45:58.855626Z", "fetched_at": "2025-07-16T07:46:31.072270+00:00", "symbol": "BTC-USD"}, {"trade_id": 850144714, "side": "buy", "size": "0.16920116", "price": "118198.35000000", "time": "2025-07-16T07:45:58.855626Z", "fetched_at": "2025-07-16T07:46:31.072270+00:00", "symbol": "BTC-USD"}, {"trade_id": 850144713, "side": "buy", "size": "0.00000008", "price": "118199.00000000", "time": "2025-07-16T07:45:58.855626Z", "fetched_at": "2025-07-16T07:46:31.072270+00:00", "symbol": "BTC-USD"}, {"trade_id": 850144712, "side": "buy", "size": "0.13230000", "price": "118199.46000000", "time": "2025-07-16T07:45:58.855626Z", "fetched_at": "2025-07-16T07:46:31.072270+00:00", "symbol": "BTC-USD"}, {"trade_id": 850144711, "side": "buy", "size": "0.16920116", "price": "118200.13000000", "time": "2025-07-16T07:45:58.855626Z", "fetched_at": "2025-07-16T07:46:31.072270+00:00", "symbol": "BTC-USD"}, {"trade_id": 850144710, "side": "buy", "size": "0.01319727", "price": "118200.14000000", "time": "2025-07-16T07:45:58.855626Z", "fetched_at": "2025-07-16T07:46:31.072270+00:00", "symbol": "BTC-USD"}, {"trade_id": 850144709, "side": "buy", "size": "0.00001000", "price": "118201.62000000", "time": "2025-07-16T07:45:58.855626Z", "fetched_at": "2025-07-16T07:46:31.072270+00:00", "symbol": "BTC-USD"}, {"trade_id": 850144708, "side": "buy", "size": "0.00499962", "price": "118203.87000000", "time": "2025-07-16T07:45:58.855626Z", "fetched_at": "2025-07-16T07:46:31.072270+00:00", "symbol": "BTC-USD"}, {"trade_id": 850144707, "side": "buy", "size": "0.00500000", "price": "118203.87000000", "time": "2025-07-16T07:45:58.855626Z", "fetched_at": "2025-07-16T07:46:31.072270+00:00", "symbol": "BTC-USD"}, {"trade_id": 850144706, "side": "buy", "size": "0.02000000", "price": "118203.88000000", "time": "2025-07-16T07:45:58.855626Z", "fetched_at": "2025-07-16T07:46:31.072270+00:00", "symbol": "BTC-USD"}, {"trade_id": 850144705, "side": "buy", "size": "0.00000279", "price": "118205.86000000", "time": "2025-07-16T07:45:58.855626Z", "fetched_at": "2025-07-16T07:46:31.072270+00:00", "symbol": "BTC-USD"}, {"trade_id": 850144704, "side": "buy", "size": "0.00001049", "price": "118205.86000000", "time": "2025-07-16T07:45:58.855626Z", "fetched_at": "2025-07-16T07:46:31.072270+00:00", "symbol": "BTC-USD"}, {"trade_id": 850144703, "side": "buy", "size": "0.00269056", "price": "118205.86000000", "time": "2025-07-16T07:45:58.855626Z", "fetched_at": "2025-07-16T07:46:31.072270+00:00", "symbol": "BTC-USD"}, {"trade_id": 850144702, "side": "buy", "size": "0.00029557", "price": "118206.14000000", "time": "2025-07-16T07:45:58.855626Z", "fetched_at": "2025-07-16T07:46:31.072270+00:00", "symbol": "BTC-USD"}, {"trade_id": 850144701, "side": "buy", "size": "0.00294981", "price": "118206.14000000", "time": "2025-07-16T07:45:58.855626Z", "fetched_at": "2025-07-16T07:46:31.072270+00:00", "symbol": "BTC-USD"}, {"trade_id": 850144700, "side": "buy", "size": "0.05000000", "price": "118206.52000000", "time": "2025-07-16T07:45:58.855626Z", "fetched_at": "2025-07-16T07:46:31.072270+00:00", "symbol": "BTC-USD"}, {"trade_id": 850144699, "side": "buy", "size": "0.02000000", "price": "118206.53000000", "time": "2025-07-16T07:45:58.855626Z", "fetched_at": "2025-07-16T07:46:31.072270+00:00", "symbol": "BTC-USD"}, {"trade_id": 850144698, "side": "buy", "size": "0.00881700", "price": "118206.54000000", "time": "2025-07-16T07:45:58.855626Z", "fetched_at": "2025-07-16T07:46:31.072270+00:00", "symbol": "BTC-USD"}, {"trade_id": 850144697, "side": "buy", "size": "0.02000000", "price": "118206.55000000", "time": "2025-07-16T07:45:58.855626Z", "fetched_at": "2025-07-16T07:46:31.072270+00:00", "symbol": "BTC-USD"}, {"trade_id": 850144696, "side": "buy", "size": "0.05100000", "price": "118215.22000000", "time": "2025-07-16T07:45:58.855626Z", "fetched_at": "2025-07-16T07:46:31.072270+00:00", "symbol": "BTC-USD"}, {"trade_id": 850144695, "side": "buy", "size": "0.02537704", "price": "118217.10000000", "time": "2025-07-16T07:45:58.855626Z", "fetched_at": "2025-07-16T07:46:31.072270+00:00", "symbol": "BTC-USD"}, {"trade_id": 850144694, "side": "buy", "size": "0.09763811", "price": "118217.11000000", "time": "2025-07-16T07:45:58.855626Z", "fetched_at": "2025-07-16T07:46:31.072270+00:00", "symbol": "BTC-USD"}, {"trade_id": 850144693, "side": "buy", "size": "0.00031297", "price": "118218.87000000", "time": "2025-07-16T07:45:58.855626Z", "fetched_at": "2025-07-16T07:46:31.072270+00:00", "symbol": "BTC-USD"}, {"trade_id": 850144692, "side": "buy", "size": "0.00093470", "price": "118218.87000000", "time": "2025-07-16T07:45:58.855626Z", "fetched_at": "2025-07-16T07:46:31.072270+00:00", "symbol": "BTC-USD"}, {"trade_id": 850144691, "side": "buy", "size": "0.00011910", "price": "118218.87000000", "time": "2025-07-16T07:45:58.855626Z", "fetched_at": "2025-07-16T07:46:31.072270+00:00", "symbol": "BTC-USD"}, {"trade_id": 850144690, "side": "buy", "size": "0.00023329", "price": "118218.87000000", "time": "2025-07-16T07:45:58.855626Z", "fetched_at": "2025-07-16T07:46:31.072270+00:00", "symbol": "BTC-USD"}, {"trade_id": 850144689, "side": "buy", "size": "0.00069675", "price": "118218.87000000", "time": "2025-07-16T07:45:58.855626Z", "fetched_at": "2025-07-16T07:46:31.072270+00:00", "symbol": "BTC-USD"}, {"trade_id": 850144688, "side": "buy", "size": "0.00208976", "price": "118218.87000000", "time": "2025-07-16T07:45:58.855626Z", "fetched_at": "2025-07-16T07:46:31.072270+00:00", "symbol": "BTC-USD"}, {"trade_id": 850144687, "side": "buy", "size": "0.00626448", "price": "118218.87000000", "time": "2025-07-16T07:45:58.855626Z", "fetched_at": "2025-07-16T07:46:31.072270+00:00", "symbol": "BTC-USD"}, {"trade_id": 850144686, "side": "buy", "size": "0.03577800", "price": "118218.87000000", "time": "2025-07-16T07:45:58.855626Z", "fetched_at": "2025-07-16T07:46:31.072270+00:00", "symbol": "BTC-USD"}, {"trade_id": 850144685, "side": "buy", "size": "0.00002189", "price": "118218.87000000", "time": "2025-07-16T07:45:58.855626Z", "fetched_at": "2025-07-16T07:46:31.072270+00:00", "symbol": "BTC-USD"}, {"trade_id": 850144684, "side": "buy", "size": "0.01456660", "price": "118218.87000000", "time": "2025-07-16T07:45:58.855626Z", "fetched_at": "2025-07-16T07:46:31.072270+00:00", "symbol": "BTC-USD"}, {"trade_id": 850144683, "side": "buy", "size": "0.07895204", "price": "118218.87000000", "time": "2025-07-16T07:45:58.855626Z", "fetched_at": "2025-07-16T07:46:31.072270+00:00", "symbol": "BTC-USD"}, {"trade_id": 850144682, "side": "buy", "size": "0.00000903", "price": "118218.87000000", "time": "2025-07-16T07:45:56.125886Z", "fetched_at": "2025-07-16T07:46:31.072270+00:00", "symbol": "BTC-USD"}, {"trade_id": 850144681, "side": "buy", "size": "0.00005166", "price": "118218.87000000", "time": "2025-07-16T07:45:55.556483Z", "fetched_at": "2025-07-16T07:46:31.072270+00:00", "symbol": "BTC-USD"}, {"trade_id": 850144680, "side": "sell", "size": "0.00059379", "price": "118218.88000000", "time": "2025-07-16T07:45:53.704582Z", "fetched_at": "2025-07-16T07:46:31.072270+00:00", "symbol": "BTC-USD"}, {"trade_id": 850144679, "side": "buy", "size": "0.00031228", "price": "118218.87000000", "time": "2025-07-16T07:45:52.188466Z", "fetched_at": "2025-07-16T07:46:31.072270+00:00", "symbol": "BTC-USD"}, {"trade_id": 850144678, "side": "buy", "size": "0.00002850", "price": "118218.87000000", "time": "2025-07-16T07:45:51.025034Z", "fetched_at": "2025-07-16T07:46:31.072270+00:00", "symbol": "BTC-USD"}, {"trade_id": 850144677, "side": "sell", "size": "0.00012327", "price": "118218.88000000", "time": "2025-07-16T07:45:50.992672Z", "fetched_at": "2025-07-16T07:46:31.072270+00:00", "symbol": "BTC-USD"}, {"trade_id": 850144676, "side": "sell", "size": "0.00003165", "price": "118218.88000000", "time": "2025-07-16T07:45:50.862429Z", "fetched_at": "2025-07-16T07:46:31.072270+00:00", "symbol": "BTC-USD"}, {"trade_id": 850144675, "side": "buy", "size": "0.00021443", "price": "118218.87000000", "time": "2025-07-16T07:45:50.175054Z", "fetched_at": "2025-07-16T07:46:31.072270+00:00", "symbol": "BTC-USD"}, {"trade_id": 850144674, "side": "buy", "size": "0.00024974", "price": "118218.87000000", "time": "2025-07-16T07:45:47.533956Z", "fetched_at": "2025-07-16T07:46:31.072270+00:00", "symbol": "BTC-USD"}, {"trade_id": 850144673, "side": "sell", "size": "0.01630836", "price": "118218.88000000", "time": "2025-07-16T07:45:44.508176Z", "fetched_at": "2025-07-16T07:46:31.072270+00:00", "symbol": "BTC-USD"}, {"trade_id": 850144672, "side": "sell", "size": "0.00657249", "price": "118218.88000000", "time": "2025-07-16T07:45:44.508176Z", "fetched_at": "2025-07-16T07:46:31.072270+00:00", "symbol": "BTC-USD"}, {"trade_id": 850144671, "side": "sell", "size": "0.00845888", "price": "118218.88000000", "time": "2025-07-16T07:45:44.508176Z", "fetched_at": "2025-07-16T07:46:31.072270+00:00", "symbol": "BTC-USD"}, {"trade_id": 850144670, "side": "sell", "size": "0.00009305", "price": "118218.88000000", "time": "2025-07-16T07:45:44.508176Z", "fetched_at": "2025-07-16T07:46:31.072270+00:00", "symbol": "BTC-USD"}, {"trade_id": 850144669, "side": "sell", "size": "0.00287434", "price": "118218.88000000", "time": "2025-07-16T07:45:44.508176Z", "fetched_at": "2025-07-16T07:46:31.072270+00:00", "symbol": "BTC-USD"}, {"trade_id": 850144668, "side": "sell", "size": "0.00045143", "price": "118218.88000000", "time": "2025-07-16T07:45:44.407887Z", "fetched_at": "2025-07-16T07:46:31.072270+00:00", "symbol": "BTC-USD"}, {"trade_id": 850144667, "side": "sell", "size": "0.00000903", "price": "118218.88000000", "time": "2025-07-16T07:45:44.340318Z", "fetched_at": "2025-07-16T07:46:31.072270+00:00", "symbol": "BTC-USD"}, {"trade_id": 850144666, "side": "sell", "size": "0.00700000", "price": "118218.88000000", "time": "2025-07-16T07:45:41.160447Z", "fetched_at": "2025-07-16T07:46:31.072270+00:00", "symbol": "BTC-USD"}, {"trade_id": 850144665, "side": "sell", "size": "0.00031796", "price": "118218.88000000", "time": "2025-07-16T07:45:39.825357Z", "fetched_at": "2025-07-16T07:46:31.072270+00:00", "symbol": "BTC-USD"}, {"trade_id": 850144664, "side": "sell", "size": "0.00009305", "price": "118218.88000000", "time": "2025-07-16T07:45:39.825357Z", "fetched_at": "2025-07-16T07:46:31.072270+00:00", "symbol": "BTC-USD"}, {"trade_id": 850144663, "side": "sell", "size": "0.00016438", "price": "118218.88000000", "time": "2025-07-16T07:45:38.469502Z", "fetched_at": "2025-07-16T07:46:31.072270+00:00", "symbol": "BTC-USD"}, {"trade_id": 850144662, "side": "sell", "size": "0.00039453", "price": "118218.88000000", "time": "2025-07-16T07:45:38.388200Z", "fetched_at": "2025-07-16T07:46:31.072270+00:00", "symbol": "BTC-USD"}, {"trade_id": 850144661, "side": "sell", "size": "0.00130692", "price": "118218.88000000", "time": "2025-07-16T07:45:38.388200Z", "fetched_at": "2025-07-16T07:46:31.072270+00:00", "symbol": "BTC-USD"}, {"trade_id": 850144660, "side": "sell", "size": "0.00125610", "price": "118218.88000000", "time": "2025-07-16T07:45:38.149989Z", "fetched_at": "2025-07-16T07:46:31.072270+00:00", "symbol": "BTC-USD"}, {"trade_id": 850144659, "side": "sell", "size": "0.00020550", "price": "118218.88000000", "time": "2025-07-16T07:45:37.369293Z", "fetched_at": "2025-07-16T07:46:31.072270+00:00", "symbol": "BTC-USD"}, {"trade_id": 850144658, "side": "buy", "size": "0.00025770", "price": "118218.87000000", "time": "2025-07-16T07:45:37.018725Z", "fetched_at": "2025-07-16T07:46:31.072270+00:00", "symbol": "BTC-USD"}, {"trade_id": 850144657, "side": "sell", "size": "0.00000628", "price": "118218.88000000", "time": "2025-07-16T07:45:34.123794Z", "fetched_at": "2025-07-16T07:46:31.072270+00:00", "symbol": "BTC-USD"}, {"trade_id": 850144656, "side": "sell", "size": "0.00188034", "price": "118218.88000000", "time": "2025-07-16T07:45:32.771644Z", "fetched_at": "2025-07-16T07:46:31.072270+00:00", "symbol": "BTC-USD"}, {"trade_id": 850144655, "side": "sell", "size": "0.00001457", "price": "118218.88000000", "time": "2025-07-16T07:45:28.584820Z", "fetched_at": "2025-07-16T07:46:31.072270+00:00", "symbol": "BTC-USD"}, {"trade_id": 850144654, "side": "buy", "size": "0.00012750", "price": "118221.13000000", "time": "2025-07-16T07:45:26.552139Z", "fetched_at": "2025-07-16T07:46:31.072270+00:00", "symbol": "BTC-USD"}, {"trade_id": 850144653, "side": "sell", "size": "0.00016748", "price": "118221.14000000", "time": "2025-07-16T07:45:25.330756Z", "fetched_at": "2025-07-16T07:46:31.072270+00:00", "symbol": "BTC-USD"}, {"trade_id": 850144652, "side": "sell", "size": "0.00016748", "price": "118221.14000000", "time": "2025-07-16T07:45:24.970367Z", "fetched_at": "2025-07-16T07:46:31.072270+00:00", "symbol": "BTC-USD"}, {"trade_id": 850144651, "side": "sell", "size": "0.00003978", "price": "118221.14000000", "time": "2025-07-16T07:45:24.764614Z", "fetched_at": "2025-07-16T07:46:31.072270+00:00", "symbol": "BTC-USD"}, {"trade_id": 850144650, "side": "sell", "size": "0.00016438", "price": "118221.14000000", "time": "2025-07-16T07:45:24.734736Z", "fetched_at": "2025-07-16T07:46:31.072270+00:00", "symbol": "BTC-USD"}, {"trade_id": 850144649, "side": "sell", "size": "0.00083740", "price": "118221.14000000", "time": "2025-07-16T07:45:24.454048Z", "fetched_at": "2025-07-16T07:46:31.072270+00:00", "symbol": "BTC-USD"}, {"trade_id": 850144648, "side": "sell", "size": "0.00012561", "price": "118221.14000000", "time": "2025-07-16T07:45:23.479266Z", "fetched_at": "2025-07-16T07:46:31.072270+00:00", "symbol": "BTC-USD"}, {"trade_id": 850144647, "side": "sell", "size": "0.00020550", "price": "118221.14000000", "time": "2025-07-16T07:45:23.299424Z", "fetched_at": "2025-07-16T07:46:31.072270+00:00", "symbol": "BTC-USD"}, {"trade_id": 850144646, "side": "sell", "size": "0.00080231", "price": "118221.14000000", "time": "2025-07-16T07:45:23.182620Z", "fetched_at": "2025-07-16T07:46:31.072270+00:00", "symbol": "BTC-USD"}, {"trade_id": 850144645, "side": "sell", "size": "0.00020935", "price": "118221.14000000", "time": "2025-07-16T07:45:23.121492Z", "fetched_at": "2025-07-16T07:46:31.072270+00:00", "symbol": "BTC-USD"}, {"trade_id": 850144644, "side": "sell", "size": "0.00008374", "price": "118221.14000000", "time": "2025-07-16T07:45:23.115298Z", "fetched_at": "2025-07-16T07:46:31.072270+00:00", "symbol": "BTC-USD"}, {"trade_id": 850144643, "side": "sell", "size": "0.00084375", "price": "118221.14000000", "time": "2025-07-16T07:45:22.724701Z", "fetched_at": "2025-07-16T07:46:31.072270+00:00", "symbol": "BTC-USD"}, {"trade_id": 850144642, "side": "sell", "size": "0.00008165", "price": "118221.14000000", "time": "2025-07-16T07:45:22.411802Z", "fetched_at": "2025-07-16T07:46:31.072270+00:00", "symbol": "BTC-USD"}, {"trade_id": 850144641, "side": "sell", "size": "0.00008374", "price": "118221.14000000", "time": "2025-07-16T07:45:21.753749Z", "fetched_at": "2025-07-16T07:46:31.072270+00:00", "symbol": "BTC-USD"}, {"trade_id": 850144640, "side": "sell", "size": "0.02697298", "price": "118211.31000000", "time": "2025-07-16T07:45:21.264895Z", "fetched_at": "2025-07-16T07:46:31.072270+00:00", "symbol": "BTC-USD"}, {"trade_id": 850144639, "side": "sell", "size": "0.00845942", "price": "118211.30000000", "time": "2025-07-16T07:45:21.264895Z", "fetched_at": "2025-07-16T07:46:31.072270+00:00", "symbol": "BTC-USD"}, {"trade_id": 850144638, "side": "sell", "size": "0.00233520", "price": "118205.87000000", "time": "2025-07-16T07:45:20.900479Z", "fetched_at": "2025-07-16T07:46:31.072270+00:00", "symbol": "BTC-USD"}, {"trade_id": 850144637, "side": "sell", "size": "0.00799948", "price": "118205.87000000", "time": "2025-07-16T07:45:20.900479Z", "fetched_at": "2025-07-16T07:46:31.072270+00:00", "symbol": "BTC-USD"}, {"trade_id": 850144636, "side": "sell", "size": "0.00041100", "price": "118205.87000000", "time": "2025-07-16T07:45:20.689235Z", "fetched_at": "2025-07-16T07:46:31.072270+00:00", "symbol": "BTC-USD"}, {"trade_id": 850144635, "side": "sell", "size": "0.00004187", "price": "118205.87000000", "time": "2025-07-16T07:45:20.547185Z", "fetched_at": "2025-07-16T07:46:31.072270+00:00", "symbol": "BTC-USD"}, {"trade_id": 850144634, "side": "buy", "size": "0.00005100", "price": "118205.86000000", "time": "2025-07-16T07:45:19.650899Z", "fetched_at": "2025-07-16T07:46:31.072270+00:00", "symbol": "BTC-USD"}, {"trade_id": 850144633, "side": "buy", "size": "0.00000079", "price": "118205.86000000", "time": "2025-07-16T07:45:19.511535Z", "fetched_at": "2025-07-16T07:46:31.072270+00:00", "symbol": "BTC-USD"}, {"trade_id": 850144632, "side": "sell", "size": "0.00000746", "price": "118205.87000000", "time": "2025-07-16T07:45:19.463605Z", "fetched_at": "2025-07-16T07:46:31.072270+00:00", "symbol": "BTC-USD"}, {"trade_id": 850144631, "side": "sell", "size": "0.00008223", "price": "118209.41000000", "time": "2025-07-16T07:45:18.638467Z", "fetched_at": "2025-07-16T07:46:31.072270+00:00", "symbol": "BTC-USD"}, {"trade_id": 850144630, "side": "buy", "size": "0.02000000", "price": "118206.63000000", "time": "2025-07-16T07:45:17.309345Z", "fetched_at": "2025-07-16T07:46:31.072270+00:00", "symbol": "BTC-USD"}, {"trade_id": 850144629, "side": "buy", "size": "0.08007538", "price": "118221.24000000", "time": "2025-07-16T07:45:17.224610Z", "fetched_at": "2025-07-16T07:46:31.072270+00:00", "symbol": "BTC-USD"}, {"trade_id": 850144628, "side": "buy", "size": "0.01446269", "price": "118221.24000000", "time": "2025-07-16T07:45:17.224610Z", "fetched_at": "2025-07-16T07:46:31.072270+00:00", "symbol": "BTC-USD"}, {"trade_id": 850144627, "side": "sell", "size": "0.00003800", "price": "118219.53000000", "time": "2025-07-16T07:45:17.217521Z", "fetched_at": "2025-07-16T07:46:31.072270+00:00", "symbol": "BTC-USD"}, {"trade_id": 850144626, "side": "sell", "size": "0.00002850", "price": "118219.26000000", "time": "2025-07-16T07:45:17.217521Z", "fetched_at": "2025-07-16T07:46:31.072270+00:00", "symbol": "BTC-USD"}, {"trade_id": 850144625, "side": "sell", "size": "0.00001603", "price": "118207.35000000", "time": "2025-07-16T07:45:17.217521Z", "fetched_at": "2025-07-16T07:46:31.072270+00:00", "symbol": "BTC-USD"}, {"trade_id": 850144624, "side": "sell", "size": "0.00002138", "price": "118207.18000000", "time": "2025-07-16T07:45:17.217521Z", "fetched_at": "2025-07-16T07:46:31.072270+00:00", "symbol": "BTC-USD"}, {"trade_id": 850144623, "side": "buy", "size": "0.03927221", "price": "118206.59000000", "time": "2025-07-16T07:45:17.216811Z", "fetched_at": "2025-07-16T07:46:31.072270+00:00", "symbol": "BTC-USD"}, {"trade_id": 850144622, "side": "buy", "size": "0.02000000", "price": "118207.85000000", "time": "2025-07-16T07:45:17.216811Z", "fetched_at": "2025-07-16T07:46:31.072270+00:00", "symbol": "BTC-USD"}, {"trade_id": 850144621, "side": "buy", "size": "0.01999000", "price": "118201.09000000", "time": "2025-07-16T07:45:17.205612Z", "fetched_at": "2025-07-16T07:46:31.072270+00:00", "symbol": "BTC-USD"}, {"trade_id": 850144620, "side": "buy", "size": "0.00001000", "price": "118201.62000000", "time": "2025-07-16T07:45:17.205612Z", "fetched_at": "2025-07-16T07:46:31.072270+00:00", "symbol": "BTC-USD"}, {"trade_id": 850144619, "side": "buy", "size": "0.03167904", "price": "118203.30000000", "time": "2025-07-16T07:45:17.205612Z", "fetched_at": "2025-07-16T07:46:31.072270+00:00", "symbol": "BTC-USD"}, {"trade_id": 850144618, "side": "buy", "size": "0.16919987", "price": "118204.25000000", "time": "2025-07-16T07:45:17.205612Z", "fetched_at": "2025-07-16T07:46:31.072270+00:00", "symbol": "BTC-USD"}, {"trade_id": 850144617, "side": "buy", "size": "0.00500000", "price": "118204.50000000", "time": "2025-07-16T07:45:17.205612Z", "fetched_at": "2025-07-16T07:46:31.072270+00:00", "symbol": "BTC-USD"}, {"trade_id": 850144616, "side": "buy", "size": "0.16919214", "price": "118204.65000000", "time": "2025-07-16T07:45:17.205612Z", "fetched_at": "2025-07-16T07:46:31.072270+00:00", "symbol": "BTC-USD"}, {"trade_id": 850144615, "side": "buy", "size": "0.04900000", "price": "118206.52000000", "time": "2025-07-16T07:45:17.205612Z", "fetched_at": "2025-07-16T07:46:31.072270+00:00", "symbol": "BTC-USD"}, {"trade_id": 850144614, "side": "buy", "size": "0.00000067", "price": "118206.53000000", "time": "2025-07-16T07:45:17.205612Z", "fetched_at": "2025-07-16T07:46:31.072270+00:00", "symbol": "BTC-USD"}, {"trade_id": 850144613, "side": "buy", "size": "0.00134417", "price": "118206.53000000", "time": "2025-07-16T07:45:17.205612Z", "fetched_at": "2025-07-16T07:46:31.072270+00:00", "symbol": "BTC-USD"}, {"trade_id": 850144612, "side": "buy", "size": "0.00000355", "price": "118206.53000000", "time": "2025-07-16T07:45:17.205612Z", "fetched_at": "2025-07-16T07:46:31.072270+00:00", "symbol": "BTC-USD"}, {"trade_id": 850144611, "side": "buy", "size": "0.06622314", "price": "118206.55000000", "time": "2025-07-16T07:45:17.205612Z", "fetched_at": "2025-07-16T07:46:31.072270+00:00", "symbol": "BTC-USD"}, {"trade_id": 850144610, "side": "buy", "size": "0.01099982", "price": "118206.55000000", "time": "2025-07-16T07:45:17.205612Z", "fetched_at": "2025-07-16T07:46:31.072270+00:00", "symbol": "BTC-USD"}, {"trade_id": 850144609, "side": "buy", "size": "0.02460648", "price": "118206.58000000", "time": "2025-07-16T07:45:17.205612Z", "fetched_at": "2025-07-16T07:46:31.072270+00:00", "symbol": "BTC-USD"}, {"trade_id": 850144608, "side": "buy", "size": "0.04400000", "price": "118215.22000000", "time": "2025-07-16T07:45:17.205612Z", "fetched_at": "2025-07-16T07:46:31.072270+00:00", "symbol": "BTC-USD"}, {"trade_id": 850144607, "side": "buy", "size": "0.02537615", "price": "118221.22000000", "time": "2025-07-16T07:45:17.205612Z", "fetched_at": "2025-07-16T07:46:31.072270+00:00", "symbol": "BTC-USD"}, {"trade_id": 850144606, "side": "buy", "size": "0.01456660", "price": "118221.23000000", "time": "2025-07-16T07:45:17.205612Z", "fetched_at": "2025-07-16T07:46:31.072270+00:00", "symbol": "BTC-USD"}, {"trade_id": 850144605, "side": "buy", "size": "0.07924500", "price": "118222.99000000", "time": "2025-07-16T07:45:17.205612Z", "fetched_at": "2025-07-16T07:46:31.072270+00:00", "symbol": "BTC-USD"}, {"trade_id": 850144604, "side": "buy", "size": "0.00002721", "price": "118222.99000000", "time": "2025-07-16T07:45:17.205612Z", "fetched_at": "2025-07-16T07:46:31.072270+00:00", "symbol": "BTC-USD"}, {"trade_id": 850144603, "side": "buy", "size": "0.04541918", "price": "118222.99000000", "time": "2025-07-16T07:45:17.205612Z", "fetched_at": "2025-07-16T07:46:31.072270+00:00", "symbol": "BTC-USD"}, {"trade_id": 850144602, "side": "sell", "size": "0.00000422", "price": "118223.00000000", "time": "2025-07-16T07:45:17.175780Z", "fetched_at": "2025-07-16T07:46:31.072270+00:00", "symbol": "BTC-USD"}, {"trade_id": 850144601, "side": "buy", "size": "0.03465620", "price": "118222.99000000", "time": "2025-07-16T07:45:16.272981Z", "fetched_at": "2025-07-16T07:46:31.072270+00:00", "symbol": "BTC-USD"}, {"trade_id": 850144600, "side": "buy", "size": "0.00816752", "price": "118222.99000000", "time": "2025-07-16T07:45:16.272981Z", "fetched_at": "2025-07-16T07:46:31.072270+00:00", "symbol": "BTC-USD"}, {"trade_id": 850144599, "side": "sell", "size": "0.00010049", "price": "118223.00000000", "time": "2025-07-16T07:45:14.216029Z", "fetched_at": "2025-07-16T07:46:31.072270+00:00", "symbol": "BTC-USD"}, {"trade_id": 850144598, "side": "sell", "size": "0.00000254", "price": "118223.00000000", "time": "2025-07-16T07:45:13.214573Z", "fetched_at": "2025-07-16T07:46:31.072270+00:00", "symbol": "BTC-USD"}, {"trade_id": 850144597, "side": "buy", "size": "0.00600000", "price": "118222.99000000", "time": "2025-07-16T07:45:13.174203Z", "fetched_at": "2025-07-16T07:46:31.072270+00:00", "symbol": "BTC-USD"}, {"trade_id": 850144596, "side": "buy", "size": "0.00039908", "price": "118222.99000000", "time": "2025-07-16T07:45:12.582973Z", "fetched_at": "2025-07-16T07:46:31.072270+00:00", "symbol": "BTC-USD"}, {"trade_id": 850144595, "side": "sell", "size": "0.00060184", "price": "118223.00000000", "time": "2025-07-16T07:45:09.298591Z", "fetched_at": "2025-07-16T07:46:31.072270+00:00", "symbol": "BTC-USD"}, {"trade_id": 850144594, "side": "sell", "size": "0.00001048", "price": "118223.00000000", "time": "2025-07-16T07:45:07.065637Z", "fetched_at": "2025-07-16T07:46:31.072270+00:00", "symbol": "BTC-USD"}, {"trade_id": 850144593, "side": "sell", "size": "0.00775245", "price": "118222.95000000", "time": "2025-07-16T07:45:06.399966Z", "fetched_at": "2025-07-16T07:46:31.072270+00:00", "symbol": "BTC-USD"}, {"trade_id": 850144592, "side": "sell", "size": "0.03120360", "price": "118222.95000000", "time": "2025-07-16T07:45:06.398810Z", "fetched_at": "2025-07-16T07:46:31.072270+00:00", "symbol": "BTC-USD"}, {"trade_id": 850144591, "side": "sell", "size": "0.01204498", "price": "118222.95000000", "time": "2025-07-16T07:45:06.398665Z", "fetched_at": "2025-07-16T07:46:31.072270+00:00", "symbol": "BTC-USD"}, {"trade_id": 850144590, "side": "sell", "size": "0.00287280", "price": "118221.24000000", "time": "2025-07-16T07:45:06.398665Z", "fetched_at": "2025-07-16T07:46:31.072270+00:00", "symbol": "BTC-USD"}, {"trade_id": 850144589, "side": "sell", "size": "0.00009305", "price": "118221.24000000", "time": "2025-07-16T07:45:06.398665Z", "fetched_at": "2025-07-16T07:46:31.072270+00:00", "symbol": "BTC-USD"}, {"trade_id": 850144588, "side": "sell", "size": "0.02537652", "price": "118219.50000000", "time": "2025-07-16T07:45:04.396726Z", "fetched_at": "2025-07-16T07:46:31.072270+00:00", "symbol": "BTC-USD"}, {"trade_id": 850144587, "side": "sell", "size": "0.00090504", "price": "118217.84000000", "time": "2025-07-16T07:45:04.396726Z", "fetched_at": "2025-07-16T07:46:31.072270+00:00", "symbol": "BTC-USD"}, {"trade_id": 850144586, "side": "sell", "size": "0.08371286", "price": "118217.84000000", "time": "2025-07-16T07:45:04.388220Z", "fetched_at": "2025-07-16T07:46:31.072270+00:00", "symbol": "BTC-USD"}, {"trade_id": 850144585, "side": "sell", "size": "0.00009305", "price": "118217.73000000", "time": "2025-07-16T07:45:04.388220Z", "fetched_at": "2025-07-16T07:46:31.072270+00:00", "symbol": "BTC-USD"}, {"trade_id": 850144584, "side": "sell", "size": "0.00114528", "price": "118210.61000000", "time": "2025-07-16T07:45:03.720023Z", "fetched_at": "2025-07-16T07:46:31.072270+00:00", "symbol": "BTC-USD"}, {"trade_id": 850144583, "side": "sell", "size": "0.00621055", "price": "118210.61000000", "time": "2025-07-16T07:45:03.717717Z", "fetched_at": "2025-07-16T07:46:31.072270+00:00", "symbol": "BTC-USD"}, {"trade_id": 850144582, "side": "sell", "size": "0.00349174", "price": "118210.50000000", "time": "2025-07-16T07:45:03.716908Z", "fetched_at": "2025-07-16T07:46:31.072270+00:00", "symbol": "BTC-USD"}, {"trade_id": 850144581, "side": "sell", "size": "0.02538882", "price": "118209.86000000", "time": "2025-07-16T07:45:03.716908Z", "fetched_at": "2025-07-16T07:46:31.072270+00:00", "symbol": "BTC-USD"}, {"trade_id": 850144580, "side": "sell", "size": "0.00009305", "price": "118208.31000000", "time": "2025-07-16T07:45:03.716786Z", "fetched_at": "2025-07-16T07:46:31.072270+00:00", "symbol": "BTC-USD"}, {"trade_id": 850144579, "side": "sell", "size": "0.02528588", "price": "118208.31000000", "time": "2025-07-16T07:45:03.715661Z", "fetched_at": "2025-07-16T07:46:31.072270+00:00", "symbol": "BTC-USD"}, {"trade_id": 850144578, "side": "sell", "size": "0.00009305", "price": "118208.30000000", "time": "2025-07-16T07:45:03.715661Z", "fetched_at": "2025-07-16T07:46:31.072270+00:00", "symbol": "BTC-USD"}, {"trade_id": 850144577, "side": "sell", "size": "0.01457820", "price": "118206.60000000", "time": "2025-07-16T07:45:03.712772Z", "fetched_at": "2025-07-16T07:46:31.072270+00:00", "symbol": "BTC-USD"}, {"trade_id": 850144576, "side": "sell", "size": "0.01213930", "price": "118206.60000000", "time": "2025-07-16T07:45:03.712606Z", "fetched_at": "2025-07-16T07:46:31.072270+00:00", "symbol": "BTC-USD"}, {"trade_id": 850144575, "side": "sell", "size": "0.02328250", "price": "118206.60000000", "time": "2025-07-16T07:45:03.709756Z", "fetched_at": "2025-07-16T07:46:31.072270+00:00", "symbol": "BTC-USD"}, {"trade_id": 850144574, "side": "sell", "size": "0.05000000", "price": "118206.55000000", "time": "2025-07-16T07:45:03.709756Z", "fetched_at": "2025-07-16T07:46:31.072270+00:00", "symbol": "BTC-USD"}, {"trade_id": 850144573, "side": "sell", "size": "0.00845976", "price": "118206.54000000", "time": "2025-07-16T07:45:03.709756Z", "fetched_at": "2025-07-16T07:46:31.072270+00:00", "symbol": "BTC-USD"}, {"trade_id": 850144572, "side": "sell", "size": "0.02241280", "price": "118206.54000000", "time": "2025-07-16T07:45:03.709756Z", "fetched_at": "2025-07-16T07:46:31.072270+00:00", "symbol": "BTC-USD"}, {"trade_id": 850144571, "side": "sell", "size": "0.01365007", "price": "118206.54000000", "time": "2025-07-16T07:45:03.709756Z", "fetched_at": "2025-07-16T07:46:31.072270+00:00", "symbol": "BTC-USD"}, {"trade_id": 850144570, "side": "sell", "size": "0.00246960", "price": "118206.54000000", "time": "2025-07-16T07:45:03.709756Z", "fetched_at": "2025-07-16T07:46:31.072270+00:00", "symbol": "BTC-USD"}, {"trade_id": 850144569, "side": "sell", "size": "0.00513047", "price": "118206.54000000", "time": "2025-07-16T07:45:03.709756Z", "fetched_at": "2025-07-16T07:46:31.072270+00:00", "symbol": "BTC-USD"}, {"trade_id": 850144568, "side": "sell", "size": "0.04457244", "price": "118206.54000000", "time": "2025-07-16T07:45:03.522813Z", "fetched_at": "2025-07-16T07:46:31.072270+00:00", "symbol": "BTC-USD"}, {"trade_id": 850144567, "side": "sell", "size": "0.25029709", "price": "118206.54000000", "time": "2025-07-16T07:45:03.518703Z", "fetched_at": "2025-07-16T07:46:31.072270+00:00", "symbol": "BTC-USD"}, {"trade_id": 850144566, "side": "sell", "size": "0.00181139", "price": "118206.54000000", "time": "2025-07-16T07:45:03.518703Z", "fetched_at": "2025-07-16T07:46:31.072270+00:00", "symbol": "BTC-USD"}, {"trade_id": 850144565, "side": "sell", "size": "0.00817082", "price": "118206.54000000", "time": "2025-07-16T07:45:03.518703Z", "fetched_at": "2025-07-16T07:46:31.072270+00:00", "symbol": "BTC-USD"}, {"trade_id": 850144564, "side": "buy", "size": "0.00631843", "price": "118206.53000000", "time": "2025-07-16T07:45:03.514406Z", "fetched_at": "2025-07-16T07:46:31.072270+00:00", "symbol": "BTC-USD"}, {"trade_id": 850144563, "side": "buy", "size": "0.00001500", "price": "118206.53000000", "time": "2025-07-16T07:45:03.514406Z", "fetched_at": "2025-07-16T07:46:31.072270+00:00", "symbol": "BTC-USD"}, {"trade_id": 850144562, "side": "buy", "size": "0.00000355", "price": "118206.53000000", "time": "2025-07-16T07:45:03.514406Z", "fetched_at": "2025-07-16T07:46:31.072270+00:00", "symbol": "BTC-USD"}, {"trade_id": 850144561, "side": "buy", "size": "0.00403040", "price": "118206.53000000", "time": "2025-07-16T07:45:03.514406Z", "fetched_at": "2025-07-16T07:46:31.072270+00:00", "symbol": "BTC-USD"}, {"trade_id": 850144560, "side": "buy", "size": "0.00001040", "price": "118206.53000000", "time": "2025-07-16T07:45:03.514406Z", "fetched_at": "2025-07-16T07:46:31.072270+00:00", "symbol": "BTC-USD"}, {"trade_id": 850144559, "side": "sell", "size": "0.00001633", "price": "118206.54000000", "time": "2025-07-16T07:45:01.569303Z", "fetched_at": "2025-07-16T07:46:31.072270+00:00", "symbol": "BTC-USD"}, {"trade_id": 850144558, "side": "buy", "size": "0.00426440", "price": "118206.53000000", "time": "2025-07-16T07:45:01.296027Z", "fetched_at": "2025-07-16T07:46:31.072270+00:00", "symbol": "BTC-USD"}, {"trade_id": 850144557, "side": "buy", "size": "0.00372900", "price": "118206.53000000", "time": "2025-07-16T07:45:01.296027Z", "fetched_at": "2025-07-16T07:46:31.072270+00:00", "symbol": "BTC-USD"}, {"trade_id": 850144556, "side": "buy", "size": "0.01456660", "price": "118206.53000000", "time": "2025-07-16T07:45:01.296027Z", "fetched_at": "2025-07-16T07:46:31.072270+00:00", "symbol": "BTC-USD"}, {"trade_id": 850144555, "side": "buy", "size": "0.00448019", "price": "118206.53000000", "time": "2025-07-16T07:45:01.093690Z", "fetched_at": "2025-07-16T07:46:31.072270+00:00", "symbol": "BTC-USD"}, {"trade_id": 850144554, "side": "buy", "size": "0.00105300", "price": "118206.53000000", "time": "2025-07-16T07:45:01.093690Z", "fetched_at": "2025-07-16T07:46:31.072270+00:00", "symbol": "BTC-USD"}, {"trade_id": 850144553, "side": "buy", "size": "0.00000152", "price": "118206.53000000", "time": "2025-07-16T07:45:01.093690Z", "fetched_at": "2025-07-16T07:46:31.072270+00:00", "symbol": "BTC-USD"}, {"trade_id": 850144552, "side": "buy", "size": "0.00002189", "price": "118206.53000000", "time": "2025-07-16T07:45:01.093690Z", "fetched_at": "2025-07-16T07:46:31.072270+00:00", "symbol": "BTC-USD"}, {"trade_id": 850144551, "side": "buy", "size": "0.00134248", "price": "118206.53000000", "time": "2025-07-16T07:45:01.093690Z", "fetched_at": "2025-07-16T07:46:31.072270+00:00", "symbol": "BTC-USD"}, {"trade_id": 850144550, "side": "buy", "size": "0.00000363", "price": "118206.53000000", "time": "2025-07-16T07:45:01.093690Z", "fetched_at": "2025-07-16T07:46:31.072270+00:00", "symbol": "BTC-USD"}, {"trade_id": 850144549, "side": "buy", "size": "0.00033509", "price": "118206.53000000", "time": "2025-07-16T07:45:00.654406Z", "fetched_at": "2025-07-16T07:46:31.072270+00:00", "symbol": "BTC-USD"}, {"trade_id": 850144548, "side": "buy", "size": "0.00000668", "price": "118206.53000000", "time": "2025-07-16T07:45:00.654406Z", "fetched_at": "2025-07-16T07:46:31.072270+00:00", "symbol": "BTC-USD"}, {"trade_id": 850144547, "side": "sell", "size": "0.00017261", "price": "118206.54000000", "time": "2025-07-16T07:44:53.970043Z", "fetched_at": "2025-07-16T07:46:31.072270+00:00", "symbol": "BTC-USD"}, {"trade_id": 850144546, "side": "buy", "size": "0.00000443", "price": "118206.53000000", "time": "2025-07-16T07:44:46.770712Z", "fetched_at": "2025-07-16T07:46:31.072270+00:00", "symbol": "BTC-USD"}, {"trade_id": 850144545, "side": "buy", "size": "0.00000084", "price": "118206.53000000", "time": "2025-07-16T07:44:46.770712Z", "fetched_at": "2025-07-16T07:46:31.072270+00:00", "symbol": "BTC-USD"}, {"trade_id": 850144544, "side": "buy", "size": "0.00002900", "price": "118206.53000000", "time": "2025-07-16T07:44:46.770712Z", "fetched_at": "2025-07-16T07:46:31.072270+00:00", "symbol": "BTC-USD"}, {"trade_id": 850144543, "side": "sell", "size": "0.00010000", "price": "118206.54000000", "time": "2025-07-16T07:44:42.424394Z", "fetched_at": "2025-07-16T07:46:31.072270+00:00", "symbol": "BTC-USD"}, {"trade_id": 850144542, "side": "buy", "size": "0.00334112", "price": "118206.53000000", "time": "2025-07-16T07:44:41.138790Z", "fetched_at": "2025-07-16T07:46:31.072270+00:00", "symbol": "BTC-USD"}, {"trade_id": 850144541, "side": "buy", "size": "0.00157000", "price": "118206.53000000", "time": "2025-07-16T07:44:40.395453Z", "fetched_at": "2025-07-16T07:46:31.072270+00:00", "symbol": "BTC-USD"}, {"trade_id": 850144540, "side": "buy", "size": "0.00001000", "price": "118210.49000000", "time": "2025-07-16T07:44:39.328187Z", "fetched_at": "2025-07-16T07:46:31.072270+00:00", "symbol": "BTC-USD"}, {"trade_id": 850144539, "side": "sell", "size": "0.00001400", "price": "118210.50000000", "time": "2025-07-16T07:44:39.260950Z", "fetched_at": "2025-07-16T07:46:31.072270+00:00", "symbol": "BTC-USD"}, {"trade_id": 850144538, "side": "sell", "size": "0.09999999", "price": "118210.50000000", "time": "2025-07-16T07:44:39.185480Z", "fetched_at": "2025-07-16T07:46:31.072270+00:00", "symbol": "BTC-USD"}, {"trade_id": 850144537, "side": "sell", "size": "0.01265497", "price": "118210.50000000", "time": "2025-07-16T07:44:39.184690Z", "fetched_at": "2025-07-16T07:46:31.072270+00:00", "symbol": "BTC-USD"}, {"trade_id": 850144536, "side": "sell", "size": "0.02307496", "price": "118210.50000000", "time": "2025-07-16T07:44:39.169096Z", "fetched_at": "2025-07-16T07:46:31.072270+00:00", "symbol": "BTC-USD"}, {"trade_id": 850144535, "side": "sell", "size": "0.02000000", "price": "118210.50000000", "time": "2025-07-16T07:44:39.169096Z", "fetched_at": "2025-07-16T07:46:31.072270+00:00", "symbol": "BTC-USD"}, {"trade_id": 850144534, "side": "sell", "size": "0.05692503", "price": "118210.50000000", "time": "2025-07-16T07:44:39.169096Z", "fetched_at": "2025-07-16T07:46:31.072270+00:00", "symbol": "BTC-USD"}, {"trade_id": 850144533, "side": "sell", "size": "0.01265497", "price": "118210.50000000", "time": "2025-07-16T07:44:39.168820Z", "fetched_at": "2025-07-16T07:46:31.072270+00:00", "symbol": "BTC-USD"}, {"trade_id": 850144532, "side": "sell", "size": "0.01265497", "price": "118218.25000000", "time": "2025-07-16T07:44:39.154480Z", "fetched_at": "2025-07-16T07:46:31.072270+00:00", "symbol": "BTC-USD"}, {"trade_id": 850144531, "side": "sell", "size": "0.07146579", "price": "118218.25000000", "time": "2025-07-16T07:44:39.154161Z", "fetched_at": "2025-07-16T07:46:31.072270+00:00", "symbol": "BTC-USD"}, {"trade_id": 850144530, "side": "sell", "size": "0.00845900", "price": "118218.25000000", "time": "2025-07-16T07:44:39.154161Z", "fetched_at": "2025-07-16T07:46:31.072270+00:00", "symbol": "BTC-USD"}, {"trade_id": 850144529, "side": "sell", "size": "0.02000000", "price": "118218.25000000", "time": "2025-07-16T07:44:39.154161Z", "fetched_at": "2025-07-16T07:46:31.072270+00:00", "symbol": "BTC-USD"}, {"trade_id": 850144528, "side": "sell", "size": "0.00007520", "price": "118218.25000000", "time": "2025-07-16T07:44:39.154161Z", "fetched_at": "2025-07-16T07:46:31.072270+00:00", "symbol": "BTC-USD"}, {"trade_id": 850144527, "side": "buy", "size": "0.01042513", "price": "118215.22000000", "time": "2025-07-16T07:44:39.153148Z", "fetched_at": "2025-07-16T07:46:31.072270+00:00", "symbol": "BTC-USD"}, {"trade_id": 850144526, "side": "buy", "size": "0.00649146", "price": "118215.22000000", "time": "2025-07-16T07:44:39.152855Z", "fetched_at": "2025-07-16T07:46:31.072270+00:00", "symbol": "BTC-USD"}, {"trade_id": 850144525, "side": "buy", "size": "0.03408341", "price": "118215.22000000", "time": "2025-07-16T07:44:39.152712Z", "fetched_at": "2025-07-16T07:46:31.072270+00:00", "symbol": "BTC-USD"}, {"trade_id": 850144524, "side": "buy", "size": "0.00230381", "price": "118218.24000000", "time": "2025-07-16T07:44:39.152601Z", "fetched_at": "2025-07-16T07:46:31.072270+00:00", "symbol": "BTC-USD"}, {"trade_id": 850144523, "side": "buy", "size": "0.02307298", "price": "118218.24000000", "time": "2025-07-16T07:44:39.143022Z", "fetched_at": "2025-07-16T07:46:31.072270+00:00", "symbol": "BTC-USD"}, {"trade_id": 850144522, "side": "buy", "size": "0.00001000", "price": "118219.36000000", "time": "2025-07-16T07:44:39.142845Z", "fetched_at": "2025-07-16T07:46:31.072270+00:00", "symbol": "BTC-USD"}, {"trade_id": 850144521, "side": "buy", "size": "0.00334291", "price": "118220.00000000", "time": "2025-07-16T07:44:39.142845Z", "fetched_at": "2025-07-16T07:46:31.072270+00:00", "symbol": "BTC-USD"}, {"trade_id": 850144520, "side": "buy", "size": "0.00000900", "price": "118220.01000000", "time": "2025-07-16T07:44:39.142845Z", "fetched_at": "2025-07-16T07:46:31.072270+00:00", "symbol": "BTC-USD"}, {"trade_id": 850144519, "side": "buy", "size": "0.01265497", "price": "118220.01000000", "time": "2025-07-16T07:44:39.142845Z", "fetched_at": "2025-07-16T07:46:31.072270+00:00", "symbol": "BTC-USD"}, {"trade_id": 850144518, "side": "buy", "size": "0.01381878", "price": "118220.01000000", "time": "2025-07-16T07:44:39.142845Z", "fetched_at": "2025-07-16T07:46:31.072270+00:00", "symbol": "BTC-USD"}, {"trade_id": 850144517, "side": "buy", "size": "0.04932396", "price": "118220.01000000", "time": "2025-07-16T07:44:39.142671Z", "fetched_at": "2025-07-16T07:46:31.072270+00:00", "symbol": "BTC-USD"}, {"trade_id": 850144516, "side": "buy", "size": "0.03685725", "price": "118220.01000000", "time": "2025-07-16T07:44:39.142650Z", "fetched_at": "2025-07-16T07:46:31.072270+00:00", "symbol": "BTC-USD"}, {"trade_id": 850144515, "side": "buy", "size": "0.00134317", "price": "118220.01000000", "time": "2025-07-16T07:44:39.142650Z", "fetched_at": "2025-07-16T07:46:31.072270+00:00", "symbol": "BTC-USD"}, {"trade_id": 850144514, "side": "buy", "size": "0.00000109", "price": "118220.01000000", "time": "2025-07-16T07:44:39.142650Z", "fetched_at": "2025-07-16T07:46:31.072270+00:00", "symbol": "BTC-USD"}, {"trade_id": 850144513, "side": "buy", "size": "0.00021100", "price": "118220.01000000", "time": "2025-07-16T07:44:39.142650Z", "fetched_at": "2025-07-16T07:46:31.072270+00:00", "symbol": "BTC-USD"}, {"trade_id": 850144512, "side": "buy", "size": "0.04200026", "price": "118220.01000000", "time": "2025-07-16T07:44:38.680598Z", "fetched_at": "2025-07-16T07:46:31.072270+00:00", "symbol": "BTC-USD"}, {"trade_id": 850144511, "side": "buy", "size": "0.00000346", "price": "118220.01000000", "time": "2025-07-16T07:44:38.680598Z", "fetched_at": "2025-07-16T07:46:31.072270+00:00", "symbol": "BTC-USD"}, {"trade_id": 850144510, "side": "buy", "size": "0.01265497", "price": "118220.01000000", "time": "2025-07-16T07:44:38.680598Z", "fetched_at": "2025-07-16T07:46:31.072270+00:00", "symbol": "BTC-USD"}, {"trade_id": 850144509, "side": "buy", "size": "0.01000769", "price": "118220.01000000", "time": "2025-07-16T07:44:37.942197Z", "fetched_at": "2025-07-16T07:46:31.072270+00:00", "symbol": "BTC-USD"}, {"trade_id": 850144508, "side": "buy", "size": "0.00032100", "price": "118221.46000000", "time": "2025-07-16T07:44:37.647868Z", "fetched_at": "2025-07-16T07:46:31.072270+00:00", "symbol": "BTC-USD"}, {"trade_id": 850144507, "side": "buy", "size": "0.00000118", "price": "118221.46000000", "time": "2025-07-16T07:44:37.647868Z", "fetched_at": "2025-07-16T07:46:31.072270+00:00", "symbol": "BTC-USD"}, {"trade_id": 850144506, "side": "buy", "size": "0.00201494", "price": "118221.46000000", "time": "2025-07-16T07:44:37.647868Z", "fetched_at": "2025-07-16T07:46:31.072270+00:00", "symbol": "BTC-USD"}, {"trade_id": 850144505, "side": "buy", "size": "0.00000346", "price": "118221.46000000", "time": "2025-07-16T07:44:37.647868Z", "fetched_at": "2025-07-16T07:46:31.072270+00:00", "symbol": "BTC-USD"}, {"trade_id": 850144504, "side": "buy", "size": "0.03025292", "price": "118221.46000000", "time": "2025-07-16T07:44:37.647868Z", "fetched_at": "2025-07-16T07:46:31.072270+00:00", "symbol": "BTC-USD"}, {"trade_id": 850144503, "side": "buy", "size": "0.01186190", "price": "118221.46000000", "time": "2025-07-16T07:44:37.647841Z", "fetched_at": "2025-07-16T07:46:31.072270+00:00", "symbol": "BTC-USD"}, {"trade_id": 850144502, "side": "sell", "size": "0.00060961", "price": "118221.47000000", "time": "2025-07-16T07:44:35.310601Z", "fetched_at": "2025-07-16T07:46:31.072270+00:00", "symbol": "BTC-USD"}, {"trade_id": 850144501, "side": "sell", "size": "0.00000008", "price": "118221.47000000", "time": "2025-07-16T07:44:34.831146Z", "fetched_at": "2025-07-16T07:46:31.072270+00:00", "symbol": "BTC-USD"}, {"trade_id": 850144500, "side": "sell", "size": "0.00001665", "price": "118221.47000000", "time": "2025-07-16T07:44:34.813831Z", "fetched_at": "2025-07-16T07:46:31.072270+00:00", "symbol": "BTC-USD"}, {"trade_id": 850144499, "side": "sell", "size": "0.00004195", "price": "118221.47000000", "time": "2025-07-16T07:44:34.139442Z", "fetched_at": "2025-07-16T07:46:31.072270+00:00", "symbol": "BTC-USD"}, {"trade_id": 850144498, "side": "sell", "size": "0.00020542", "price": "118221.47000000", "time": "2025-07-16T07:44:33.845133Z", "fetched_at": "2025-07-16T07:46:31.072270+00:00", "symbol": "BTC-USD"}, {"trade_id": 850144497, "side": "buy", "size": "0.00016917", "price": "118221.46000000", "time": "2025-07-16T07:44:33.173789Z", "fetched_at": "2025-07-16T07:46:31.072270+00:00", "symbol": "BTC-USD"}, {"trade_id": 850144496, "side": "sell", "size": "0.01076621", "price": "118223.93000000", "time": "2025-07-16T07:44:32.677266Z", "fetched_at": "2025-07-16T07:46:31.072270+00:00", "symbol": "BTC-USD"}, {"trade_id": 850144495, "side": "sell", "size": "0.00188876", "price": "118223.93000000", "time": "2025-07-16T07:44:32.677266Z", "fetched_at": "2025-07-16T07:46:31.072270+00:00", "symbol": "BTC-USD"}, {"trade_id": 850144494, "side": "sell", "size": "0.01811124", "price": "118223.93000000", "time": "2025-07-16T07:44:32.677064Z", "fetched_at": "2025-07-16T07:46:31.072270+00:00", "symbol": "BTC-USD"}, {"trade_id": 850144493, "side": "sell", "size": "0.03000000", "price": "118222.18000000", "time": "2025-07-16T07:44:32.677064Z", "fetched_at": "2025-07-16T07:46:31.072270+00:00", "symbol": "BTC-USD"}, {"trade_id": 850144492, "side": "sell", "size": "0.00007875", "price": "118222.18000000", "time": "2025-07-16T07:44:32.677064Z", "fetched_at": "2025-07-16T07:46:31.072270+00:00", "symbol": "BTC-USD"}