[{"trade_id": 850034871, "side": "buy", "size": "0.08334302", "price": "118000.00000000", "time": "2025-07-16T01:10:46.084970Z", "fetched_at": "2025-07-16T01:10:49.293977+00:00", "symbol": "BTC-USD"}, {"trade_id": 850034870, "side": "buy", "size": "0.13230000", "price": "118000.35000000", "time": "2025-07-16T01:10:46.084970Z", "fetched_at": "2025-07-16T01:10:49.293977+00:00", "symbol": "BTC-USD"}, {"trade_id": 850034869, "side": "sell", "size": "0.00998760", "price": "118005.18000000", "time": "2025-07-16T01:10:46.080315Z", "fetched_at": "2025-07-16T01:10:49.293977+00:00", "symbol": "BTC-USD"}, {"trade_id": 850034868, "side": "sell", "size": "0.00001239", "price": "118004.12000000", "time": "2025-07-16T01:10:46.080315Z", "fetched_at": "2025-07-16T01:10:49.293977+00:00", "symbol": "BTC-USD"}, {"trade_id": 850034867, "side": "buy", "size": "0.00000144", "price": "118004.26000000", "time": "2025-07-16T01:10:46.070624Z", "fetched_at": "2025-07-16T01:10:49.293977+00:00", "symbol": "BTC-USD"}, {"trade_id": 850034866, "side": "buy", "size": "0.00000900", "price": "118005.18000000", "time": "2025-07-16T01:10:46.066476Z", "fetched_at": "2025-07-16T01:10:49.293977+00:00", "symbol": "BTC-USD"}, {"trade_id": 850034865, "side": "buy", "size": "0.00020400", "price": "118005.18000000", "time": "2025-07-16T01:10:46.066476Z", "fetched_at": "2025-07-16T01:10:49.293977+00:00", "symbol": "BTC-USD"}, {"trade_id": 850034864, "side": "buy", "size": "0.00000118", "price": "118005.20000000", "time": "2025-07-16T01:10:46.066476Z", "fetched_at": "2025-07-16T01:10:49.293977+00:00", "symbol": "BTC-USD"}, {"trade_id": 850034863, "side": "buy", "size": "0.00269310", "price": "118005.20000000", "time": "2025-07-16T01:10:46.066476Z", "fetched_at": "2025-07-16T01:10:49.293977+00:00", "symbol": "BTC-USD"}, {"trade_id": 850034862, "side": "buy", "size": "0.00999999", "price": "118005.50000000", "time": "2025-07-16T01:10:46.066476Z", "fetched_at": "2025-07-16T01:10:49.293977+00:00", "symbol": "BTC-USD"}, {"trade_id": 850034861, "side": "buy", "size": "0.00001068", "price": "118006.97000000", "time": "2025-07-16T01:10:46.063419Z", "fetched_at": "2025-07-16T01:10:49.293977+00:00", "symbol": "BTC-USD"}, {"trade_id": 850034860, "side": "sell", "size": "0.00082341", "price": "118005.21000000", "time": "2025-07-16T01:10:45.944867Z", "fetched_at": "2025-07-16T01:10:49.293977+00:00", "symbol": "BTC-USD"}, {"trade_id": 850034859, "side": "sell", "size": "0.00073133", "price": "118005.21000000", "time": "2025-07-16T01:10:45.262045Z", "fetched_at": "2025-07-16T01:10:49.293977+00:00", "symbol": "BTC-USD"}, {"trade_id": 850034858, "side": "buy", "size": "0.00004906", "price": "118010.13000000", "time": "2025-07-16T01:10:42.739190Z", "fetched_at": "2025-07-16T01:10:49.293977+00:00", "symbol": "BTC-USD"}, {"trade_id": 850034857, "side": "buy", "size": "0.00000347", "price": "118010.13000000", "time": "2025-07-16T01:10:42.739190Z", "fetched_at": "2025-07-16T01:10:49.293977+00:00", "symbol": "BTC-USD"}, {"trade_id": 850034856, "side": "buy", "size": "0.12937676", "price": "118010.13000000", "time": "2025-07-16T01:10:42.711978Z", "fetched_at": "2025-07-16T01:10:49.293977+00:00", "symbol": "BTC-USD"}, {"trade_id": 850034855, "side": "buy", "size": "0.00991224", "price": "118009.81000000", "time": "2025-07-16T01:10:42.651596Z", "fetched_at": "2025-07-16T01:10:49.293977+00:00", "symbol": "BTC-USD"}, {"trade_id": 850034854, "side": "sell", "size": "0.00001104", "price": "118007.37000000", "time": "2025-07-16T01:10:42.639776Z", "fetched_at": "2025-07-16T01:10:49.293977+00:00", "symbol": "BTC-USD"}, {"trade_id": 850034853, "side": "sell", "size": "0.00001472", "price": "118006.94000000", "time": "2025-07-16T01:10:42.639776Z", "fetched_at": "2025-07-16T01:10:49.293977+00:00", "symbol": "BTC-USD"}, {"trade_id": 850034852, "side": "sell", "size": "0.00000957", "price": "118006.48000000", "time": "2025-07-16T01:10:42.639776Z", "fetched_at": "2025-07-16T01:10:49.293977+00:00", "symbol": "BTC-USD"}, {"trade_id": 850034851, "side": "sell", "size": "0.00002267", "price": "118006.20000000", "time": "2025-07-16T01:10:42.639776Z", "fetched_at": "2025-07-16T01:10:49.293977+00:00", "symbol": "BTC-USD"}, {"trade_id": 850034850, "side": "sell", "size": "0.00001700", "price": "118004.26000000", "time": "2025-07-16T01:10:42.639776Z", "fetched_at": "2025-07-16T01:10:49.293977+00:00", "symbol": "BTC-USD"}, {"trade_id": 850034849, "side": "sell", "size": "0.00001275", "price": "118004.17000000", "time": "2025-07-16T01:10:42.639776Z", "fetched_at": "2025-07-16T01:10:49.293977+00:00", "symbol": "BTC-USD"}, {"trade_id": 850034848, "side": "buy", "size": "0.00001000", "price": "118005.90000000", "time": "2025-07-16T01:10:42.626605Z", "fetched_at": "2025-07-16T01:10:49.293977+00:00", "symbol": "BTC-USD"}, {"trade_id": 850034847, "side": "buy", "size": "0.00847389", "price": "118009.53000000", "time": "2025-07-16T01:10:42.626605Z", "fetched_at": "2025-07-16T01:10:49.293977+00:00", "symbol": "BTC-USD"}, {"trade_id": 850034846, "side": "buy", "size": "0.00003719", "price": "118009.80000000", "time": "2025-07-16T01:10:42.626605Z", "fetched_at": "2025-07-16T01:10:49.293977+00:00", "symbol": "BTC-USD"}, {"trade_id": 850034845, "side": "buy", "size": "0.00996280", "price": "118009.80000000", "time": "2025-07-16T01:10:42.621190Z", "fetched_at": "2025-07-16T01:10:49.293977+00:00", "symbol": "BTC-USD"}, {"trade_id": 850034844, "side": "buy", "size": "0.00000900", "price": "118011.30000000", "time": "2025-07-16T01:10:42.621190Z", "fetched_at": "2025-07-16T01:10:49.293977+00:00", "symbol": "BTC-USD"}, {"trade_id": 850034843, "side": "buy", "size": "0.00000910", "price": "118011.30000000", "time": "2025-07-16T01:10:42.621190Z", "fetched_at": "2025-07-16T01:10:49.293977+00:00", "symbol": "BTC-USD"}, {"trade_id": 850034842, "side": "buy", "size": "0.00000910", "price": "118011.30000000", "time": "2025-07-16T01:10:42.621190Z", "fetched_at": "2025-07-16T01:10:49.293977+00:00", "symbol": "BTC-USD"}, {"trade_id": 850034841, "side": "buy", "size": "0.00299400", "price": "118011.30000000", "time": "2025-07-16T01:10:42.620298Z", "fetched_at": "2025-07-16T01:10:49.293977+00:00", "symbol": "BTC-USD"}, {"trade_id": 850034840, "side": "buy", "size": "0.00042500", "price": "118011.30000000", "time": "2025-07-16T01:10:42.620298Z", "fetched_at": "2025-07-16T01:10:49.293977+00:00", "symbol": "BTC-USD"}, {"trade_id": 850034839, "side": "buy", "size": "0.00001100", "price": "118011.30000000", "time": "2025-07-16T01:10:42.620298Z", "fetched_at": "2025-07-16T01:10:49.293977+00:00", "symbol": "BTC-USD"}, {"trade_id": 850034838, "side": "buy", "size": "0.00168531", "price": "118011.30000000", "time": "2025-07-16T01:10:42.291350Z", "fetched_at": "2025-07-16T01:10:49.293977+00:00", "symbol": "BTC-USD"}, {"trade_id": 850034837, "side": "buy", "size": "0.00000920", "price": "118011.30000000", "time": "2025-07-16T01:10:42.291350Z", "fetched_at": "2025-07-16T01:10:49.293977+00:00", "symbol": "BTC-USD"}, {"trade_id": 850034836, "side": "sell", "size": "0.00040149", "price": "118011.31000000", "time": "2025-07-16T01:10:41.383274Z", "fetched_at": "2025-07-16T01:10:49.293977+00:00", "symbol": "BTC-USD"}, {"trade_id": 850034835, "side": "buy", "size": "0.00029478", "price": "118017.35000000", "time": "2025-07-16T01:10:41.244724Z", "fetched_at": "2025-07-16T01:10:49.293977+00:00", "symbol": "BTC-USD"}, {"trade_id": 850034834, "side": "buy", "size": "0.00000920", "price": "118021.36000000", "time": "2025-07-16T01:10:41.238557Z", "fetched_at": "2025-07-16T01:10:49.293977+00:00", "symbol": "BTC-USD"}, {"trade_id": 850034833, "side": "buy", "size": "0.00571356", "price": "118023.24000000", "time": "2025-07-16T01:10:41.235403Z", "fetched_at": "2025-07-16T01:10:49.293977+00:00", "symbol": "BTC-USD"}, {"trade_id": 850034832, "side": "sell", "size": "0.00002662", "price": "118021.97000000", "time": "2025-07-16T01:10:41.230230Z", "fetched_at": "2025-07-16T01:10:49.293977+00:00", "symbol": "BTC-USD"}, {"trade_id": 850034831, "side": "sell", "size": "0.00002295", "price": "118021.40000000", "time": "2025-07-16T01:10:41.230230Z", "fetched_at": "2025-07-16T01:10:49.293977+00:00", "symbol": "BTC-USD"}, {"trade_id": 850034830, "side": "sell", "size": "0.00423686", "price": "118021.37000000", "time": "2025-07-16T01:10:41.230230Z", "fetched_at": "2025-07-16T01:10:49.293977+00:00", "symbol": "BTC-USD"}, {"trade_id": 850034829, "side": "sell", "size": "0.00152667", "price": "118021.38000000", "time": "2025-07-16T01:10:41.219950Z", "fetched_at": "2025-07-16T01:10:49.293977+00:00", "symbol": "BTC-USD"}, {"trade_id": 850034828, "side": "sell", "size": "0.00847332", "price": "118017.36000000", "time": "2025-07-16T01:10:41.219950Z", "fetched_at": "2025-07-16T01:10:49.293977+00:00", "symbol": "BTC-USD"}, {"trade_id": 850034827, "side": "buy", "size": "0.00994193", "price": "118023.24000000", "time": "2025-07-16T01:10:41.209448Z", "fetched_at": "2025-07-16T01:10:49.293977+00:00", "symbol": "BTC-USD"}, {"trade_id": 850034826, "side": "sell", "size": "0.00005806", "price": "118020.77000000", "time": "2025-07-16T01:10:41.204679Z", "fetched_at": "2025-07-16T01:10:49.293977+00:00", "symbol": "BTC-USD"}, {"trade_id": 850034825, "side": "buy", "size": "0.01684444", "price": "118021.07000000", "time": "2025-07-16T01:10:41.198343Z", "fetched_at": "2025-07-16T01:10:49.293977+00:00", "symbol": "BTC-USD"}, {"trade_id": 850034824, "side": "buy", "size": "0.00000920", "price": "118021.46000000", "time": "2025-07-16T01:10:41.194959Z", "fetched_at": "2025-07-16T01:10:49.293977+00:00", "symbol": "BTC-USD"}, {"trade_id": 850034823, "side": "sell", "size": "0.00996455", "price": "118022.46000000", "time": "2025-07-16T01:10:41.193903Z", "fetched_at": "2025-07-16T01:10:49.293977+00:00", "symbol": "BTC-USD"}, {"trade_id": 850034822, "side": "sell", "size": "0.00003544", "price": "118021.52000000", "time": "2025-07-16T01:10:41.193903Z", "fetched_at": "2025-07-16T01:10:49.293977+00:00", "symbol": "BTC-USD"}, {"trade_id": 850034821, "side": "buy", "size": "0.00000347", "price": "118021.43000000", "time": "2025-07-16T01:10:41.191223Z", "fetched_at": "2025-07-16T01:10:49.293977+00:00", "symbol": "BTC-USD"}, {"trade_id": 850034820, "side": "buy", "size": "0.00004897", "price": "118021.43000000", "time": "2025-07-16T01:10:41.191223Z", "fetched_at": "2025-07-16T01:10:49.293977+00:00", "symbol": "BTC-USD"}, {"trade_id": 850034819, "side": "buy", "size": "0.00847304", "price": "118021.45000000", "time": "2025-07-16T01:10:41.191223Z", "fetched_at": "2025-07-16T01:10:49.293977+00:00", "symbol": "BTC-USD"}, {"trade_id": 850034818, "side": "buy", "size": "0.00000135", "price": "118022.47000000", "time": "2025-07-16T01:10:41.187011Z", "fetched_at": "2025-07-16T01:10:49.293977+00:00", "symbol": "BTC-USD"}, {"trade_id": 850034817, "side": "buy", "size": "0.00035410", "price": "118022.47000000", "time": "2025-07-16T01:10:41.187011Z", "fetched_at": "2025-07-16T01:10:49.293977+00:00", "symbol": "BTC-USD"}, {"trade_id": 850034816, "side": "buy", "size": "0.00000900", "price": "118023.22000000", "time": "2025-07-16T01:10:41.183017Z", "fetched_at": "2025-07-16T01:10:49.293977+00:00", "symbol": "BTC-USD"}, {"trade_id": 850034815, "side": "buy", "size": "0.00154400", "price": "118023.22000000", "time": "2025-07-16T01:10:41.183017Z", "fetched_at": "2025-07-16T01:10:49.293977+00:00", "symbol": "BTC-USD"}, {"trade_id": 850034814, "side": "buy", "size": "0.00999999", "price": "118023.23000000", "time": "2025-07-16T01:10:41.183017Z", "fetched_at": "2025-07-16T01:10:49.293977+00:00", "symbol": "BTC-USD"}, {"trade_id": 850034813, "side": "buy", "size": "0.02227906", "price": "118023.34000000", "time": "2025-07-16T01:10:41.183017Z", "fetched_at": "2025-07-16T01:10:49.293977+00:00", "symbol": "BTC-USD"}, {"trade_id": 850034812, "side": "buy", "size": "0.00002429", "price": "118023.34000000", "time": "2025-07-16T01:10:41.179639Z", "fetched_at": "2025-07-16T01:10:49.293977+00:00", "symbol": "BTC-USD"}, {"trade_id": 850034811, "side": "buy", "size": "0.08557917", "price": "118023.34000000", "time": "2025-07-16T01:10:41.128985Z", "fetched_at": "2025-07-16T01:10:49.293977+00:00", "symbol": "BTC-USD"}, {"trade_id": 850034810, "side": "sell", "size": "0.00083605", "price": "118023.23000000", "time": "2025-07-16T01:10:40.894819Z", "fetched_at": "2025-07-16T01:10:49.293977+00:00", "symbol": "BTC-USD"}, {"trade_id": 850034809, "side": "sell", "size": "0.00083904", "price": "118023.23000000", "time": "2025-07-16T01:10:40.297467Z", "fetched_at": "2025-07-16T01:10:49.293977+00:00", "symbol": "BTC-USD"}, {"trade_id": 850034808, "side": "buy", "size": "0.00015675", "price": "118022.48000000", "time": "2025-07-16T01:10:39.746953Z", "fetched_at": "2025-07-16T01:10:49.293977+00:00", "symbol": "BTC-USD"}, {"trade_id": 850034807, "side": "buy", "size": "0.00000900", "price": "118022.49000000", "time": "2025-07-16T01:10:39.746953Z", "fetched_at": "2025-07-16T01:10:49.293977+00:00", "symbol": "BTC-USD"}, {"trade_id": 850034806, "side": "sell", "size": "0.00010000", "price": "118023.35000000", "time": "2025-07-16T01:10:38.783754Z", "fetched_at": "2025-07-16T01:10:49.293977+00:00", "symbol": "BTC-USD"}, {"trade_id": 850034805, "side": "sell", "size": "0.00004193", "price": "118023.35000000", "time": "2025-07-16T01:10:38.764436Z", "fetched_at": "2025-07-16T01:10:49.293977+00:00", "symbol": "BTC-USD"}, {"trade_id": 850034804, "side": "buy", "size": "0.00132786", "price": "118022.47000000", "time": "2025-07-16T01:10:38.379759Z", "fetched_at": "2025-07-16T01:10:49.293977+00:00", "symbol": "BTC-USD"}, {"trade_id": 850034803, "side": "sell", "size": "0.00010483", "price": "118025.65000000", "time": "2025-07-16T01:10:38.200263Z", "fetched_at": "2025-07-16T01:10:49.293977+00:00", "symbol": "BTC-USD"}, {"trade_id": 850034802, "side": "sell", "size": "0.00005460", "price": "118025.64000000", "time": "2025-07-16T01:10:38.200263Z", "fetched_at": "2025-07-16T01:10:49.293977+00:00", "symbol": "BTC-USD"}, {"trade_id": 850034801, "side": "sell", "size": "0.00000830", "price": "118023.35000000", "time": "2025-07-16T01:10:38.200263Z", "fetched_at": "2025-07-16T01:10:49.293977+00:00", "symbol": "BTC-USD"}, {"trade_id": 850034800, "side": "sell", "size": "0.00411698", "price": "118023.35000000", "time": "2025-07-16T01:10:38.105211Z", "fetched_at": "2025-07-16T01:10:49.293977+00:00", "symbol": "BTC-USD"}, {"trade_id": 850034799, "side": "sell", "size": "0.00233062", "price": "118023.35000000", "time": "2025-07-16T01:10:36.998686Z", "fetched_at": "2025-07-16T01:10:49.293977+00:00", "symbol": "BTC-USD"}, {"trade_id": 850034798, "side": "sell", "size": "0.00101421", "price": "118025.59000000", "time": "2025-07-16T01:10:36.655025Z", "fetched_at": "2025-07-16T01:10:49.293977+00:00", "symbol": "BTC-USD"}, {"trade_id": 850034797, "side": "sell", "size": "0.00004919", "price": "118025.58000000", "time": "2025-07-16T01:10:36.655025Z", "fetched_at": "2025-07-16T01:10:49.293977+00:00", "symbol": "BTC-USD"}, {"trade_id": 850034796, "side": "sell", "size": "0.00123486", "price": "118023.35000000", "time": "2025-07-16T01:10:35.993801Z", "fetched_at": "2025-07-16T01:10:49.293977+00:00", "symbol": "BTC-USD"}, {"trade_id": 850034795, "side": "sell", "size": "0.00020967", "price": "118028.08000000", "time": "2025-07-16T01:10:35.782344Z", "fetched_at": "2025-07-16T01:10:49.293977+00:00", "symbol": "BTC-USD"}, {"trade_id": 850034794, "side": "sell", "size": "0.00025135", "price": "118028.08000000", "time": "2025-07-16T01:10:35.765465Z", "fetched_at": "2025-07-16T01:10:49.293977+00:00", "symbol": "BTC-USD"}, {"trade_id": 850034793, "side": "sell", "size": "0.00005399", "price": "118028.07000000", "time": "2025-07-16T01:10:35.765465Z", "fetched_at": "2025-07-16T01:10:49.293977+00:00", "symbol": "BTC-USD"}, {"trade_id": 850034792, "side": "buy", "size": "0.00007893", "price": "118021.48000000", "time": "2025-07-16T01:10:35.605479Z", "fetched_at": "2025-07-16T01:10:49.293977+00:00", "symbol": "BTC-USD"}, {"trade_id": 850034791, "side": "buy", "size": "0.00000186", "price": "118021.48000000", "time": "2025-07-16T01:10:35.605479Z", "fetched_at": "2025-07-16T01:10:49.293977+00:00", "symbol": "BTC-USD"}, {"trade_id": 850034790, "side": "buy", "size": "0.00000533", "price": "118021.48000000", "time": "2025-07-16T01:10:35.605479Z", "fetched_at": "2025-07-16T01:10:49.293977+00:00", "symbol": "BTC-USD"}, {"trade_id": 850034789, "side": "buy", "size": "0.00007447", "price": "118021.48000000", "time": "2025-07-16T01:10:35.605479Z", "fetched_at": "2025-07-16T01:10:49.293977+00:00", "symbol": "BTC-USD"}, {"trade_id": 850034788, "side": "sell", "size": "0.00032928", "price": "118028.30000000", "time": "2025-07-16T01:10:35.270536Z", "fetched_at": "2025-07-16T01:10:49.293977+00:00", "symbol": "BTC-USD"}, {"trade_id": 850034787, "side": "sell", "size": "0.00076173", "price": "118028.45000000", "time": "2025-07-16T01:10:34.917310Z", "fetched_at": "2025-07-16T01:10:49.293977+00:00", "symbol": "BTC-USD"}, {"trade_id": 850034786, "side": "sell", "size": "0.00006146", "price": "118028.44000000", "time": "2025-07-16T01:10:34.917310Z", "fetched_at": "2025-07-16T01:10:49.293977+00:00", "symbol": "BTC-USD"}, {"trade_id": 850034785, "side": "sell", "size": "0.00014183", "price": "118028.43000000", "time": "2025-07-16T01:10:33.648985Z", "fetched_at": "2025-07-16T01:10:49.293977+00:00", "symbol": "BTC-USD"}, {"trade_id": 850034784, "side": "sell", "size": "0.00006397", "price": "118028.42000000", "time": "2025-07-16T01:10:33.648985Z", "fetched_at": "2025-07-16T01:10:49.293977+00:00", "symbol": "BTC-USD"}, {"trade_id": 850034783, "side": "sell", "size": "0.00034764", "price": "118028.49000000", "time": "2025-07-16T01:10:33.416821Z", "fetched_at": "2025-07-16T01:10:49.293977+00:00", "symbol": "BTC-USD"}, {"trade_id": 850034782, "side": "sell", "size": "0.00006397", "price": "118028.48000000", "time": "2025-07-16T01:10:33.416821Z", "fetched_at": "2025-07-16T01:10:49.293977+00:00", "symbol": "BTC-USD"}, {"trade_id": 850034781, "side": "sell", "size": "0.00841082", "price": "118028.55000000", "time": "2025-07-16T01:10:33.128590Z", "fetched_at": "2025-07-16T01:10:49.293977+00:00", "symbol": "BTC-USD"}, {"trade_id": 850034780, "side": "sell", "size": "0.00006170", "price": "118028.54000000", "time": "2025-07-16T01:10:33.128590Z", "fetched_at": "2025-07-16T01:10:49.293977+00:00", "symbol": "BTC-USD"}, {"trade_id": 850034779, "side": "sell", "size": "0.00056268", "price": "118028.62000000", "time": "2025-07-16T01:10:33.009013Z", "fetched_at": "2025-07-16T01:10:49.293977+00:00", "symbol": "BTC-USD"}, {"trade_id": 850034778, "side": "sell", "size": "0.00005473", "price": "118028.61000000", "time": "2025-07-16T01:10:33.009013Z", "fetched_at": "2025-07-16T01:10:49.293977+00:00", "symbol": "BTC-USD"}, {"trade_id": 850034777, "side": "sell", "size": "0.00035688", "price": "118028.62000000", "time": "2025-07-16T01:10:32.949409Z", "fetched_at": "2025-07-16T01:10:49.293977+00:00", "symbol": "BTC-USD"}, {"trade_id": 850034776, "side": "sell", "size": "0.00005473", "price": "118028.61000000", "time": "2025-07-16T01:10:32.949409Z", "fetched_at": "2025-07-16T01:10:49.293977+00:00", "symbol": "BTC-USD"}, {"trade_id": 850034775, "side": "sell", "size": "0.00008177", "price": "118028.64000000", "time": "2025-07-16T01:10:32.727760Z", "fetched_at": "2025-07-16T01:10:49.293977+00:00", "symbol": "BTC-USD"}, {"trade_id": 850034774, "side": "sell", "size": "0.00001337", "price": "118028.65000000", "time": "2025-07-16T01:10:32.708181Z", "fetched_at": "2025-07-16T01:10:49.293977+00:00", "symbol": "BTC-USD"}, {"trade_id": 850034773, "side": "sell", "size": "0.00301332", "price": "118021.69000000", "time": "2025-07-16T01:10:32.439786Z", "fetched_at": "2025-07-16T01:10:49.293977+00:00", "symbol": "BTC-USD"}, {"trade_id": 850034772, "side": "sell", "size": "0.00020581", "price": "118021.69000000", "time": "2025-07-16T01:10:32.418209Z", "fetched_at": "2025-07-16T01:10:49.293977+00:00", "symbol": "BTC-USD"}, {"trade_id": 850034771, "side": "sell", "size": "0.00015308", "price": "118026.14000000", "time": "2025-07-16T01:10:32.122301Z", "fetched_at": "2025-07-16T01:10:49.293977+00:00", "symbol": "BTC-USD"}, {"trade_id": 850034770, "side": "sell", "size": "0.00005272", "price": "118026.13000000", "time": "2025-07-16T01:10:32.122301Z", "fetched_at": "2025-07-16T01:10:49.293977+00:00", "symbol": "BTC-USD"}, {"trade_id": 850034769, "side": "sell", "size": "0.00627647", "price": "118026.14000000", "time": "2025-07-16T01:10:32.029596Z", "fetched_at": "2025-07-16T01:10:49.293977+00:00", "symbol": "BTC-USD"}, {"trade_id": 850034768, "side": "sell", "size": "0.00005272", "price": "118026.13000000", "time": "2025-07-16T01:10:32.029596Z", "fetched_at": "2025-07-16T01:10:49.293977+00:00", "symbol": "BTC-USD"}, {"trade_id": 850034767, "side": "buy", "size": "0.00161845", "price": "118020.58000000", "time": "2025-07-16T01:10:31.964013Z", "fetched_at": "2025-07-16T01:10:49.293977+00:00", "symbol": "BTC-USD"}, {"trade_id": 850034766, "side": "sell", "size": "0.00014304", "price": "118025.37000000", "time": "2025-07-16T01:10:31.599763Z", "fetched_at": "2025-07-16T01:10:49.293977+00:00", "symbol": "BTC-USD"}, {"trade_id": 850034765, "side": "sell", "size": "0.00005588", "price": "118025.36000000", "time": "2025-07-16T01:10:31.599763Z", "fetched_at": "2025-07-16T01:10:49.293977+00:00", "symbol": "BTC-USD"}, {"trade_id": 850034764, "side": "sell", "size": "0.00000498", "price": "118023.60000000", "time": "2025-07-16T01:10:31.599763Z", "fetched_at": "2025-07-16T01:10:49.293977+00:00", "symbol": "BTC-USD"}, {"trade_id": 850034763, "side": "sell", "size": "0.00000576", "price": "118023.60000000", "time": "2025-07-16T01:10:31.599763Z", "fetched_at": "2025-07-16T01:10:49.293977+00:00", "symbol": "BTC-USD"}, {"trade_id": 850034762, "side": "sell", "size": "0.00018250", "price": "118023.60000000", "time": "2025-07-16T01:10:31.438898Z", "fetched_at": "2025-07-16T01:10:49.293977+00:00", "symbol": "BTC-USD"}, {"trade_id": 850034761, "side": "sell", "size": "0.00003100", "price": "118023.10000000", "time": "2025-07-16T01:10:31.438898Z", "fetched_at": "2025-07-16T01:10:49.293977+00:00", "symbol": "BTC-USD"}, {"trade_id": 850034760, "side": "sell", "size": "0.00000211", "price": "118023.09000000", "time": "2025-07-16T01:10:31.438898Z", "fetched_at": "2025-07-16T01:10:49.293977+00:00", "symbol": "BTC-USD"}, {"trade_id": 850034759, "side": "sell", "size": "0.00000664", "price": "118023.09000000", "time": "2025-07-16T01:10:31.438898Z", "fetched_at": "2025-07-16T01:10:49.293977+00:00", "symbol": "BTC-USD"}, {"trade_id": 850034758, "side": "sell", "size": "0.00082319", "price": "118019.93000000", "time": "2025-07-16T01:10:31.367805Z", "fetched_at": "2025-07-16T01:10:49.293977+00:00", "symbol": "BTC-USD"}, {"trade_id": 850034757, "side": "sell", "size": "0.00020581", "price": "118019.93000000", "time": "2025-07-16T01:10:31.364275Z", "fetched_at": "2025-07-16T01:10:49.293977+00:00", "symbol": "BTC-USD"}, {"trade_id": 850034756, "side": "sell", "size": "0.00657175", "price": "118014.72000000", "time": "2025-07-16T01:10:30.380356Z", "fetched_at": "2025-07-16T01:10:49.293977+00:00", "symbol": "BTC-USD"}, {"trade_id": 850034755, "side": "sell", "size": "0.00003984", "price": "118014.72000000", "time": "2025-07-16T01:10:30.285492Z", "fetched_at": "2025-07-16T01:10:49.293977+00:00", "symbol": "BTC-USD"}, {"trade_id": 850034754, "side": "sell", "size": "0.00041160", "price": "118010.66000000", "time": "2025-07-16T01:10:29.755042Z", "fetched_at": "2025-07-16T01:10:49.293977+00:00", "symbol": "BTC-USD"}, {"trade_id": 850034753, "side": "buy", "size": "0.01125385", "price": "118009.43000000", "time": "2025-07-16T01:10:29.615490Z", "fetched_at": "2025-07-16T01:10:49.293977+00:00", "symbol": "BTC-USD"}, {"trade_id": 850034752, "side": "buy", "size": "0.00334793", "price": "118009.43000000", "time": "2025-07-16T01:10:29.615490Z", "fetched_at": "2025-07-16T01:10:49.293977+00:00", "symbol": "BTC-USD"}, {"trade_id": 850034751, "side": "buy", "size": "0.00058950", "price": "118014.58000000", "time": "2025-07-16T01:10:29.596297Z", "fetched_at": "2025-07-16T01:10:49.293977+00:00", "symbol": "BTC-USD"}, {"trade_id": 850034750, "side": "buy", "size": "0.00000144", "price": "118014.59000000", "time": "2025-07-16T01:10:29.596297Z", "fetched_at": "2025-07-16T01:10:49.293977+00:00", "symbol": "BTC-USD"}, {"trade_id": 850034749, "side": "buy", "size": "0.01694293", "price": "118017.10000000", "time": "2025-07-16T01:10:29.596297Z", "fetched_at": "2025-07-16T01:10:49.293977+00:00", "symbol": "BTC-USD"}, {"trade_id": 850034748, "side": "buy", "size": "0.03000000", "price": "118018.89000000", "time": "2025-07-16T01:10:29.596297Z", "fetched_at": "2025-07-16T01:10:49.293977+00:00", "symbol": "BTC-USD"}, {"trade_id": 850034747, "side": "buy", "size": "0.00847316", "price": "118019.66000000", "time": "2025-07-16T01:10:29.595407Z", "fetched_at": "2025-07-16T01:10:49.293977+00:00", "symbol": "BTC-USD"}, {"trade_id": 850034746, "side": "buy", "size": "0.00999999", "price": "118021.43000000", "time": "2025-07-16T01:10:29.595407Z", "fetched_at": "2025-07-16T01:10:49.293977+00:00", "symbol": "BTC-USD"}, {"trade_id": 850034745, "side": "sell", "size": "0.00004017", "price": "118023.12000000", "time": "2025-07-16T01:10:29.407529Z", "fetched_at": "2025-07-16T01:10:49.293977+00:00", "symbol": "BTC-USD"}, {"trade_id": 850034744, "side": "sell", "size": "0.00024697", "price": "118021.42000000", "time": "2025-07-16T01:10:29.229268Z", "fetched_at": "2025-07-16T01:10:49.293977+00:00", "symbol": "BTC-USD"}, {"trade_id": 850034743, "side": "sell", "size": "0.00847303", "price": "118021.42000000", "time": "2025-07-16T01:10:29.189389Z", "fetched_at": "2025-07-16T01:10:49.293977+00:00", "symbol": "BTC-USD"}, {"trade_id": 850034742, "side": "sell", "size": "0.00003984", "price": "118021.42000000", "time": "2025-07-16T01:10:29.042716Z", "fetched_at": "2025-07-16T01:10:49.293977+00:00", "symbol": "BTC-USD"}, {"trade_id": 850034741, "side": "sell", "size": "0.00041161", "price": "118021.42000000", "time": "2025-07-16T01:10:28.856767Z", "fetched_at": "2025-07-16T01:10:49.293977+00:00", "symbol": "BTC-USD"}, {"trade_id": 850034740, "side": "sell", "size": "0.00020966", "price": "118021.42000000", "time": "2025-07-16T01:10:28.832797Z", "fetched_at": "2025-07-16T01:10:49.293977+00:00", "symbol": "BTC-USD"}, {"trade_id": 850034739, "side": "sell", "size": "0.00008177", "price": "118021.42000000", "time": "2025-07-16T01:10:28.643029Z", "fetched_at": "2025-07-16T01:10:49.293977+00:00", "symbol": "BTC-USD"}, {"trade_id": 850034738, "side": "sell", "size": "0.00049396", "price": "118021.42000000", "time": "2025-07-16T01:10:28.605918Z", "fetched_at": "2025-07-16T01:10:49.293977+00:00", "symbol": "BTC-USD"}, {"trade_id": 850034737, "side": "sell", "size": "0.00019705", "price": "118021.42000000", "time": "2025-07-16T01:10:28.605597Z", "fetched_at": "2025-07-16T01:10:49.293977+00:00", "symbol": "BTC-USD"}, {"trade_id": 850034736, "side": "sell", "size": "0.00000211", "price": "118021.01000000", "time": "2025-07-16T01:10:28.605597Z", "fetched_at": "2025-07-16T01:10:49.293977+00:00", "symbol": "BTC-USD"}, {"trade_id": 850034735, "side": "sell", "size": "0.00000664", "price": "118021.01000000", "time": "2025-07-16T01:10:28.605597Z", "fetched_at": "2025-07-16T01:10:49.293977+00:00", "symbol": "BTC-USD"}, {"trade_id": 850034734, "side": "buy", "size": "0.00030699", "price": "118019.76000000", "time": "2025-07-16T01:10:28.425296Z", "fetched_at": "2025-07-16T01:10:49.293977+00:00", "symbol": "BTC-USD"}, {"trade_id": 850034733, "side": "sell", "size": "0.00847340", "price": "118016.36000000", "time": "2025-07-16T01:10:28.418468Z", "fetched_at": "2025-07-16T01:10:49.293977+00:00", "symbol": "BTC-USD"}, {"trade_id": 850034732, "side": "sell", "size": "0.00003101", "price": "118014.60000000", "time": "2025-07-16T01:10:28.417173Z", "fetched_at": "2025-07-16T01:10:49.293977+00:00", "symbol": "BTC-USD"}, {"trade_id": 850034731, "side": "sell", "size": "0.00017318", "price": "118014.60000000", "time": "2025-07-16T01:10:28.417173Z", "fetched_at": "2025-07-16T01:10:49.293977+00:00", "symbol": "BTC-USD"}, {"trade_id": 850034730, "side": "sell", "size": "0.03148768", "price": "118014.59000000", "time": "2025-07-16T01:10:28.417173Z", "fetched_at": "2025-07-16T01:10:49.293977+00:00", "symbol": "BTC-USD"}, {"trade_id": 850034729, "side": "sell", "size": "0.03237002", "price": "118014.59000000", "time": "2025-07-16T01:10:28.417173Z", "fetched_at": "2025-07-16T01:10:49.293977+00:00", "symbol": "BTC-USD"}, {"trade_id": 850034728, "side": "sell", "size": "0.00044141", "price": "118014.59000000", "time": "2025-07-16T01:10:28.407511Z", "fetched_at": "2025-07-16T01:10:49.293977+00:00", "symbol": "BTC-USD"}, {"trade_id": 850034727, "side": "sell", "size": "0.00012345", "price": "118014.59000000", "time": "2025-07-16T01:10:28.334222Z", "fetched_at": "2025-07-16T01:10:49.293977+00:00", "symbol": "BTC-USD"}, {"trade_id": 850034726, "side": "sell", "size": "0.00016463", "price": "118014.59000000", "time": "2025-07-16T01:10:28.233906Z", "fetched_at": "2025-07-16T01:10:49.293977+00:00", "symbol": "BTC-USD"}, {"trade_id": 850034725, "side": "sell", "size": "0.00008177", "price": "118014.59000000", "time": "2025-07-16T01:10:28.123139Z", "fetched_at": "2025-07-16T01:10:49.293977+00:00", "symbol": "BTC-USD"}, {"trade_id": 850034724, "side": "buy", "size": "0.00054620", "price": "118014.58000000", "time": "2025-07-16T01:10:28.097593Z", "fetched_at": "2025-07-16T01:10:49.293977+00:00", "symbol": "BTC-USD"}, {"trade_id": 850034723, "side": "buy", "size": "0.00043261", "price": "118014.58000000", "time": "2025-07-16T01:10:28.038816Z", "fetched_at": "2025-07-16T01:10:49.293977+00:00", "symbol": "BTC-USD"}, {"trade_id": 850034722, "side": "sell", "size": "0.00164648", "price": "118014.59000000", "time": "2025-07-16T01:10:27.887555Z", "fetched_at": "2025-07-16T01:10:49.293977+00:00", "symbol": "BTC-USD"}, {"trade_id": 850034721, "side": "sell", "size": "0.00041160", "price": "118014.59000000", "time": "2025-07-16T01:10:27.862542Z", "fetched_at": "2025-07-16T01:10:49.293977+00:00", "symbol": "BTC-USD"}, {"trade_id": 850034720, "side": "sell", "size": "0.00016069", "price": "118014.59000000", "time": "2025-07-16T01:10:27.771936Z", "fetched_at": "2025-07-16T01:10:49.293977+00:00", "symbol": "BTC-USD"}, {"trade_id": 850034719, "side": "sell", "size": "0.00008177", "price": "118014.59000000", "time": "2025-07-16T01:10:27.625072Z", "fetched_at": "2025-07-16T01:10:49.293977+00:00", "symbol": "BTC-USD"}, {"trade_id": 850034718, "side": "sell", "size": "0.00008177", "price": "118014.59000000", "time": "2025-07-16T01:10:27.560338Z", "fetched_at": "2025-07-16T01:10:49.293977+00:00", "symbol": "BTC-USD"}, {"trade_id": 850034717, "side": "sell", "size": "0.00335408", "price": "118014.59000000", "time": "2025-07-16T01:10:27.515193Z", "fetched_at": "2025-07-16T01:10:49.293977+00:00", "symbol": "BTC-USD"}, {"trade_id": 850034716, "side": "sell", "size": "0.00008177", "price": "118014.59000000", "time": "2025-07-16T01:10:27.481272Z", "fetched_at": "2025-07-16T01:10:49.293977+00:00", "symbol": "BTC-USD"}, {"trade_id": 850034715, "side": "sell", "size": "0.00337540", "price": "118014.59000000", "time": "2025-07-16T01:10:27.353459Z", "fetched_at": "2025-07-16T01:10:49.293977+00:00", "symbol": "BTC-USD"}, {"trade_id": 850034714, "side": "sell", "size": "0.00246958", "price": "118014.59000000", "time": "2025-07-16T01:10:27.330284Z", "fetched_at": "2025-07-16T01:10:49.293977+00:00", "symbol": "BTC-USD"}, {"trade_id": 850034713, "side": "sell", "size": "0.00999999", "price": "118020.94000000", "time": "2025-07-16T01:10:27.070341Z", "fetched_at": "2025-07-16T01:10:49.293977+00:00", "symbol": "BTC-USD"}, {"trade_id": 850034712, "side": "buy", "size": "0.00001000", "price": "118014.75000000", "time": "2025-07-16T01:10:27.069130Z", "fetched_at": "2025-07-16T01:10:49.293977+00:00", "symbol": "BTC-USD"}, {"trade_id": 850034711, "side": "buy", "size": "0.00042354", "price": "118015.23000000", "time": "2025-07-16T01:10:27.069130Z", "fetched_at": "2025-07-16T01:10:49.293977+00:00", "symbol": "BTC-USD"}, {"trade_id": 850034710, "side": "sell", "size": "0.00600800", "price": "118020.94000000", "time": "2025-07-16T01:10:27.065249Z", "fetched_at": "2025-07-16T01:10:49.293977+00:00", "symbol": "BTC-USD"}, {"trade_id": 850034709, "side": "buy", "size": "0.00847320", "price": "118019.23000000", "time": "2025-07-16T01:10:27.049498Z", "fetched_at": "2025-07-16T01:10:49.293977+00:00", "symbol": "BTC-USD"}, {"trade_id": 850034708, "side": "buy", "size": "0.00564465", "price": "118020.94000000", "time": "2025-07-16T01:10:27.049498Z", "fetched_at": "2025-07-16T01:10:49.293977+00:00", "symbol": "BTC-USD"}, {"trade_id": 850034707, "side": "buy", "size": "0.00000918", "price": "118020.98000000", "time": "2025-07-16T01:10:27.049498Z", "fetched_at": "2025-07-16T01:10:49.293977+00:00", "symbol": "BTC-USD"}, {"trade_id": 850034706, "side": "sell", "size": "0.00008177", "price": "118020.99000000", "time": "2025-07-16T01:10:26.906314Z", "fetched_at": "2025-07-16T01:10:49.293977+00:00", "symbol": "BTC-USD"}, {"trade_id": 850034705, "side": "sell", "size": "0.00020580", "price": "118020.99000000", "time": "2025-07-16T01:10:26.698269Z", "fetched_at": "2025-07-16T01:10:49.293977+00:00", "symbol": "BTC-USD"}, {"trade_id": 850034704, "side": "buy", "size": "0.00023801", "price": "118020.94000000", "time": "2025-07-16T01:10:26.624751Z", "fetched_at": "2025-07-16T01:10:49.293977+00:00", "symbol": "BTC-USD"}, {"trade_id": 850034703, "side": "buy", "size": "0.00000949", "price": "118021.00000000", "time": "2025-07-16T01:10:26.624751Z", "fetched_at": "2025-07-16T01:10:49.293977+00:00", "symbol": "BTC-USD"}, {"trade_id": 850034702, "side": "buy", "size": "0.00000900", "price": "118021.00000000", "time": "2025-07-16T01:10:26.624751Z", "fetched_at": "2025-07-16T01:10:49.293977+00:00", "symbol": "BTC-USD"}, {"trade_id": 850034701, "side": "buy", "size": "0.00411733", "price": "118020.94000000", "time": "2025-07-16T01:10:26.595558Z", "fetched_at": "2025-07-16T01:10:49.293977+00:00", "symbol": "BTC-USD"}, {"trade_id": 850034700, "side": "buy", "size": "0.00000949", "price": "118021.00000000", "time": "2025-07-16T01:10:26.595558Z", "fetched_at": "2025-07-16T01:10:49.293977+00:00", "symbol": "BTC-USD"}, {"trade_id": 850034699, "side": "buy", "size": "0.00010000", "price": "118021.00000000", "time": "2025-07-16T01:10:26.595558Z", "fetched_at": "2025-07-16T01:10:49.293977+00:00", "symbol": "BTC-USD"}, {"trade_id": 850034698, "side": "buy", "size": "0.00000601", "price": "118021.00000000", "time": "2025-07-16T01:10:26.595558Z", "fetched_at": "2025-07-16T01:10:49.293977+00:00", "symbol": "BTC-USD"}, {"trade_id": 850034697, "side": "buy", "size": "0.00000263", "price": "118021.00000000", "time": "2025-07-16T01:10:26.595558Z", "fetched_at": "2025-07-16T01:10:49.293977+00:00", "symbol": "BTC-USD"}, {"trade_id": 850034696, "side": "buy", "size": "0.00000737", "price": "118021.00000000", "time": "2025-07-16T01:10:26.397666Z", "fetched_at": "2025-07-16T01:10:49.293977+00:00", "symbol": "BTC-USD"}, {"trade_id": 850034695, "side": "buy", "size": "0.00000169", "price": "118021.00000000", "time": "2025-07-16T01:10:26.397666Z", "fetched_at": "2025-07-16T01:10:49.293977+00:00", "symbol": "BTC-USD"}, {"trade_id": 850034694, "side": "buy", "size": "0.00000033", "price": "118021.00000000", "time": "2025-07-16T01:10:26.397666Z", "fetched_at": "2025-07-16T01:10:49.293977+00:00", "symbol": "BTC-USD"}, {"trade_id": 850034693, "side": "buy", "size": "0.00002347", "price": "118021.00000000", "time": "2025-07-16T01:10:26.397666Z", "fetched_at": "2025-07-16T01:10:49.293977+00:00", "symbol": "BTC-USD"}, {"trade_id": 850034692, "side": "buy", "size": "0.00000949", "price": "118021.00000000", "time": "2025-07-16T01:10:26.397666Z", "fetched_at": "2025-07-16T01:10:49.293977+00:00", "symbol": "BTC-USD"}, {"trade_id": 850034691, "side": "sell", "size": "0.00068289", "price": "118021.01000000", "time": "2025-07-16T01:10:26.214176Z", "fetched_at": "2025-07-16T01:10:49.293977+00:00", "symbol": "BTC-USD"}, {"trade_id": 850034690, "side": "sell", "size": "0.00041161", "price": "118021.01000000", "time": "2025-07-16T01:10:26.100454Z", "fetched_at": "2025-07-16T01:10:49.293977+00:00", "symbol": "BTC-USD"}, {"trade_id": 850034689, "side": "sell", "size": "0.00000008", "price": "118021.01000000", "time": "2025-07-16T01:10:25.846854Z", "fetched_at": "2025-07-16T01:10:49.293977+00:00", "symbol": "BTC-USD"}, {"trade_id": 850034688, "side": "sell", "size": "0.00000033", "price": "118021.01000000", "time": "2025-07-16T01:10:25.826837Z", "fetched_at": "2025-07-16T01:10:49.293977+00:00", "symbol": "BTC-USD"}, {"trade_id": 850034687, "side": "sell", "size": "0.00051877", "price": "118021.01000000", "time": "2025-07-16T01:10:25.806622Z", "fetched_at": "2025-07-16T01:10:49.293977+00:00", "symbol": "BTC-USD"}, {"trade_id": 850034686, "side": "sell", "size": "0.00010128", "price": "118021.01000000", "time": "2025-07-16T01:10:25.806622Z", "fetched_at": "2025-07-16T01:10:49.293977+00:00", "symbol": "BTC-USD"}, {"trade_id": 850034685, "side": "sell", "size": "0.00000635", "price": "118021.01000000", "time": "2025-07-16T01:10:25.806622Z", "fetched_at": "2025-07-16T01:10:49.293977+00:00", "symbol": "BTC-USD"}, {"trade_id": 850034684, "side": "sell", "size": "0.00001992", "price": "118021.01000000", "time": "2025-07-16T01:10:25.806622Z", "fetched_at": "2025-07-16T01:10:49.293977+00:00", "symbol": "BTC-USD"}, {"trade_id": 850034683, "side": "sell", "size": "0.00041161", "price": "118021.01000000", "time": "2025-07-16T01:10:25.553514Z", "fetched_at": "2025-07-16T01:10:49.293977+00:00", "symbol": "BTC-USD"}, {"trade_id": 850034682, "side": "sell", "size": "0.00008177", "price": "118021.01000000", "time": "2025-07-16T01:10:25.535777Z", "fetched_at": "2025-07-16T01:10:49.293977+00:00", "symbol": "BTC-USD"}, {"trade_id": 850034681, "side": "sell", "size": "0.00016066", "price": "118021.01000000", "time": "2025-07-16T01:10:25.361522Z", "fetched_at": "2025-07-16T01:10:49.293977+00:00", "symbol": "BTC-USD"}, {"trade_id": 850034680, "side": "sell", "size": "0.00055100", "price": "118021.01000000", "time": "2025-07-16T01:10:25.188866Z", "fetched_at": "2025-07-16T01:10:49.293977+00:00", "symbol": "BTC-USD"}, {"trade_id": 850034679, "side": "buy", "size": "0.00001145", "price": "118034.24000000", "time": "2025-07-16T01:10:25.098714Z", "fetched_at": "2025-07-16T01:10:49.293977+00:00", "symbol": "BTC-USD"}, {"trade_id": 850034678, "side": "buy", "size": "0.00001145", "price": "118031.43000000", "time": "2025-07-16T01:10:25.087324Z", "fetched_at": "2025-07-16T01:10:49.293977+00:00", "symbol": "BTC-USD"}, {"trade_id": 850034677, "side": "buy", "size": "0.00847244", "price": "118029.76000000", "time": "2025-07-16T01:10:25.077889Z", "fetched_at": "2025-07-16T01:10:49.293977+00:00", "symbol": "BTC-USD"}, {"trade_id": 850034676, "side": "buy", "size": "0.00000237", "price": "118031.45000000", "time": "2025-07-16T01:10:25.069873Z", "fetched_at": "2025-07-16T01:10:49.293977+00:00", "symbol": "BTC-USD"}, {"trade_id": 850034675, "side": "buy", "size": "0.00358116", "price": "118031.45000000", "time": "2025-07-16T01:10:25.069873Z", "fetched_at": "2025-07-16T01:10:49.293977+00:00", "symbol": "BTC-USD"}, {"trade_id": 850034674, "side": "buy", "size": "0.00000347", "price": "118031.45000000", "time": "2025-07-16T01:10:25.069873Z", "fetched_at": "2025-07-16T01:10:49.293977+00:00", "symbol": "BTC-USD"}, {"trade_id": 850034673, "side": "buy", "size": "0.00004896", "price": "118031.45000000", "time": "2025-07-16T01:10:25.069873Z", "fetched_at": "2025-07-16T01:10:49.293977+00:00", "symbol": "BTC-USD"}, {"trade_id": 850034672, "side": "buy", "size": "0.00999999", "price": "118031.46000000", "time": "2025-07-16T01:10:25.066880Z", "fetched_at": "2025-07-16T01:10:49.293977+00:00", "symbol": "BTC-USD"}, {"trade_id": 850034671, "side": "buy", "size": "0.00001145", "price": "118034.34000000", "time": "2025-07-16T01:10:25.046161Z", "fetched_at": "2025-07-16T01:10:49.293977+00:00", "symbol": "BTC-USD"}, {"trade_id": 850034670, "side": "buy", "size": "0.00001145", "price": "118034.34000000", "time": "2025-07-16T01:10:25.035882Z", "fetched_at": "2025-07-16T01:10:49.293977+00:00", "symbol": "BTC-USD"}, {"trade_id": 850034669, "side": "buy", "size": "0.00001145", "price": "118034.34000000", "time": "2025-07-16T01:10:25.024666Z", "fetched_at": "2025-07-16T01:10:49.293977+00:00", "symbol": "BTC-USD"}, {"trade_id": 850034668, "side": "buy", "size": "0.00001145", "price": "118034.34000000", "time": "2025-07-16T01:10:25.003584Z", "fetched_at": "2025-07-16T01:10:49.293977+00:00", "symbol": "BTC-USD"}, {"trade_id": 850034667, "side": "buy", "size": "0.00001145", "price": "118034.37000000", "time": "2025-07-16T01:10:24.982381Z", "fetched_at": "2025-07-16T01:10:49.293977+00:00", "symbol": "BTC-USD"}, {"trade_id": 850034666, "side": "buy", "size": "0.00001145", "price": "118034.37000000", "time": "2025-07-16T01:10:24.962148Z", "fetched_at": "2025-07-16T01:10:49.293977+00:00", "symbol": "BTC-USD"}, {"trade_id": 850034665, "side": "buy", "size": "0.00001145", "price": "118034.38000000", "time": "2025-07-16T01:10:24.941307Z", "fetched_at": "2025-07-16T01:10:49.293977+00:00", "symbol": "BTC-USD"}, {"trade_id": 850034664, "side": "buy", "size": "0.00001145", "price": "118034.38000000", "time": "2025-07-16T01:10:24.929151Z", "fetched_at": "2025-07-16T01:10:49.293977+00:00", "symbol": "BTC-USD"}, {"trade_id": 850034663, "side": "buy", "size": "0.00001145", "price": "118034.38000000", "time": "2025-07-16T01:10:24.917600Z", "fetched_at": "2025-07-16T01:10:49.293977+00:00", "symbol": "BTC-USD"}, {"trade_id": 850034662, "side": "buy", "size": "0.00001145", "price": "118034.39000000", "time": "2025-07-16T01:10:24.897340Z", "fetched_at": "2025-07-16T01:10:49.293977+00:00", "symbol": "BTC-USD"}, {"trade_id": 850034661, "side": "buy", "size": "0.00001145", "price": "118034.39000000", "time": "2025-07-16T01:10:24.877198Z", "fetched_at": "2025-07-16T01:10:49.293977+00:00", "symbol": "BTC-USD"}, {"trade_id": 850034660, "side": "buy", "size": "0.00001145", "price": "118034.38000000", "time": "2025-07-16T01:10:24.855248Z", "fetched_at": "2025-07-16T01:10:49.293977+00:00", "symbol": "BTC-USD"}, {"trade_id": 850034659, "side": "buy", "size": "0.00001152", "price": "118034.39000000", "time": "2025-07-16T01:10:24.835453Z", "fetched_at": "2025-07-16T01:10:49.293977+00:00", "symbol": "BTC-USD"}, {"trade_id": 850034658, "side": "buy", "size": "0.00001152", "price": "118034.39000000", "time": "2025-07-16T01:10:24.826209Z", "fetched_at": "2025-07-16T01:10:49.293977+00:00", "symbol": "BTC-USD"}, {"trade_id": 850034657, "side": "buy", "size": "0.00001152", "price": "118034.39000000", "time": "2025-07-16T01:10:24.814126Z", "fetched_at": "2025-07-16T01:10:49.293977+00:00", "symbol": "BTC-USD"}, {"trade_id": 850034656, "side": "buy", "size": "0.00001152", "price": "118034.41000000", "time": "2025-07-16T01:10:24.790815Z", "fetched_at": "2025-07-16T01:10:49.293977+00:00", "symbol": "BTC-USD"}, {"trade_id": 850034655, "side": "buy", "size": "0.00001152", "price": "118034.43000000", "time": "2025-07-16T01:10:24.771835Z", "fetched_at": "2025-07-16T01:10:49.293977+00:00", "symbol": "BTC-USD"}, {"trade_id": 850034654, "side": "buy", "size": "0.00001154", "price": "118034.31000000", "time": "2025-07-16T01:10:24.556650Z", "fetched_at": "2025-07-16T01:10:49.293977+00:00", "symbol": "BTC-USD"}, {"trade_id": 850034653, "side": "buy", "size": "0.00001154", "price": "118034.35000000", "time": "2025-07-16T01:10:24.504373Z", "fetched_at": "2025-07-16T01:10:49.293977+00:00", "symbol": "BTC-USD"}, {"trade_id": 850034652, "side": "buy", "size": "0.00001160", "price": "118034.45000000", "time": "2025-07-16T01:10:24.452804Z", "fetched_at": "2025-07-16T01:10:49.293977+00:00", "symbol": "BTC-USD"}, {"trade_id": 850034651, "side": "buy", "size": "0.00001163", "price": "118031.45000000", "time": "2025-07-16T01:10:24.052548Z", "fetched_at": "2025-07-16T01:10:49.293977+00:00", "symbol": "BTC-USD"}, {"trade_id": 850034650, "side": "sell", "size": "0.00401685", "price": "118031.47000000", "time": "2025-07-16T01:10:23.992287Z", "fetched_at": "2025-07-16T01:10:49.293977+00:00", "symbol": "BTC-USD"}, {"trade_id": 850034649, "side": "buy", "size": "0.00001163", "price": "118031.47000000", "time": "2025-07-16T01:10:23.970672Z", "fetched_at": "2025-07-16T01:10:49.293977+00:00", "symbol": "BTC-USD"}, {"trade_id": 850034648, "side": "sell", "size": "0.00007622", "price": "118034.47000000", "time": "2025-07-16T01:10:23.822314Z", "fetched_at": "2025-07-16T01:10:49.293977+00:00", "symbol": "BTC-USD"}, {"trade_id": 850034647, "side": "buy", "size": "0.00001352", "price": "118037.85000000", "time": "2025-07-16T01:10:23.117280Z", "fetched_at": "2025-07-16T01:10:49.293977+00:00", "symbol": "BTC-USD"}, {"trade_id": 850034646, "side": "buy", "size": "0.00001352", "price": "118037.86000000", "time": "2025-07-16T01:10:23.094283Z", "fetched_at": "2025-07-16T01:10:49.293977+00:00", "symbol": "BTC-USD"}, {"trade_id": 850034645, "side": "buy", "size": "0.00001352", "price": "118037.87000000", "time": "2025-07-16T01:10:23.082439Z", "fetched_at": "2025-07-16T01:10:49.293977+00:00", "symbol": "BTC-USD"}, {"trade_id": 850034644, "side": "buy", "size": "0.00999999", "price": "118036.72000000", "time": "2025-07-16T01:10:23.078566Z", "fetched_at": "2025-07-16T01:10:49.293977+00:00", "symbol": "BTC-USD"}, {"trade_id": 850034643, "side": "buy", "size": "0.00847198", "price": "118036.13000000", "time": "2025-07-16T01:10:23.066007Z", "fetched_at": "2025-07-16T01:10:49.293977+00:00", "symbol": "BTC-USD"}, {"trade_id": 850034642, "side": "buy", "size": "0.00447267", "price": "118036.70000000", "time": "2025-07-16T01:10:23.062421Z", "fetched_at": "2025-07-16T01:10:49.293977+00:00", "symbol": "BTC-USD"}, {"trade_id": 850034641, "side": "buy", "size": "0.00000711", "price": "118036.70000000", "time": "2025-07-16T01:10:23.062421Z", "fetched_at": "2025-07-16T01:10:49.293977+00:00", "symbol": "BTC-USD"}, {"trade_id": 850034640, "side": "buy", "size": "0.00019604", "price": "118036.70000000", "time": "2025-07-16T01:10:23.062421Z", "fetched_at": "2025-07-16T01:10:49.293977+00:00", "symbol": "BTC-USD"}, {"trade_id": 850034639, "side": "buy", "size": "0.00002101", "price": "118036.70000000", "time": "2025-07-16T01:10:23.062421Z", "fetched_at": "2025-07-16T01:10:49.293977+00:00", "symbol": "BTC-USD"}, {"trade_id": 850034638, "side": "buy", "size": "0.00999999", "price": "118036.71000000", "time": "2025-07-16T01:10:23.062421Z", "fetched_at": "2025-07-16T01:10:49.293977+00:00", "symbol": "BTC-USD"}, {"trade_id": 850034637, "side": "buy", "size": "0.00001352", "price": "118037.90000000", "time": "2025-07-16T01:10:23.062421Z", "fetched_at": "2025-07-16T01:10:49.293977+00:00", "symbol": "BTC-USD"}, {"trade_id": 850034636, "side": "buy", "size": "0.00000900", "price": "118037.90000000", "time": "2025-07-16T01:10:23.062421Z", "fetched_at": "2025-07-16T01:10:49.293977+00:00", "symbol": "BTC-USD"}, {"trade_id": 850034635, "side": "buy", "size": "0.00178000", "price": "118037.90000000", "time": "2025-07-16T01:10:23.062421Z", "fetched_at": "2025-07-16T01:10:49.293977+00:00", "symbol": "BTC-USD"}, {"trade_id": 850034634, "side": "buy", "size": "0.00101100", "price": "118037.90000000", "time": "2025-07-16T01:10:23.062421Z", "fetched_at": "2025-07-16T01:10:49.293977+00:00", "symbol": "BTC-USD"}, {"trade_id": 850034633, "side": "sell", "size": "0.00032696", "price": "118037.91000000", "time": "2025-07-16T01:10:22.908827Z", "fetched_at": "2025-07-16T01:10:49.293977+00:00", "symbol": "BTC-USD"}, {"trade_id": 850034632, "side": "sell", "size": "0.00020966", "price": "118037.91000000", "time": "2025-07-16T01:10:22.221263Z", "fetched_at": "2025-07-16T01:10:49.293977+00:00", "symbol": "BTC-USD"}, {"trade_id": 850034631, "side": "buy", "size": "0.00000900", "price": "118045.03000000", "time": "2025-07-16T01:10:21.285232Z", "fetched_at": "2025-07-16T01:10:49.293977+00:00", "symbol": "BTC-USD"}, {"trade_id": 850034630, "side": "buy", "size": "0.00715100", "price": "118045.03000000", "time": "2025-07-16T01:10:21.285232Z", "fetched_at": "2025-07-16T01:10:49.293977+00:00", "symbol": "BTC-USD"}, {"trade_id": 850034629, "side": "buy", "size": "0.00999999", "price": "118045.04000000", "time": "2025-07-16T01:10:21.285232Z", "fetched_at": "2025-07-16T01:10:49.293977+00:00", "symbol": "BTC-USD"}, {"trade_id": 850034628, "side": "buy", "size": "0.00002311", "price": "118045.83000000", "time": "2025-07-16T01:10:21.238993Z", "fetched_at": "2025-07-16T01:10:49.293977+00:00", "symbol": "BTC-USD"}, {"trade_id": 850034627, "side": "buy", "size": "0.00001437", "price": "118045.83000000", "time": "2025-07-16T01:10:21.238993Z", "fetched_at": "2025-07-16T01:10:49.293977+00:00", "symbol": "BTC-USD"}, {"trade_id": 850034626, "side": "buy", "size": "0.00401211", "price": "118045.83000000", "time": "2025-07-16T01:10:21.102431Z", "fetched_at": "2025-07-16T01:10:49.293977+00:00", "symbol": "BTC-USD"}, {"trade_id": 850034625, "side": "sell", "size": "0.00015036", "price": "118045.84000000", "time": "2025-07-16T01:10:20.822235Z", "fetched_at": "2025-07-16T01:10:49.293977+00:00", "symbol": "BTC-USD"}, {"trade_id": 850034624, "side": "sell", "size": "0.00005047", "price": "118045.04000000", "time": "2025-07-16T01:10:20.822235Z", "fetched_at": "2025-07-16T01:10:49.293977+00:00", "symbol": "BTC-USD"}, {"trade_id": 850034623, "side": "buy", "size": "0.00067075", "price": "118045.03000000", "time": "2025-07-16T01:10:19.825182Z", "fetched_at": "2025-07-16T01:10:49.293977+00:00", "symbol": "BTC-USD"}, {"trade_id": 850034622, "side": "buy", "size": "0.00002751", "price": "118045.03000000", "time": "2025-07-16T01:10:18.584034Z", "fetched_at": "2025-07-16T01:10:49.293977+00:00", "symbol": "BTC-USD"}, {"trade_id": 850034621, "side": "sell", "size": "0.00075000", "price": "118046.77000000", "time": "2025-07-16T01:10:18.058916Z", "fetched_at": "2025-07-16T01:10:49.293977+00:00", "symbol": "BTC-USD"}, {"trade_id": 850034620, "side": "buy", "size": "0.00735901", "price": "118019.86000000", "time": "2025-07-16T01:10:17.836903Z", "fetched_at": "2025-07-16T01:10:49.293977+00:00", "symbol": "BTC-USD"}, {"trade_id": 850034619, "side": "buy", "size": "0.00001000", "price": "118023.60000000", "time": "2025-07-16T01:10:17.836903Z", "fetched_at": "2025-07-16T01:10:49.293977+00:00", "symbol": "BTC-USD"}, {"trade_id": 850034618, "side": "buy", "size": "0.00024000", "price": "118033.63000000", "time": "2025-07-16T01:10:17.836903Z", "fetched_at": "2025-07-16T01:10:49.293977+00:00", "symbol": "BTC-USD"}, {"trade_id": 850034617, "side": "buy", "size": "0.00001391", "price": "118035.93000000", "time": "2025-07-16T01:10:17.836903Z", "fetched_at": "2025-07-16T01:10:49.293977+00:00", "symbol": "BTC-USD"}, {"trade_id": 850034616, "side": "sell", "size": "0.00035213", "price": "118043.27000000", "time": "2025-07-16T01:10:17.730056Z", "fetched_at": "2025-07-16T01:10:49.293977+00:00", "symbol": "BTC-USD"}, {"trade_id": 850034615, "side": "sell", "size": "0.00009317", "price": "118043.25000000", "time": "2025-07-16T01:10:17.730056Z", "fetched_at": "2025-07-16T01:10:49.293977+00:00", "symbol": "BTC-USD"}, {"trade_id": 850034614, "side": "buy", "size": "0.00001000", "price": "118032.45000000", "time": "2025-07-16T01:10:17.603117Z", "fetched_at": "2025-07-16T01:10:49.293977+00:00", "symbol": "BTC-USD"}, {"trade_id": 850034613, "side": "sell", "size": "0.00000627", "price": "118048.37000000", "time": "2025-07-16T01:10:17.591139Z", "fetched_at": "2025-07-16T01:10:49.293977+00:00", "symbol": "BTC-USD"}, {"trade_id": 850034612, "side": "buy", "size": "0.00001391", "price": "118048.36000000", "time": "2025-07-16T01:10:17.587941Z", "fetched_at": "2025-07-16T01:10:49.293977+00:00", "symbol": "BTC-USD"}, {"trade_id": 850034611, "side": "buy", "size": "0.00001450", "price": "118048.38000000", "time": "2025-07-16T01:10:17.557075Z", "fetched_at": "2025-07-16T01:10:49.293977+00:00", "symbol": "BTC-USD"}, {"trade_id": 850034610, "side": "buy", "size": "0.00999999", "price": "118043.96000000", "time": "2025-07-16T01:10:17.465968Z", "fetched_at": "2025-07-16T01:10:49.293977+00:00", "symbol": "BTC-USD"}, {"trade_id": 850034609, "side": "buy", "size": "0.00001458", "price": "118043.97000000", "time": "2025-07-16T01:10:17.465968Z", "fetched_at": "2025-07-16T01:10:49.293977+00:00", "symbol": "BTC-USD"}, {"trade_id": 850034608, "side": "sell", "size": "0.00121000", "price": "118053.21000000", "time": "2025-07-16T01:10:17.216492Z", "fetched_at": "2025-07-16T01:10:49.293977+00:00", "symbol": "BTC-USD"}, {"trade_id": 850034607, "side": "buy", "size": "0.00001426", "price": "118056.23000000", "time": "2025-07-16T01:10:17.096561Z", "fetched_at": "2025-07-16T01:10:49.293977+00:00", "symbol": "BTC-USD"}, {"trade_id": 850034606, "side": "sell", "size": "0.00999999", "price": "118054.37000000", "time": "2025-07-16T01:10:17.003389Z", "fetched_at": "2025-07-16T01:10:49.293977+00:00", "symbol": "BTC-USD"}, {"trade_id": 850034605, "side": "buy", "size": "0.01673965", "price": "118054.36000000", "time": "2025-07-16T01:10:16.995292Z", "fetched_at": "2025-07-16T01:10:49.293977+00:00", "symbol": "BTC-USD"}, {"trade_id": 850034604, "side": "buy", "size": "0.04234317", "price": "118056.23000000", "time": "2025-07-16T01:10:16.995292Z", "fetched_at": "2025-07-16T01:10:49.293977+00:00", "symbol": "BTC-USD"}, {"trade_id": 850034603, "side": "sell", "size": "0.00999999", "price": "118059.20000000", "time": "2025-07-16T01:10:16.991700Z", "fetched_at": "2025-07-16T01:10:49.293977+00:00", "symbol": "BTC-USD"}, {"trade_id": 850034602, "side": "buy", "size": "0.00000110", "price": "118060.59000000", "time": "2025-07-16T01:10:16.978509Z", "fetched_at": "2025-07-16T01:10:49.293977+00:00", "symbol": "BTC-USD"}, {"trade_id": 850034601, "side": "buy", "size": "0.00134405", "price": "118060.59000000", "time": "2025-07-16T01:10:16.978509Z", "fetched_at": "2025-07-16T01:10:49.293977+00:00", "symbol": "BTC-USD"}, {"trade_id": 850034600, "side": "buy", "size": "0.05000000", "price": "118062.00000000", "time": "2025-07-16T01:10:16.978509Z", "fetched_at": "2025-07-16T01:10:49.293977+00:00", "symbol": "BTC-USD"}, {"trade_id": 850034599, "side": "buy", "size": "0.05000000", "price": "118062.05000000", "time": "2025-07-16T01:10:16.978509Z", "fetched_at": "2025-07-16T01:10:49.293977+00:00", "symbol": "BTC-USD"}, {"trade_id": 850034598, "side": "buy", "size": "0.00847004", "price": "118063.21000000", "time": "2025-07-16T01:10:16.978509Z", "fetched_at": "2025-07-16T01:10:49.293977+00:00", "symbol": "BTC-USD"}, {"trade_id": 850034597, "side": "buy", "size": "0.00000347", "price": "118064.00000000", "time": "2025-07-16T01:10:16.978509Z", "fetched_at": "2025-07-16T01:10:49.293977+00:00", "symbol": "BTC-USD"}, {"trade_id": 850034596, "side": "buy", "size": "0.00004904", "price": "118064.00000000", "time": "2025-07-16T01:10:16.978509Z", "fetched_at": "2025-07-16T01:10:49.293977+00:00", "symbol": "BTC-USD"}, {"trade_id": 850034595, "side": "buy", "size": "0.00160606", "price": "118064.01000000", "time": "2025-07-16T01:10:16.978509Z", "fetched_at": "2025-07-16T01:10:49.293977+00:00", "symbol": "BTC-USD"}, {"trade_id": 850034594, "side": "buy", "size": "0.00102000", "price": "118064.98000000", "time": "2025-07-16T01:10:16.978509Z", "fetched_at": "2025-07-16T01:10:49.293977+00:00", "symbol": "BTC-USD"}, {"trade_id": 850034593, "side": "buy", "size": "0.00001421", "price": "118064.98000000", "time": "2025-07-16T01:10:16.978509Z", "fetched_at": "2025-07-16T01:10:49.293977+00:00", "symbol": "BTC-USD"}, {"trade_id": 850034592, "side": "sell", "size": "0.00090544", "price": "118064.99000000", "time": "2025-07-16T01:10:16.463785Z", "fetched_at": "2025-07-16T01:10:49.293977+00:00", "symbol": "BTC-USD"}, {"trade_id": 850034591, "side": "sell", "size": "0.00411546", "price": "118064.99000000", "time": "2025-07-16T01:10:16.340164Z", "fetched_at": "2025-07-16T01:10:49.293977+00:00", "symbol": "BTC-USD"}, {"trade_id": 850034590, "side": "buy", "size": "0.00839393", "price": "118064.01000000", "time": "2025-07-16T01:10:15.534456Z", "fetched_at": "2025-07-16T01:10:49.293977+00:00", "symbol": "BTC-USD"}, {"trade_id": 850034589, "side": "buy", "size": "0.00227000", "price": "118064.99000000", "time": "2025-07-16T01:10:15.534456Z", "fetched_at": "2025-07-16T01:10:49.293977+00:00", "symbol": "BTC-USD"}, {"trade_id": 850034588, "side": "buy", "size": "0.00367000", "price": "118064.99000000", "time": "2025-07-16T01:10:15.534456Z", "fetched_at": "2025-07-16T01:10:49.293977+00:00", "symbol": "BTC-USD"}, {"trade_id": 850034587, "side": "buy", "size": "0.00001517", "price": "118064.99000000", "time": "2025-07-16T01:10:15.534456Z", "fetched_at": "2025-07-16T01:10:49.293977+00:00", "symbol": "BTC-USD"}, {"trade_id": 850034586, "side": "buy", "size": "0.00034400", "price": "118064.99000000", "time": "2025-07-16T01:10:15.534456Z", "fetched_at": "2025-07-16T01:10:49.293977+00:00", "symbol": "BTC-USD"}, {"trade_id": 850034585, "side": "buy", "size": "0.00009782", "price": "118064.99000000", "time": "2025-07-16T01:10:15.534456Z", "fetched_at": "2025-07-16T01:10:49.293977+00:00", "symbol": "BTC-USD"}, {"trade_id": 850034584, "side": "buy", "size": "0.00006742", "price": "118064.99000000", "time": "2025-07-16T01:10:15.233734Z", "fetched_at": "2025-07-16T01:10:49.293977+00:00", "symbol": "BTC-USD"}, {"trade_id": 850034583, "side": "buy", "size": "0.01705668", "price": "118064.99000000", "time": "2025-07-16T01:10:15.137045Z", "fetched_at": "2025-07-16T01:10:49.293977+00:00", "symbol": "BTC-USD"}, {"trade_id": 850034582, "side": "buy", "size": "0.00413565", "price": "118064.99000000", "time": "2025-07-16T01:10:14.008834Z", "fetched_at": "2025-07-16T01:10:49.293977+00:00", "symbol": "BTC-USD"}, {"trade_id": 850034581, "side": "buy", "size": "0.00716000", "price": "118064.99000000", "time": "2025-07-16T01:10:14.008834Z", "fetched_at": "2025-07-16T01:10:49.293977+00:00", "symbol": "BTC-USD"}, {"trade_id": 850034580, "side": "buy", "size": "0.00222292", "price": "118064.99000000", "time": "2025-07-16T01:10:14.008834Z", "fetched_at": "2025-07-16T01:10:49.293977+00:00", "symbol": "BTC-USD"}, {"trade_id": 850034579, "side": "buy", "size": "0.00002162", "price": "118064.99000000", "time": "2025-07-16T01:10:14.008834Z", "fetched_at": "2025-07-16T01:10:49.293977+00:00", "symbol": "BTC-USD"}, {"trade_id": 850034578, "side": "buy", "size": "0.00014719", "price": "118064.99000000", "time": "2025-07-16T01:10:14.008834Z", "fetched_at": "2025-07-16T01:10:49.293977+00:00", "symbol": "BTC-USD"}, {"trade_id": 850034577, "side": "sell", "size": "0.00246928", "price": "118065.00000000", "time": "2025-07-16T01:10:13.603179Z", "fetched_at": "2025-07-16T01:10:49.293977+00:00", "symbol": "BTC-USD"}, {"trade_id": 850034576, "side": "buy", "size": "0.00028130", "price": "118064.99000000", "time": "2025-07-16T01:10:13.250456Z", "fetched_at": "2025-07-16T01:10:49.293977+00:00", "symbol": "BTC-USD"}, {"trade_id": 850034575, "side": "sell", "size": "0.00205722", "price": "118065.00000000", "time": "2025-07-16T01:10:12.681165Z", "fetched_at": "2025-07-16T01:10:49.293977+00:00", "symbol": "BTC-USD"}, {"trade_id": 850034574, "side": "buy", "size": "0.00016151", "price": "118064.99000000", "time": "2025-07-16T01:10:11.976858Z", "fetched_at": "2025-07-16T01:10:49.293977+00:00", "symbol": "BTC-USD"}, {"trade_id": 850034573, "side": "sell", "size": "0.00617164", "price": "118065.00000000", "time": "2025-07-16T01:10:11.279639Z", "fetched_at": "2025-07-16T01:10:49.293977+00:00", "symbol": "BTC-USD"}, {"trade_id": 850034572, "side": "sell", "size": "0.00020959", "price": "118065.00000000", "time": "2025-07-16T01:10:10.892697Z", "fetched_at": "2025-07-16T01:10:49.293977+00:00", "symbol": "BTC-USD"}, {"trade_id": 850034571, "side": "sell", "size": "0.00000922", "price": "118065.00000000", "time": "2025-07-16T01:10:09.980499Z", "fetched_at": "2025-07-16T01:10:49.293977+00:00", "symbol": "BTC-USD"}, {"trade_id": 850034570, "side": "buy", "size": "0.00091332", "price": "118064.99000000", "time": "2025-07-16T01:10:08.526949Z", "fetched_at": "2025-07-16T01:10:49.293977+00:00", "symbol": "BTC-USD"}, {"trade_id": 850034569, "side": "buy", "size": "0.00694999", "price": "118064.99000000", "time": "2025-07-16T01:10:08.526949Z", "fetched_at": "2025-07-16T01:10:49.293977+00:00", "symbol": "BTC-USD"}, {"trade_id": 850034568, "side": "buy", "size": "0.00172001", "price": "118064.99000000", "time": "2025-07-16T01:10:08.068344Z", "fetched_at": "2025-07-16T01:10:49.293977+00:00", "symbol": "BTC-USD"}, {"trade_id": 850034567, "side": "buy", "size": "0.00002115", "price": "118064.99000000", "time": "2025-07-16T01:10:08.068344Z", "fetched_at": "2025-07-16T01:10:49.293977+00:00", "symbol": "BTC-USD"}, {"trade_id": 850034566, "side": "sell", "size": "0.04232295", "price": "118065.00000000", "time": "2025-07-16T01:10:07.975937Z", "fetched_at": "2025-07-16T01:10:49.293977+00:00", "symbol": "BTC-USD"}, {"trade_id": 850034565, "side": "sell", "size": "0.00012630", "price": "118065.00000000", "time": "2025-07-16T01:10:06.638228Z", "fetched_at": "2025-07-16T01:10:49.293977+00:00", "symbol": "BTC-USD"}, {"trade_id": 850034564, "side": "sell", "size": "0.01646394", "price": "118065.00000000", "time": "2025-07-16T01:10:06.295328Z", "fetched_at": "2025-07-16T01:10:49.293977+00:00", "symbol": "BTC-USD"}, {"trade_id": 850034563, "side": "sell", "size": "0.00999999", "price": "118065.00000000", "time": "2025-07-16T01:10:06.078002Z", "fetched_at": "2025-07-16T01:10:49.293977+00:00", "symbol": "BTC-USD"}, {"trade_id": 850034562, "side": "sell", "size": "0.00999999", "price": "118065.00000000", "time": "2025-07-16T01:10:06.066462Z", "fetched_at": "2025-07-16T01:10:49.293977+00:00", "symbol": "BTC-USD"}, {"trade_id": 850034561, "side": "sell", "size": "0.00999999", "price": "118065.00000000", "time": "2025-07-16T01:10:06.055769Z", "fetched_at": "2025-07-16T01:10:49.293977+00:00", "symbol": "BTC-USD"}, {"trade_id": 850034560, "side": "sell", "size": "0.00999999", "price": "118065.00000000", "time": "2025-07-16T01:10:06.045447Z", "fetched_at": "2025-07-16T01:10:49.293977+00:00", "symbol": "BTC-USD"}, {"trade_id": 850034559, "side": "sell", "size": "0.00999999", "price": "118065.00000000", "time": "2025-07-16T01:10:06.034789Z", "fetched_at": "2025-07-16T01:10:49.293977+00:00", "symbol": "BTC-USD"}, {"trade_id": 850034558, "side": "buy", "size": "0.00001912", "price": "118070.99000000", "time": "2025-07-16T01:10:06.023273Z", "fetched_at": "2025-07-16T01:10:49.293977+00:00", "symbol": "BTC-USD"}, {"trade_id": 850034557, "side": "buy", "size": "0.00042298", "price": "118075.21000000", "time": "2025-07-16T01:10:06.023273Z", "fetched_at": "2025-07-16T01:10:49.293977+00:00", "symbol": "BTC-USD"}, {"trade_id": 850034556, "side": "buy", "size": "0.00999999", "price": "118081.53000000", "time": "2025-07-16T01:10:06.023273Z", "fetched_at": "2025-07-16T01:10:49.293977+00:00", "symbol": "BTC-USD"}, {"trade_id": 850034555, "side": "buy", "size": "0.02046000", "price": "118082.79000000", "time": "2025-07-16T01:10:06.023273Z", "fetched_at": "2025-07-16T01:10:49.293977+00:00", "symbol": "BTC-USD"}, {"trade_id": 850034554, "side": "buy", "size": "0.00290080", "price": "118082.79000000", "time": "2025-07-16T01:10:06.023273Z", "fetched_at": "2025-07-16T01:10:49.293977+00:00", "symbol": "BTC-USD"}, {"trade_id": 850034553, "side": "sell", "size": "0.04011289", "price": "118088.83000000", "time": "2025-07-16T01:10:05.508661Z", "fetched_at": "2025-07-16T01:10:49.293977+00:00", "symbol": "BTC-USD"}, {"trade_id": 850034552, "side": "sell", "size": "0.00002011", "price": "118088.83000000", "time": "2025-07-16T01:10:05.508661Z", "fetched_at": "2025-07-16T01:10:49.293977+00:00", "symbol": "BTC-USD"}, {"trade_id": 850034551, "side": "buy", "size": "0.00004662", "price": "118081.52000000", "time": "2025-07-16T01:10:05.508610Z", "fetched_at": "2025-07-16T01:10:49.293977+00:00", "symbol": "BTC-USD"}, {"trade_id": 850034550, "side": "sell", "size": "0.00153127", "price": "118081.53000000", "time": "2025-07-16T01:10:05.423348Z", "fetched_at": "2025-07-16T01:10:49.293977+00:00", "symbol": "BTC-USD"}, {"trade_id": 850034549, "side": "sell", "size": "0.00846872", "price": "118081.53000000", "time": "2025-07-16T01:10:05.423348Z", "fetched_at": "2025-07-16T01:10:49.293977+00:00", "symbol": "BTC-USD"}, {"trade_id": 850034548, "side": "sell", "size": "0.00999032", "price": "118085.40000000", "time": "2025-07-16T01:10:05.411987Z", "fetched_at": "2025-07-16T01:10:49.293977+00:00", "symbol": "BTC-USD"}, {"trade_id": 850034547, "side": "sell", "size": "0.00000967", "price": "118083.31000000", "time": "2025-07-16T01:10:05.411987Z", "fetched_at": "2025-07-16T01:10:49.293977+00:00", "symbol": "BTC-USD"}, {"trade_id": 850034546, "side": "sell", "size": "0.00999999", "price": "118085.40000000", "time": "2025-07-16T01:10:05.401500Z", "fetched_at": "2025-07-16T01:10:49.293977+00:00", "symbol": "BTC-USD"}, {"trade_id": 850034545, "side": "sell", "size": "0.00153130", "price": "118085.40000000", "time": "2025-07-16T01:10:05.390109Z", "fetched_at": "2025-07-16T01:10:49.293977+00:00", "symbol": "BTC-USD"}, {"trade_id": 850034544, "side": "sell", "size": "0.00846869", "price": "118082.01000000", "time": "2025-07-16T01:10:05.390109Z", "fetched_at": "2025-07-16T01:10:49.293977+00:00", "symbol": "BTC-USD"}, {"trade_id": 850034543, "side": "buy", "size": "0.00846814", "price": "118089.75000000", "time": "2025-07-16T01:10:05.379062Z", "fetched_at": "2025-07-16T01:10:49.293977+00:00", "symbol": "BTC-USD"}, {"trade_id": 850034542, "side": "buy", "size": "0.00999999", "price": "118089.76000000", "time": "2025-07-16T01:10:05.379062Z", "fetched_at": "2025-07-16T01:10:49.293977+00:00", "symbol": "BTC-USD"}, {"trade_id": 850034541, "side": "buy", "size": "0.00296520", "price": "118091.52000000", "time": "2025-07-16T01:10:05.378248Z", "fetched_at": "2025-07-16T01:10:49.293977+00:00", "symbol": "BTC-USD"}, {"trade_id": 850034540, "side": "buy", "size": "0.00999999", "price": "118091.49000000", "time": "2025-07-16T01:10:05.160003Z", "fetched_at": "2025-07-16T01:10:49.293977+00:00", "symbol": "BTC-USD"}, {"trade_id": 850034539, "side": "buy", "size": "0.00264320", "price": "118091.51000000", "time": "2025-07-16T01:10:05.160003Z", "fetched_at": "2025-07-16T01:10:49.293977+00:00", "symbol": "BTC-USD"}, {"trade_id": 850034538, "side": "sell", "size": "0.00014379", "price": "118092.90000000", "time": "2025-07-16T01:10:04.800699Z", "fetched_at": "2025-07-16T01:10:49.293977+00:00", "symbol": "BTC-USD"}, {"trade_id": 850034537, "side": "sell", "size": "0.00011369", "price": "118092.90000000", "time": "2025-07-16T01:10:03.892579Z", "fetched_at": "2025-07-16T01:10:49.293977+00:00", "symbol": "BTC-USD"}, {"trade_id": 850034536, "side": "buy", "size": "0.00002724", "price": "118090.87000000", "time": "2025-07-16T01:10:03.578543Z", "fetched_at": "2025-07-16T01:10:49.293977+00:00", "symbol": "BTC-USD"}, {"trade_id": 850034535, "side": "buy", "size": "0.00002174", "price": "118090.88000000", "time": "2025-07-16T01:10:03.578543Z", "fetched_at": "2025-07-16T01:10:49.293977+00:00", "symbol": "BTC-USD"}, {"trade_id": 850034534, "side": "buy", "size": "0.00227080", "price": "118091.37000000", "time": "2025-07-16T01:10:03.578543Z", "fetched_at": "2025-07-16T01:10:49.293977+00:00", "symbol": "BTC-USD"}, {"trade_id": 850034533, "side": "sell", "size": "0.00140304", "price": "118094.98000000", "time": "2025-07-16T01:10:02.823014Z", "fetched_at": "2025-07-16T01:10:49.293977+00:00", "symbol": "BTC-USD"}, {"trade_id": 850034532, "side": "sell", "size": "0.00003059", "price": "118094.97000000", "time": "2025-07-16T01:10:02.823014Z", "fetched_at": "2025-07-16T01:10:49.293977+00:00", "symbol": "BTC-USD"}, {"trade_id": 850034531, "side": "sell", "size": "0.00000664", "price": "118094.96000000", "time": "2025-07-16T01:10:02.823014Z", "fetched_at": "2025-07-16T01:10:49.293977+00:00", "symbol": "BTC-USD"}, {"trade_id": 850034530, "side": "sell", "size": "0.00000537", "price": "118094.58000000", "time": "2025-07-16T01:10:02.581742Z", "fetched_at": "2025-07-16T01:10:49.293977+00:00", "symbol": "BTC-USD"}, {"trade_id": 850034529, "side": "sell", "size": "0.00999999", "price": "118092.15000000", "time": "2025-07-16T01:10:02.342685Z", "fetched_at": "2025-07-16T01:10:49.293977+00:00", "symbol": "BTC-USD"}, {"trade_id": 850034528, "side": "sell", "size": "0.00999999", "price": "118092.15000000", "time": "2025-07-16T01:10:02.329867Z", "fetched_at": "2025-07-16T01:10:49.293977+00:00", "symbol": "BTC-USD"}, {"trade_id": 850034527, "side": "sell", "size": "0.00153133", "price": "118092.16000000", "time": "2025-07-16T01:10:02.315676Z", "fetched_at": "2025-07-16T01:10:49.293977+00:00", "symbol": "BTC-USD"}, {"trade_id": 850034526, "side": "sell", "size": "0.00846866", "price": "118082.40000000", "time": "2025-07-16T01:10:02.315676Z", "fetched_at": "2025-07-16T01:10:49.293977+00:00", "symbol": "BTC-USD"}, {"trade_id": 850034525, "side": "buy", "size": "0.00378520", "price": "118064.22000000", "time": "2025-07-16T01:10:02.302598Z", "fetched_at": "2025-07-16T01:10:49.293977+00:00", "symbol": "BTC-USD"}, {"trade_id": 850034524, "side": "buy", "size": "0.11006011", "price": "118069.20000000", "time": "2025-07-16T01:10:02.302598Z", "fetched_at": "2025-07-16T01:10:49.293977+00:00", "symbol": "BTC-USD"}, {"trade_id": 850034523, "side": "buy", "size": "0.13230000", "price": "118072.03000000", "time": "2025-07-16T01:10:02.302598Z", "fetched_at": "2025-07-16T01:10:49.293977+00:00", "symbol": "BTC-USD"}, {"trade_id": 850034522, "side": "buy", "size": "0.04988620", "price": "118074.29000000", "time": "2025-07-16T01:10:02.302598Z", "fetched_at": "2025-07-16T01:10:49.293977+00:00", "symbol": "BTC-USD"}, {"trade_id": 850034521, "side": "buy", "size": "0.05433665", "price": "118074.30000000", "time": "2025-07-16T01:10:02.302598Z", "fetched_at": "2025-07-16T01:10:49.293977+00:00", "symbol": "BTC-USD"}, {"trade_id": 850034520, "side": "buy", "size": "0.00526182", "price": "118078.92000000", "time": "2025-07-16T01:10:02.302598Z", "fetched_at": "2025-07-16T01:10:49.293977+00:00", "symbol": "BTC-USD"}, {"trade_id": 850034519, "side": "buy", "size": "0.03255065", "price": "118080.01000000", "time": "2025-07-16T01:10:02.302598Z", "fetched_at": "2025-07-16T01:10:49.293977+00:00", "symbol": "BTC-USD"}, {"trade_id": 850034518, "side": "buy", "size": "0.00846879", "price": "118080.49000000", "time": "2025-07-16T01:10:02.302598Z", "fetched_at": "2025-07-16T01:10:49.293977+00:00", "symbol": "BTC-USD"}, {"trade_id": 850034517, "side": "buy", "size": "0.03247766", "price": "118081.95000000", "time": "2025-07-16T01:10:02.302598Z", "fetched_at": "2025-07-16T01:10:49.293977+00:00", "symbol": "BTC-USD"}, {"trade_id": 850034516, "side": "buy", "size": "0.00281180", "price": "118082.48000000", "time": "2025-07-16T01:10:02.302598Z", "fetched_at": "2025-07-16T01:10:49.293977+00:00", "symbol": "BTC-USD"}, {"trade_id": 850034515, "side": "buy", "size": "0.01013294", "price": "118085.54000000", "time": "2025-07-16T01:10:02.302598Z", "fetched_at": "2025-07-16T01:10:49.293977+00:00", "symbol": "BTC-USD"}, {"trade_id": 850034514, "side": "buy", "size": "0.00134394", "price": "118085.54000000", "time": "2025-07-16T01:10:02.302598Z", "fetched_at": "2025-07-16T01:10:49.293977+00:00", "symbol": "BTC-USD"}, {"trade_id": 850034513, "side": "buy", "size": "0.00002074", "price": "118085.55000000", "time": "2025-07-16T01:10:02.302598Z", "fetched_at": "2025-07-16T01:10:49.293977+00:00", "symbol": "BTC-USD"}, {"trade_id": 850034512, "side": "buy", "size": "0.00003375", "price": "118085.61000000", "time": "2025-07-16T01:10:02.302598Z", "fetched_at": "2025-07-16T01:10:49.293977+00:00", "symbol": "BTC-USD"}, {"trade_id": 850034511, "side": "buy", "size": "0.03550263", "price": "118085.62000000", "time": "2025-07-16T01:10:02.302598Z", "fetched_at": "2025-07-16T01:10:49.293977+00:00", "symbol": "BTC-USD"}, {"trade_id": 850034510, "side": "buy", "size": "0.00846793", "price": "118092.62000000", "time": "2025-07-16T01:10:02.302598Z", "fetched_at": "2025-07-16T01:10:49.293977+00:00", "symbol": "BTC-USD"}, {"trade_id": 850034509, "side": "buy", "size": "0.00999999", "price": "118092.63000000", "time": "2025-07-16T01:10:02.302598Z", "fetched_at": "2025-07-16T01:10:49.293977+00:00", "symbol": "BTC-USD"}, {"trade_id": 850034508, "side": "buy", "size": "0.00255920", "price": "118094.39000000", "time": "2025-07-16T01:10:02.302598Z", "fetched_at": "2025-07-16T01:10:49.293977+00:00", "symbol": "BTC-USD"}, {"trade_id": 850034507, "side": "sell", "size": "0.00090931", "price": "118094.40000000", "time": "2025-07-16T01:10:02.204577Z", "fetched_at": "2025-07-16T01:10:49.293977+00:00", "symbol": "BTC-USD"}, {"trade_id": 850034506, "side": "sell", "size": "0.00004236", "price": "118094.40000000", "time": "2025-07-16T01:10:02.204577Z", "fetched_at": "2025-07-16T01:10:49.293977+00:00", "symbol": "BTC-USD"}, {"trade_id": 850034505, "side": "sell", "size": "0.00001000", "price": "118094.40000000", "time": "2025-07-16T01:10:02.204577Z", "fetched_at": "2025-07-16T01:10:49.293977+00:00", "symbol": "BTC-USD"}, {"trade_id": 850034504, "side": "sell", "size": "0.00025260", "price": "118092.43000000", "time": "2025-07-16T01:10:01.473400Z", "fetched_at": "2025-07-16T01:10:49.293977+00:00", "symbol": "BTC-USD"}, {"trade_id": 850034503, "side": "sell", "size": "0.00000203", "price": "118090.66000000", "time": "2025-07-16T01:10:01.473400Z", "fetched_at": "2025-07-16T01:10:49.293977+00:00", "symbol": "BTC-USD"}, {"trade_id": 850034502, "side": "sell", "size": "0.00061299", "price": "118090.66000000", "time": "2025-07-16T01:10:01.473400Z", "fetched_at": "2025-07-16T01:10:49.293977+00:00", "symbol": "BTC-USD"}, {"trade_id": 850034501, "side": "sell", "size": "0.00000763", "price": "118090.66000000", "time": "2025-07-16T01:10:00.966995Z", "fetched_at": "2025-07-16T01:10:49.293977+00:00", "symbol": "BTC-USD"}, {"trade_id": 850034500, "side": "sell", "size": "0.00836016", "price": "118090.65000000", "time": "2025-07-16T01:10:00.966995Z", "fetched_at": "2025-07-16T01:10:49.293977+00:00", "symbol": "BTC-USD"}, {"trade_id": 850034499, "side": "sell", "size": "0.00001033", "price": "118085.55000000", "time": "2025-07-16T01:10:00.966995Z", "fetched_at": "2025-07-16T01:10:49.293977+00:00", "symbol": "BTC-USD"}, {"trade_id": 850034498, "side": "sell", "size": "0.00001000", "price": "118085.55000000", "time": "2025-07-16T01:10:00.966995Z", "fetched_at": "2025-07-16T01:10:49.293977+00:00", "symbol": "BTC-USD"}, {"trade_id": 850034497, "side": "buy", "size": "0.00062388", "price": "118085.54000000", "time": "2025-07-16T01:10:00.285575Z", "fetched_at": "2025-07-16T01:10:49.293977+00:00", "symbol": "BTC-USD"}, {"trade_id": 850034496, "side": "buy", "size": "0.00005914", "price": "118085.54000000", "time": "2025-07-16T01:09:59.293483Z", "fetched_at": "2025-07-16T01:10:49.293977+00:00", "symbol": "BTC-USD"}, {"trade_id": 850034495, "side": "sell", "size": "0.00891605", "price": "118077.91000000", "time": "2025-07-16T01:09:58.565054Z", "fetched_at": "2025-07-16T01:10:49.293977+00:00", "symbol": "BTC-USD"}, {"trade_id": 850034494, "side": "sell", "size": "0.00881558", "price": "118077.91000000", "time": "2025-07-16T01:09:58.565021Z", "fetched_at": "2025-07-16T01:10:49.293977+00:00", "symbol": "BTC-USD"}, {"trade_id": 850034493, "side": "sell", "size": "0.10092662", "price": "118077.91000000", "time": "2025-07-16T01:09:58.564536Z", "fetched_at": "2025-07-16T01:10:49.293977+00:00", "symbol": "BTC-USD"}, {"trade_id": 850034492, "side": "sell", "size": "0.00846905", "price": "118077.00000000", "time": "2025-07-16T01:09:58.564536Z", "fetched_at": "2025-07-16T01:10:49.293977+00:00", "symbol": "BTC-USD"}, {"trade_id": 850034491, "side": "sell", "size": "0.00000211", "price": "118076.88000000", "time": "2025-07-16T01:09:58.564536Z", "fetched_at": "2025-07-16T01:10:49.293977+00:00", "symbol": "BTC-USD"}, {"trade_id": 850034490, "side": "sell", "size": "0.00846905", "price": "118076.87000000", "time": "2025-07-16T01:09:58.564536Z", "fetched_at": "2025-07-16T01:10:49.293977+00:00", "symbol": "BTC-USD"}, {"trade_id": 850034489, "side": "sell", "size": "0.00632112", "price": "118076.86000000", "time": "2025-07-16T01:09:58.564536Z", "fetched_at": "2025-07-16T01:10:49.293977+00:00", "symbol": "BTC-USD"}, {"trade_id": 850034488, "side": "sell", "size": "0.04395536", "price": "118076.86000000", "time": "2025-07-16T01:09:58.564517Z", "fetched_at": "2025-07-16T01:10:49.293977+00:00", "symbol": "BTC-USD"}, {"trade_id": 850034487, "side": "sell", "size": "0.00000664", "price": "118075.23000000", "time": "2025-07-16T01:09:58.564517Z", "fetched_at": "2025-07-16T01:10:49.293977+00:00", "symbol": "BTC-USD"}, {"trade_id": 850034486, "side": "sell", "size": "0.00005007", "price": "118075.23000000", "time": "2025-07-16T01:09:58.564517Z", "fetched_at": "2025-07-16T01:10:49.293977+00:00", "symbol": "BTC-USD"}, {"trade_id": 850034485, "side": "sell", "size": "0.00229781", "price": "118075.23000000", "time": "2025-07-16T01:09:58.564517Z", "fetched_at": "2025-07-16T01:10:49.293977+00:00", "symbol": "BTC-USD"}, {"trade_id": 850034484, "side": "sell", "size": "0.00043178", "price": "118075.23000000", "time": "2025-07-16T01:09:57.004676Z", "fetched_at": "2025-07-16T01:10:49.293977+00:00", "symbol": "BTC-USD"}, {"trade_id": 850034483, "side": "sell", "size": "0.00005045", "price": "118075.23000000", "time": "2025-07-16T01:09:57.004676Z", "fetched_at": "2025-07-16T01:10:49.293977+00:00", "symbol": "BTC-USD"}, {"trade_id": 850034482, "side": "sell", "size": "0.01284730", "price": "118076.87000000", "time": "2025-07-16T01:09:56.620527Z", "fetched_at": "2025-07-16T01:10:49.293977+00:00", "symbol": "BTC-USD"}, {"trade_id": 850034481, "side": "buy", "size": "0.00022362", "price": "118075.22000000", "time": "2025-07-16T01:09:56.617696Z", "fetched_at": "2025-07-16T01:10:49.293977+00:00", "symbol": "BTC-USD"}, {"trade_id": 850034480, "side": "sell", "size": "0.00069701", "price": "118076.91000000", "time": "2025-07-16T01:09:56.268058Z", "fetched_at": "2025-07-16T01:10:49.293977+00:00", "symbol": "BTC-USD"}, {"trade_id": 850034479, "side": "sell", "size": "0.00004912", "price": "118075.21000000", "time": "2025-07-16T01:09:56.268058Z", "fetched_at": "2025-07-16T01:10:49.293977+00:00", "symbol": "BTC-USD"}, {"trade_id": 850034478, "side": "sell", "size": "0.00007659", "price": "118075.21000000", "time": "2025-07-16T01:09:56.268058Z", "fetched_at": "2025-07-16T01:10:49.293977+00:00", "symbol": "BTC-USD"}, {"trade_id": 850034477, "side": "buy", "size": "0.00021389", "price": "118075.20000000", "time": "2025-07-16T01:09:55.920493Z", "fetched_at": "2025-07-16T01:10:49.293977+00:00", "symbol": "BTC-USD"}, {"trade_id": 850034476, "side": "sell", "size": "0.00000520", "price": "118075.21000000", "time": "2025-07-16T01:09:55.736421Z", "fetched_at": "2025-07-16T01:10:49.293977+00:00", "symbol": "BTC-USD"}, {"trade_id": 850034475, "side": "sell", "size": "0.00095329", "price": "118076.92000000", "time": "2025-07-16T01:09:55.524397Z", "fetched_at": "2025-07-16T01:10:49.293977+00:00", "symbol": "BTC-USD"}, {"trade_id": 850034474, "side": "sell", "size": "0.00020256", "price": "118075.22000000", "time": "2025-07-16T01:09:55.524397Z", "fetched_at": "2025-07-16T01:10:49.293977+00:00", "symbol": "BTC-USD"}, {"trade_id": 850034473, "side": "sell", "size": "0.00004961", "price": "118075.21000000", "time": "2025-07-16T01:09:55.524397Z", "fetched_at": "2025-07-16T01:10:49.293977+00:00", "symbol": "BTC-USD"}, {"trade_id": 850034472, "side": "sell", "size": "0.00194221", "price": "118065.78000000", "time": "2025-07-16T01:09:54.307644Z", "fetched_at": "2025-07-16T01:10:49.293977+00:00", "symbol": "BTC-USD"}, {"trade_id": 850034471, "side": "sell", "size": "0.00005161", "price": "118065.77000000", "time": "2025-07-16T01:09:54.307644Z", "fetched_at": "2025-07-16T01:10:49.293977+00:00", "symbol": "BTC-USD"}, {"trade_id": 850034470, "side": "sell", "size": "0.00499649", "price": "118064.10000000", "time": "2025-07-16T01:09:54.307644Z", "fetched_at": "2025-07-16T01:10:49.293977+00:00", "symbol": "BTC-USD"}, {"trade_id": 850034469, "side": "buy", "size": "0.00028748", "price": "118064.07000000", "time": "2025-07-16T01:09:54.169498Z", "fetched_at": "2025-07-16T01:10:49.293977+00:00", "symbol": "BTC-USD"}, {"trade_id": 850034468, "side": "sell", "size": "0.00024942", "price": "118064.07000000", "time": "2025-07-16T01:09:54.098921Z", "fetched_at": "2025-07-16T01:10:49.293977+00:00", "symbol": "BTC-USD"}, {"trade_id": 850034467, "side": "sell", "size": "0.00001033", "price": "118064.01000000", "time": "2025-07-16T01:09:54.098921Z", "fetched_at": "2025-07-16T01:10:49.293977+00:00", "symbol": "BTC-USD"}, {"trade_id": 850034466, "side": "sell", "size": "0.00015194", "price": "118064.01000000", "time": "2025-07-16T01:09:54.098921Z", "fetched_at": "2025-07-16T01:10:49.293977+00:00", "symbol": "BTC-USD"}, {"trade_id": 850034465, "side": "sell", "size": "0.00007251", "price": "118064.07000000", "time": "2025-07-16T01:09:53.482176Z", "fetched_at": "2025-07-16T01:10:49.293977+00:00", "symbol": "BTC-USD"}, {"trade_id": 850034464, "side": "sell", "size": "0.00000664", "price": "118064.01000000", "time": "2025-07-16T01:09:53.482176Z", "fetched_at": "2025-07-16T01:10:49.293977+00:00", "symbol": "BTC-USD"}, {"trade_id": 850034463, "side": "sell", "size": "0.00004589", "price": "118064.01000000", "time": "2025-07-16T01:09:53.482176Z", "fetched_at": "2025-07-16T01:10:49.293977+00:00", "symbol": "BTC-USD"}, {"trade_id": 850034462, "side": "buy", "size": "0.01694246", "price": "118064.00000000", "time": "2025-07-16T01:09:53.200923Z", "fetched_at": "2025-07-16T01:10:49.293977+00:00", "symbol": "BTC-USD"}, {"trade_id": 850034461, "side": "sell", "size": "0.00098049", "price": "118064.01000000", "time": "2025-07-16T01:09:52.823782Z", "fetched_at": "2025-07-16T01:10:49.293977+00:00", "symbol": "BTC-USD"}, {"trade_id": 850034460, "side": "buy", "size": "0.00169332", "price": "118064.00000000", "time": "2025-07-16T01:09:52.505562Z", "fetched_at": "2025-07-16T01:10:49.293977+00:00", "symbol": "BTC-USD"}, {"trade_id": 850034459, "side": "sell", "size": "0.00059344", "price": "118060.61000000", "time": "2025-07-16T01:09:52.240905Z", "fetched_at": "2025-07-16T01:10:49.293977+00:00", "symbol": "BTC-USD"}, {"trade_id": 850034458, "side": "sell", "size": "0.00016587", "price": "118052.42000000", "time": "2025-07-16T01:09:51.667939Z", "fetched_at": "2025-07-16T01:10:49.293977+00:00", "symbol": "BTC-USD"}, {"trade_id": 850034457, "side": "sell", "size": "0.00000220", "price": "118050.65000000", "time": "2025-07-16T01:09:51.667939Z", "fetched_at": "2025-07-16T01:10:49.293977+00:00", "symbol": "BTC-USD"}, {"trade_id": 850034456, "side": "sell", "size": "0.00019782", "price": "118050.65000000", "time": "2025-07-16T01:09:51.667939Z", "fetched_at": "2025-07-16T01:10:49.293977+00:00", "symbol": "BTC-USD"}, {"trade_id": 850034455, "side": "sell", "size": "0.00004194", "price": "118050.65000000", "time": "2025-07-16T01:09:51.191288Z", "fetched_at": "2025-07-16T01:10:49.293977+00:00", "symbol": "BTC-USD"}, {"trade_id": 850034454, "side": "sell", "size": "0.00240944", "price": "118050.65000000", "time": "2025-07-16T01:09:50.614545Z", "fetched_at": "2025-07-16T01:10:49.293977+00:00", "symbol": "BTC-USD"}, {"trade_id": 850034453, "side": "sell", "size": "0.00782780", "price": "118048.36000000", "time": "2025-07-16T01:09:50.319262Z", "fetched_at": "2025-07-16T01:10:49.293977+00:00", "symbol": "BTC-USD"}, {"trade_id": 850034452, "side": "sell", "size": "0.00039564", "price": "118046.59000000", "time": "2025-07-16T01:09:50.319262Z", "fetched_at": "2025-07-16T01:10:49.293977+00:00", "symbol": "BTC-USD"}, {"trade_id": 850034451, "side": "sell", "size": "0.00001034", "price": "118046.59000000", "time": "2025-07-16T01:09:50.319262Z", "fetched_at": "2025-07-16T01:10:49.293977+00:00", "symbol": "BTC-USD"}, {"trade_id": 850034450, "side": "sell", "size": "0.00847189", "price": "118037.38000000", "time": "2025-07-16T01:09:49.049177Z", "fetched_at": "2025-07-16T01:10:49.293977+00:00", "symbol": "BTC-USD"}, {"trade_id": 850034449, "side": "sell", "size": "0.00988998", "price": "118037.01000000", "time": "2025-07-16T01:09:49.043076Z", "fetched_at": "2025-07-16T01:10:49.293977+00:00", "symbol": "BTC-USD"}, {"trade_id": 850034448, "side": "sell", "size": "0.00011000", "price": "118033.64000000", "time": "2025-07-16T01:09:49.043076Z", "fetched_at": "2025-07-16T01:10:49.293977+00:00", "symbol": "BTC-USD"}, {"trade_id": 850034447, "side": "buy", "size": "0.00847136", "price": "118044.81000000", "time": "2025-07-16T01:09:49.030016Z", "fetched_at": "2025-07-16T01:10:49.293977+00:00", "symbol": "BTC-USD"}, {"trade_id": 850034446, "side": "buy", "size": "0.00999998", "price": "118044.82000000", "time": "2025-07-16T01:09:49.030016Z", "fetched_at": "2025-07-16T01:10:49.293977+00:00", "symbol": "BTC-USD"}, {"trade_id": 850034445, "side": "buy", "size": "0.00227640", "price": "118046.58000000", "time": "2025-07-16T01:09:49.030016Z", "fetched_at": "2025-07-16T01:10:49.293977+00:00", "symbol": "BTC-USD"}, {"trade_id": 850034444, "side": "sell", "size": "0.00033754", "price": "118046.59000000", "time": "2025-07-16T01:09:48.778204Z", "fetched_at": "2025-07-16T01:10:49.293977+00:00", "symbol": "BTC-USD"}, {"trade_id": 850034443, "side": "sell", "size": "0.00020160", "price": "118049.75000000", "time": "2025-07-16T01:09:48.320458Z", "fetched_at": "2025-07-16T01:10:49.293977+00:00", "symbol": "BTC-USD"}, {"trade_id": 850034442, "side": "sell", "size": "0.00009320", "price": "118049.74000000", "time": "2025-07-16T01:09:48.320458Z", "fetched_at": "2025-07-16T01:10:49.293977+00:00", "symbol": "BTC-USD"}, {"trade_id": 850034441, "side": "buy", "size": "0.00208657", "price": "118030.63000000", "time": "2025-07-16T01:09:47.843881Z", "fetched_at": "2025-07-16T01:10:49.293977+00:00", "symbol": "BTC-USD"}, {"trade_id": 850034440, "side": "sell", "size": "0.00847272", "price": "118025.87000000", "time": "2025-07-16T01:09:47.803978Z", "fetched_at": "2025-07-16T01:10:49.293977+00:00", "symbol": "BTC-USD"}, {"trade_id": 850034439, "side": "sell", "size": "0.00554303", "price": "118024.15000000", "time": "2025-07-16T01:09:47.803978Z", "fetched_at": "2025-07-16T01:10:49.293977+00:00", "symbol": "BTC-USD"}, {"trade_id": 850034438, "side": "sell", "size": "0.04445697", "price": "118024.15000000", "time": "2025-07-16T01:09:47.800501Z", "fetched_at": "2025-07-16T01:10:49.293977+00:00", "symbol": "BTC-USD"}, {"trade_id": 850034437, "side": "sell", "size": "0.00001099", "price": "118024.10000000", "time": "2025-07-16T01:09:47.800501Z", "fetched_at": "2025-07-16T01:10:49.293977+00:00", "symbol": "BTC-USD"}, {"trade_id": 850034436, "side": "sell", "size": "0.00000321", "price": "118024.10000000", "time": "2025-07-16T01:09:47.800501Z", "fetched_at": "2025-07-16T01:10:49.293977+00:00", "symbol": "BTC-USD"}, {"trade_id": 850034435, "side": "sell", "size": "0.00268000", "price": "118024.10000000", "time": "2025-07-16T01:09:47.800501Z", "fetched_at": "2025-07-16T01:10:49.293977+00:00", "symbol": "BTC-USD"}, {"trade_id": 850034434, "side": "sell", "size": "0.00047700", "price": "118024.10000000", "time": "2025-07-16T01:09:47.800501Z", "fetched_at": "2025-07-16T01:10:49.293977+00:00", "symbol": "BTC-USD"}, {"trade_id": 850034433, "side": "sell", "size": "0.00001321", "price": "118024.10000000", "time": "2025-07-16T01:09:47.800501Z", "fetched_at": "2025-07-16T01:10:49.293977+00:00", "symbol": "BTC-USD"}, {"trade_id": 850034432, "side": "sell", "size": "0.01037200", "price": "118024.10000000", "time": "2025-07-16T01:09:47.800501Z", "fetched_at": "2025-07-16T01:10:49.293977+00:00", "symbol": "BTC-USD"}, {"trade_id": 850034431, "side": "sell", "size": "0.00701100", "price": "118024.10000000", "time": "2025-07-16T01:09:47.800501Z", "fetched_at": "2025-07-16T01:10:49.293977+00:00", "symbol": "BTC-USD"}, {"trade_id": 850034430, "side": "sell", "size": "0.00238900", "price": "118024.10000000", "time": "2025-07-16T01:09:47.800501Z", "fetched_at": "2025-07-16T01:10:49.293977+00:00", "symbol": "BTC-USD"}, {"trade_id": 850034429, "side": "sell", "size": "0.00070200", "price": "118024.10000000", "time": "2025-07-16T01:09:47.800501Z", "fetched_at": "2025-07-16T01:10:49.293977+00:00", "symbol": "BTC-USD"}, {"trade_id": 850034428, "side": "sell", "size": "0.00038614", "price": "118024.10000000", "time": "2025-07-16T01:09:47.800501Z", "fetched_at": "2025-07-16T01:10:49.293977+00:00", "symbol": "BTC-USD"}, {"trade_id": 850034427, "side": "sell", "size": "0.00964055", "price": "118024.10000000", "time": "2025-07-16T01:09:47.800501Z", "fetched_at": "2025-07-16T01:10:49.293977+00:00", "symbol": "BTC-USD"}, {"trade_id": 850034426, "side": "sell", "size": "0.01672835", "price": "118024.10000000", "time": "2025-07-16T01:09:47.800030Z", "fetched_at": "2025-07-16T01:10:49.293977+00:00", "symbol": "BTC-USD"}, {"trade_id": 850034425, "side": "buy", "size": "0.00027800", "price": "118024.09000000", "time": "2025-07-16T01:09:46.506974Z", "fetched_at": "2025-07-16T01:10:49.293977+00:00", "symbol": "BTC-USD"}, {"trade_id": 850034424, "side": "buy", "size": "0.00000355", "price": "118024.09000000", "time": "2025-07-16T01:09:46.506974Z", "fetched_at": "2025-07-16T01:10:49.293977+00:00", "symbol": "BTC-USD"}, {"trade_id": 850034423, "side": "buy", "size": "0.00004905", "price": "118024.09000000", "time": "2025-07-16T01:09:46.506974Z", "fetched_at": "2025-07-16T01:10:49.293977+00:00", "symbol": "BTC-USD"}, {"trade_id": 850034422, "side": "sell", "size": "0.00020953", "price": "118024.10000000", "time": "2025-07-16T01:09:45.995293Z", "fetched_at": "2025-07-16T01:10:49.293977+00:00", "symbol": "BTC-USD"}, {"trade_id": 850034421, "side": "sell", "size": "0.00247013", "price": "118024.10000000", "time": "2025-07-16T01:09:45.974074Z", "fetched_at": "2025-07-16T01:10:49.293977+00:00", "symbol": "BTC-USD"}, {"trade_id": 850034420, "side": "sell", "size": "0.00015471", "price": "118024.10000000", "time": "2025-07-16T01:09:45.346951Z", "fetched_at": "2025-07-16T01:10:49.293977+00:00", "symbol": "BTC-USD"}, {"trade_id": 850034419, "side": "sell", "size": "0.00032180", "price": "118024.10000000", "time": "2025-07-16T01:09:45.320129Z", "fetched_at": "2025-07-16T01:10:49.293977+00:00", "symbol": "BTC-USD"}, {"trade_id": 850034418, "side": "sell", "size": "0.00205805", "price": "118024.10000000", "time": "2025-07-16T01:09:43.198302Z", "fetched_at": "2025-07-16T01:10:49.293977+00:00", "symbol": "BTC-USD"}, {"trade_id": 850034417, "side": "sell", "size": "0.00831390", "price": "118024.10000000", "time": "2025-07-16T01:09:43.009838Z", "fetched_at": "2025-07-16T01:10:49.293977+00:00", "symbol": "BTC-USD"}, {"trade_id": 850034416, "side": "buy", "size": "0.00267691", "price": "118024.09000000", "time": "2025-07-16T01:09:42.847029Z", "fetched_at": "2025-07-16T01:10:49.293977+00:00", "symbol": "BTC-USD"}, {"trade_id": 850034415, "side": "buy", "size": "0.00001329", "price": "118024.09000000", "time": "2025-07-16T01:09:42.847029Z", "fetched_at": "2025-07-16T01:10:49.293977+00:00", "symbol": "BTC-USD"}, {"trade_id": 850034414, "side": "buy", "size": "0.00081839", "price": "118024.09000000", "time": "2025-07-16T01:09:42.847029Z", "fetched_at": "2025-07-16T01:10:49.293977+00:00", "symbol": "BTC-USD"}, {"trade_id": 850034413, "side": "buy", "size": "0.00275112", "price": "118024.09000000", "time": "2025-07-16T01:09:42.847029Z", "fetched_at": "2025-07-16T01:10:49.293977+00:00", "symbol": "BTC-USD"}, {"trade_id": 850034412, "side": "sell", "size": "0.00701112", "price": "118024.10000000", "time": "2025-07-16T01:09:42.215762Z", "fetched_at": "2025-07-16T01:10:49.293977+00:00", "symbol": "BTC-USD"}, {"trade_id": 850034411, "side": "sell", "size": "0.00001479", "price": "118024.10000000", "time": "2025-07-16T01:09:41.979320Z", "fetched_at": "2025-07-16T01:10:49.293977+00:00", "symbol": "BTC-USD"}, {"trade_id": 850034410, "side": "sell", "size": "0.00220959", "price": "118024.10000000", "time": "2025-07-16T01:09:41.917515Z", "fetched_at": "2025-07-16T01:10:49.293977+00:00", "symbol": "BTC-USD"}, {"trade_id": 850034409, "side": "sell", "size": "0.00016453", "price": "118024.10000000", "time": "2025-07-16T01:09:41.901597Z", "fetched_at": "2025-07-16T01:10:49.293977+00:00", "symbol": "BTC-USD"}, {"trade_id": 850034408, "side": "sell", "size": "0.00070295", "price": "118024.10000000", "time": "2025-07-16T01:09:41.665505Z", "fetched_at": "2025-07-16T01:10:49.293977+00:00", "symbol": "BTC-USD"}, {"trade_id": 850034407, "side": "sell", "size": "0.00000230", "price": "118024.10000000", "time": "2025-07-16T01:09:41.665505Z", "fetched_at": "2025-07-16T01:10:49.293977+00:00", "symbol": "BTC-USD"}, {"trade_id": 850034406, "side": "buy", "size": "0.00004479", "price": "118024.09000000", "time": "2025-07-16T01:09:41.232131Z", "fetched_at": "2025-07-16T01:10:49.293977+00:00", "symbol": "BTC-USD"}, {"trade_id": 850034405, "side": "buy", "size": "0.00042969", "price": "118024.09000000", "time": "2025-07-16T01:09:41.074483Z", "fetched_at": "2025-07-16T01:10:49.293977+00:00", "symbol": "BTC-USD"}, {"trade_id": 850034404, "side": "sell", "size": "0.00999998", "price": "118019.83000000", "time": "2025-07-16T01:09:40.271163Z", "fetched_at": "2025-07-16T01:10:49.293977+00:00", "symbol": "BTC-USD"}, {"trade_id": 850034403, "side": "buy", "size": "0.01139318", "price": "117993.82000000", "time": "2025-07-16T01:09:40.258994Z", "fetched_at": "2025-07-16T01:10:49.293977+00:00", "symbol": "BTC-USD"}, {"trade_id": 850034402, "side": "buy", "size": "0.00034000", "price": "117994.79000000", "time": "2025-07-16T01:09:40.258994Z", "fetched_at": "2025-07-16T01:10:49.293977+00:00", "symbol": "BTC-USD"}, {"trade_id": 850034401, "side": "buy", "size": "0.08050667", "price": "117995.85000000", "time": "2025-07-16T01:09:40.258994Z", "fetched_at": "2025-07-16T01:10:49.293977+00:00", "symbol": "BTC-USD"}, {"trade_id": 850034400, "side": "buy", "size": "0.13230000", "price": "117997.05000000", "time": "2025-07-16T01:09:40.258994Z", "fetched_at": "2025-07-16T01:10:49.293977+00:00", "symbol": "BTC-USD"}, {"trade_id": 850034399, "side": "buy", "size": "0.00847000", "price": "117997.06000000", "time": "2025-07-16T01:09:40.258994Z", "fetched_at": "2025-07-16T01:10:49.293977+00:00", "symbol": "BTC-USD"}, {"trade_id": 850034398, "side": "buy", "size": "0.00039936", "price": "117997.34000000", "time": "2025-07-16T01:09:40.258994Z", "fetched_at": "2025-07-16T01:10:49.293977+00:00", "symbol": "BTC-USD"}, {"trade_id": 850034397, "side": "buy", "size": "0.04000000", "price": "117999.27000000", "time": "2025-07-16T01:09:40.258994Z", "fetched_at": "2025-07-16T01:10:49.293977+00:00", "symbol": "BTC-USD"}, {"trade_id": 850034396, "side": "buy", "size": "0.06950000", "price": "117999.33000000", "time": "2025-07-16T01:09:40.258994Z", "fetched_at": "2025-07-16T01:10:49.293977+00:00", "symbol": "BTC-USD"}, {"trade_id": 850034395, "side": "buy", "size": "0.00084744", "price": "118000.00000000", "time": "2025-07-16T01:09:40.258994Z", "fetched_at": "2025-07-16T01:10:49.293977+00:00", "symbol": "BTC-USD"}, {"trade_id": 850034394, "side": "buy", "size": "0.00012056", "price": "118000.00000000", "time": "2025-07-16T01:09:40.258994Z", "fetched_at": "2025-07-16T01:10:49.293977+00:00", "symbol": "BTC-USD"}, {"trade_id": 850034393, "side": "buy", "size": "0.05000000", "price": "118000.00000000", "time": "2025-07-16T01:09:40.258994Z", "fetched_at": "2025-07-16T01:10:49.293977+00:00", "symbol": "BTC-USD"}, {"trade_id": 850034392, "side": "buy", "size": "0.00250000", "price": "118000.00000000", "time": "2025-07-16T01:09:40.258994Z", "fetched_at": "2025-07-16T01:10:49.293977+00:00", "symbol": "BTC-USD"}, {"trade_id": 850034391, "side": "buy", "size": "0.01674576", "price": "118000.00000000", "time": "2025-07-16T01:09:40.258994Z", "fetched_at": "2025-07-16T01:10:49.293977+00:00", "symbol": "BTC-USD"}, {"trade_id": 850034390, "side": "buy", "size": "0.00042224", "price": "118000.00000000", "time": "2025-07-16T01:09:40.258994Z", "fetched_at": "2025-07-16T01:10:49.293977+00:00", "symbol": "BTC-USD"}, {"trade_id": 850034389, "side": "buy", "size": "0.04729220", "price": "118000.00000000", "time": "2025-07-16T01:09:40.258994Z", "fetched_at": "2025-07-16T01:10:49.293977+00:00", "symbol": "BTC-USD"}, {"trade_id": 850034388, "side": "buy", "size": "0.00021061", "price": "118000.00000000", "time": "2025-07-16T01:09:40.258994Z", "fetched_at": "2025-07-16T01:10:49.293977+00:00", "symbol": "BTC-USD"}, {"trade_id": 850034387, "side": "buy", "size": "0.00080002", "price": "118000.00000000", "time": "2025-07-16T01:09:40.258994Z", "fetched_at": "2025-07-16T01:10:49.293977+00:00", "symbol": "BTC-USD"}, {"trade_id": 850034386, "side": "buy", "size": "0.00210275", "price": "118000.00000000", "time": "2025-07-16T01:09:40.258994Z", "fetched_at": "2025-07-16T01:10:49.293977+00:00", "symbol": "BTC-USD"}, {"trade_id": 850034385, "side": "buy", "size": "0.01000000", "price": "118000.00000000", "time": "2025-07-16T01:09:40.258994Z", "fetched_at": "2025-07-16T01:10:49.293977+00:00", "symbol": "BTC-USD"}, {"trade_id": 850034384, "side": "buy", "size": "0.00004220", "price": "118000.00000000", "time": "2025-07-16T01:09:40.258994Z", "fetched_at": "2025-07-16T01:10:49.293977+00:00", "symbol": "BTC-USD"}, {"trade_id": 850034383, "side": "buy", "size": "0.00034000", "price": "118000.69000000", "time": "2025-07-16T01:09:40.258994Z", "fetched_at": "2025-07-16T01:10:49.293977+00:00", "symbol": "BTC-USD"}, {"trade_id": 850034382, "side": "buy", "size": "0.29255900", "price": "118000.78000000", "time": "2025-07-16T01:09:40.258994Z", "fetched_at": "2025-07-16T01:10:49.293977+00:00", "symbol": "BTC-USD"}, {"trade_id": 850034381, "side": "buy", "size": "0.07838290", "price": "118002.36000000", "time": "2025-07-16T01:09:40.258994Z", "fetched_at": "2025-07-16T01:10:49.293977+00:00", "symbol": "BTC-USD"}, {"trade_id": 850034380, "side": "buy", "size": "0.01788508", "price": "118003.06000000", "time": "2025-07-16T01:09:40.258994Z", "fetched_at": "2025-07-16T01:10:49.293977+00:00", "symbol": "BTC-USD"}, {"trade_id": 850034379, "side": "buy", "size": "0.00001000", "price": "118006.34000000", "time": "2025-07-16T01:09:40.258994Z", "fetched_at": "2025-07-16T01:10:49.293977+00:00", "symbol": "BTC-USD"}, {"trade_id": 850034378, "side": "buy", "size": "0.11012600", "price": "118007.22000000", "time": "2025-07-16T01:09:40.258994Z", "fetched_at": "2025-07-16T01:10:49.293977+00:00", "symbol": "BTC-USD"}, {"trade_id": 850034377, "side": "buy", "size": "0.04554952", "price": "118007.23000000", "time": "2025-07-16T01:09:40.258994Z", "fetched_at": "2025-07-16T01:10:49.293977+00:00", "symbol": "BTC-USD"}, {"trade_id": 850034376, "side": "buy", "size": "0.13230000", "price": "118012.25000000", "time": "2025-07-16T01:09:40.258994Z", "fetched_at": "2025-07-16T01:10:49.293977+00:00", "symbol": "BTC-USD"}, {"trade_id": 850034375, "side": "buy", "size": "0.00847355", "price": "118014.26000000", "time": "2025-07-16T01:09:40.258994Z", "fetched_at": "2025-07-16T01:10:49.293977+00:00", "symbol": "BTC-USD"}, {"trade_id": 850034374, "side": "buy", "size": "0.01694223", "price": "118019.20000000", "time": "2025-07-16T01:09:40.258994Z", "fetched_at": "2025-07-16T01:10:49.293977+00:00", "symbol": "BTC-USD"}