[{"trade_id": 143557795, "side": "buy", "size": "115.92138000", "price": "0.75570000", "time": "2025-07-14T14:23:24.389712Z", "fetched_at": "2025-07-14T14:23:29.220332+00:00", "symbol": "ADA-USD"}, {"trade_id": 143557794, "side": "buy", "size": "118.63911000", "price": "0.75570000", "time": "2025-07-14T14:23:24.378565Z", "fetched_at": "2025-07-14T14:23:29.220332+00:00", "symbol": "ADA-USD"}, {"trade_id": 143557793, "side": "buy", "size": "1.85185185", "price": "0.75570000", "time": "2025-07-14T14:23:24.259144Z", "fetched_at": "2025-07-14T14:23:29.220332+00:00", "symbol": "ADA-USD"}, {"trade_id": 143557792, "side": "buy", "size": "16.00000000", "price": "0.75550000", "time": "2025-07-14T14:23:23.207410Z", "fetched_at": "2025-07-14T14:23:29.220332+00:00", "symbol": "ADA-USD"}, {"trade_id": 143557791, "side": "buy", "size": "1.50000000", "price": "0.75560000", "time": "2025-07-14T14:23:23.155171Z", "fetched_at": "2025-07-14T14:23:29.220332+00:00", "symbol": "ADA-USD"}, {"trade_id": 143557790, "side": "buy", "size": "1.50000000", "price": "0.75570000", "time": "2025-07-14T14:23:22.389156Z", "fetched_at": "2025-07-14T14:23:29.220332+00:00", "symbol": "ADA-USD"}, {"trade_id": 143557789, "side": "sell", "size": "1.30935100", "price": "0.75590000", "time": "2025-07-14T14:23:21.613717Z", "fetched_at": "2025-07-14T14:23:29.220332+00:00", "symbol": "ADA-USD"}, {"trade_id": 143557788, "side": "buy", "size": "118.63911000", "price": "0.75590000", "time": "2025-07-14T14:23:21.376189Z", "fetched_at": "2025-07-14T14:23:29.220332+00:00", "symbol": "ADA-USD"}, {"trade_id": 143557787, "side": "buy", "size": "177.95866000", "price": "0.75580000", "time": "2025-07-14T14:23:21.023620Z", "fetched_at": "2025-07-14T14:23:29.220332+00:00", "symbol": "ADA-USD"}, {"trade_id": 143557786, "side": "buy", "size": "1.50000000", "price": "0.75570000", "time": "2025-07-14T14:23:20.437254Z", "fetched_at": "2025-07-14T14:23:29.220332+00:00", "symbol": "ADA-USD"}, {"trade_id": 143557785, "side": "buy", "size": "745.36784299", "price": "0.75590000", "time": "2025-07-14T14:23:20.001564Z", "fetched_at": "2025-07-14T14:23:29.220332+00:00", "symbol": "ADA-USD"}, {"trade_id": 143557784, "side": "sell", "size": "500.00000000", "price": "0.75590000", "time": "2025-07-14T14:23:18.729280Z", "fetched_at": "2025-07-14T14:23:29.220332+00:00", "symbol": "ADA-USD"}, {"trade_id": 143557783, "side": "buy", "size": "1.50000000", "price": "0.75580000", "time": "2025-07-14T14:23:18.332938Z", "fetched_at": "2025-07-14T14:23:29.220332+00:00", "symbol": "ADA-USD"}, {"trade_id": 143557782, "side": "buy", "size": "1.85087255", "price": "0.75580000", "time": "2025-07-14T14:23:18.332938Z", "fetched_at": "2025-07-14T14:23:29.220332+00:00", "symbol": "ADA-USD"}, {"trade_id": 143557781, "side": "sell", "size": "0.00000673", "price": "0.75590000", "time": "2025-07-14T14:23:17.028559Z", "fetched_at": "2025-07-14T14:23:29.220332+00:00", "symbol": "ADA-USD"}, {"trade_id": 143557780, "side": "sell", "size": "254.27696000", "price": "0.75590000", "time": "2025-07-14T14:23:17.008490Z", "fetched_at": "2025-07-14T14:23:29.220332+00:00", "symbol": "ADA-USD"}, {"trade_id": 143557779, "side": "buy", "size": "177.60193073", "price": "0.75590000", "time": "2025-07-14T14:23:15.193986Z", "fetched_at": "2025-07-14T14:23:29.220332+00:00", "symbol": "ADA-USD"}, {"trade_id": 143557778, "side": "buy", "size": "76.67503600", "price": "0.75590000", "time": "2025-07-14T14:23:14.858490Z", "fetched_at": "2025-07-14T14:23:29.220332+00:00", "symbol": "ADA-USD"}, {"trade_id": 143557777, "side": "buy", "size": "1.50000000", "price": "0.75600000", "time": "2025-07-14T14:23:14.089322Z", "fetched_at": "2025-07-14T14:23:29.220332+00:00", "symbol": "ADA-USD"}, {"trade_id": 143557776, "side": "buy", "size": "991.73326247", "price": "0.75600000", "time": "2025-07-14T14:23:13.401612Z", "fetched_at": "2025-07-14T14:23:29.220332+00:00", "symbol": "ADA-USD"}, {"trade_id": 143557775, "side": "buy", "size": "0.03884100", "price": "0.75630000", "time": "2025-07-14T14:23:11.655849Z", "fetched_at": "2025-07-14T14:23:29.220332+00:00", "symbol": "ADA-USD"}, {"trade_id": 143557774, "side": "sell", "size": "1.50000000", "price": "0.75630000", "time": "2025-07-14T14:23:11.147932Z", "fetched_at": "2025-07-14T14:23:29.220332+00:00", "symbol": "ADA-USD"}, {"trade_id": 143557773, "side": "buy", "size": "137.55098298", "price": "0.75610000", "time": "2025-07-14T14:23:10.854267Z", "fetched_at": "2025-07-14T14:23:29.220332+00:00", "symbol": "ADA-USD"}, {"trade_id": 143557772, "side": "buy", "size": "310.50000000", "price": "0.75610000", "time": "2025-07-14T14:23:10.854267Z", "fetched_at": "2025-07-14T14:23:29.220332+00:00", "symbol": "ADA-USD"}, {"trade_id": 143557771, "side": "buy", "size": "118.63911000", "price": "0.75620000", "time": "2025-07-14T14:23:10.854267Z", "fetched_at": "2025-07-14T14:23:29.220332+00:00", "symbol": "ADA-USD"}, {"trade_id": 143557770, "side": "buy", "size": "115.92138000", "price": "0.75620000", "time": "2025-07-14T14:23:10.854267Z", "fetched_at": "2025-07-14T14:23:29.220332+00:00", "symbol": "ADA-USD"}, {"trade_id": 143557769, "side": "buy", "size": "774.90202702", "price": "0.75620000", "time": "2025-07-14T14:23:10.854267Z", "fetched_at": "2025-07-14T14:23:29.220332+00:00", "symbol": "ADA-USD"}, {"trade_id": 143557768, "side": "sell", "size": "1.50000000", "price": "0.75620000", "time": "2025-07-14T14:23:10.664319Z", "fetched_at": "2025-07-14T14:23:29.220332+00:00", "symbol": "ADA-USD"}, {"trade_id": 143557767, "side": "sell", "size": "1.50000000", "price": "0.75600000", "time": "2025-07-14T14:23:09.588621Z", "fetched_at": "2025-07-14T14:23:29.220332+00:00", "symbol": "ADA-USD"}, {"trade_id": 143557766, "side": "buy", "size": "1.50000000", "price": "0.75550000", "time": "2025-07-14T14:23:08.483610Z", "fetched_at": "2025-07-14T14:23:29.220332+00:00", "symbol": "ADA-USD"}, {"trade_id": 143557765, "side": "buy", "size": "1.50000000", "price": "0.75560000", "time": "2025-07-14T14:23:06.267050Z", "fetched_at": "2025-07-14T14:23:29.220332+00:00", "symbol": "ADA-USD"}, {"trade_id": 143557764, "side": "buy", "size": "0.01325397", "price": "0.75560000", "time": "2025-07-14T14:23:06.267050Z", "fetched_at": "2025-07-14T14:23:29.220332+00:00", "symbol": "ADA-USD"}, {"trade_id": 143557763, "side": "buy", "size": "1.50000000", "price": "0.75570000", "time": "2025-07-14T14:23:06.210660Z", "fetched_at": "2025-07-14T14:23:29.220332+00:00", "symbol": "ADA-USD"}, {"trade_id": 143557762, "side": "buy", "size": "692.79896529", "price": "0.75580000", "time": "2025-07-14T14:23:05.678044Z", "fetched_at": "2025-07-14T14:23:29.220332+00:00", "symbol": "ADA-USD"}, {"trade_id": 143557761, "side": "buy", "size": "1.50000000", "price": "0.75580000", "time": "2025-07-14T14:23:05.125408Z", "fetched_at": "2025-07-14T14:23:29.220332+00:00", "symbol": "ADA-USD"}, {"trade_id": 143557760, "side": "buy", "size": "1.50000000", "price": "0.75590000", "time": "2025-07-14T14:23:05.019849Z", "fetched_at": "2025-07-14T14:23:29.220332+00:00", "symbol": "ADA-USD"}, {"trade_id": 143557759, "side": "sell", "size": "558.21492089", "price": "0.75610000", "time": "2025-07-14T14:23:04.122289Z", "fetched_at": "2025-07-14T14:23:29.220332+00:00", "symbol": "ADA-USD"}, {"trade_id": 143557758, "side": "sell", "size": "51.00306000", "price": "0.75610000", "time": "2025-07-14T14:23:04.120770Z", "fetched_at": "2025-07-14T14:23:29.220332+00:00", "symbol": "ADA-USD"}, {"trade_id": 143557757, "side": "sell", "size": "51.00306000", "price": "0.75610000", "time": "2025-07-14T14:23:04.112634Z", "fetched_at": "2025-07-14T14:23:29.220332+00:00", "symbol": "ADA-USD"}, {"trade_id": 143557756, "side": "sell", "size": "51.00306000", "price": "0.75610000", "time": "2025-07-14T14:23:04.108862Z", "fetched_at": "2025-07-14T14:23:29.220332+00:00", "symbol": "ADA-USD"}, {"trade_id": 143557755, "side": "buy", "size": "1.50000000", "price": "0.75600000", "time": "2025-07-14T14:23:03.115866Z", "fetched_at": "2025-07-14T14:23:29.220332+00:00", "symbol": "ADA-USD"}, {"trade_id": 143557754, "side": "buy", "size": "14.53860301", "price": "0.75600000", "time": "2025-07-14T14:23:03.115866Z", "fetched_at": "2025-07-14T14:23:29.220332+00:00", "symbol": "ADA-USD"}, {"trade_id": 143557753, "side": "buy", "size": "931.50000000", "price": "0.75600000", "time": "2025-07-14T14:23:03.103602Z", "fetched_at": "2025-07-14T14:23:29.220332+00:00", "symbol": "ADA-USD"}, {"trade_id": 143557752, "side": "buy", "size": "9313.66665586", "price": "0.75600000", "time": "2025-07-14T14:23:03.102336Z", "fetched_at": "2025-07-14T14:23:29.220332+00:00", "symbol": "ADA-USD"}, {"trade_id": 143557751, "side": "buy", "size": "931.50000000", "price": "0.75600000", "time": "2025-07-14T14:23:03.102204Z", "fetched_at": "2025-07-14T14:23:29.220332+00:00", "symbol": "ADA-USD"}, {"trade_id": 143557750, "side": "buy", "size": "1254.05859987", "price": "0.75600000", "time": "2025-07-14T14:23:03.101510Z", "fetched_at": "2025-07-14T14:23:29.220332+00:00", "symbol": "ADA-USD"}, {"trade_id": 143557749, "side": "buy", "size": "1863.00000000", "price": "0.75600000", "time": "2025-07-14T14:23:03.101028Z", "fetched_at": "2025-07-14T14:23:29.220332+00:00", "symbol": "ADA-USD"}, {"trade_id": 143557748, "side": "buy", "size": "51.00306000", "price": "0.75600000", "time": "2025-07-14T14:23:03.100532Z", "fetched_at": "2025-07-14T14:23:29.220332+00:00", "symbol": "ADA-USD"}, {"trade_id": 143557747, "side": "buy", "size": "931.50000000", "price": "0.75600000", "time": "2025-07-14T14:23:03.099409Z", "fetched_at": "2025-07-14T14:23:29.220332+00:00", "symbol": "ADA-USD"}, {"trade_id": 143557746, "side": "buy", "size": "931.50000000", "price": "0.75600000", "time": "2025-07-14T14:23:03.096024Z", "fetched_at": "2025-07-14T14:23:29.220332+00:00", "symbol": "ADA-USD"}, {"trade_id": 143557745, "side": "buy", "size": "8095.26823000", "price": "0.75600000", "time": "2025-07-14T14:23:03.095856Z", "fetched_at": "2025-07-14T14:23:29.220332+00:00", "symbol": "ADA-USD"}, {"trade_id": 143557744, "side": "buy", "size": "931.50000000", "price": "0.75600000", "time": "2025-07-14T14:23:03.094735Z", "fetched_at": "2025-07-14T14:23:29.220332+00:00", "symbol": "ADA-USD"}, {"trade_id": 143557743, "side": "buy", "size": "1978.45295220", "price": "0.75600000", "time": "2025-07-14T14:23:03.094637Z", "fetched_at": "2025-07-14T14:23:29.220332+00:00", "symbol": "ADA-USD"}, {"trade_id": 143557742, "side": "buy", "size": "931.50000000", "price": "0.75600000", "time": "2025-07-14T14:23:03.094372Z", "fetched_at": "2025-07-14T14:23:29.220332+00:00", "symbol": "ADA-USD"}, {"trade_id": 143557741, "side": "buy", "size": "512.00000000", "price": "0.75600000", "time": "2025-07-14T14:23:03.089749Z", "fetched_at": "2025-07-14T14:23:29.220332+00:00", "symbol": "ADA-USD"}, {"trade_id": 143557740, "side": "buy", "size": "704.66983881", "price": "0.75600000", "time": "2025-07-14T14:23:03.089400Z", "fetched_at": "2025-07-14T14:23:29.220332+00:00", "symbol": "ADA-USD"}, {"trade_id": 143557739, "side": "buy", "size": "13812.43065000", "price": "0.75600000", "time": "2025-07-14T14:23:03.085552Z", "fetched_at": "2025-07-14T14:23:29.220332+00:00", "symbol": "ADA-USD"}, {"trade_id": 143557738, "side": "buy", "size": "19566.53020866", "price": "0.75600000", "time": "2025-07-14T14:23:03.084672Z", "fetched_at": "2025-07-14T14:23:29.220332+00:00", "symbol": "ADA-USD"}, {"trade_id": 143557737, "side": "buy", "size": "931.50010000", "price": "0.75600000", "time": "2025-07-14T14:23:03.078136Z", "fetched_at": "2025-07-14T14:23:29.220332+00:00", "symbol": "ADA-USD"}, {"trade_id": 143557736, "side": "buy", "size": "61.66937315", "price": "0.75600000", "time": "2025-07-14T14:23:03.019542Z", "fetched_at": "2025-07-14T14:23:29.220332+00:00", "symbol": "ADA-USD"}, {"trade_id": 143557735, "side": "buy", "size": "790.87642955", "price": "0.75600000", "time": "2025-07-14T14:23:02.955032Z", "fetched_at": "2025-07-14T14:23:29.220332+00:00", "symbol": "ADA-USD"}, {"trade_id": 143557734, "side": "buy", "size": "632.40103230", "price": "0.75600000", "time": "2025-07-14T14:23:02.905485Z", "fetched_at": "2025-07-14T14:23:29.220332+00:00", "symbol": "ADA-USD"}, {"trade_id": 143557733, "side": "buy", "size": "5284.87770217", "price": "0.75600000", "time": "2025-07-14T14:23:02.899617Z", "fetched_at": "2025-07-14T14:23:29.220332+00:00", "symbol": "ADA-USD"}, {"trade_id": 143557732, "side": "buy", "size": "1253.27135022", "price": "0.75600000", "time": "2025-07-14T14:23:02.864920Z", "fetched_at": "2025-07-14T14:23:29.220332+00:00", "symbol": "ADA-USD"}, {"trade_id": 143557731, "side": "buy", "size": "51.00306000", "price": "0.75600000", "time": "2025-07-14T14:23:02.864521Z", "fetched_at": "2025-07-14T14:23:29.220332+00:00", "symbol": "ADA-USD"}, {"trade_id": 143557730, "side": "buy", "size": "966.92459178", "price": "0.75600000", "time": "2025-07-14T14:23:02.840853Z", "fetched_at": "2025-07-14T14:23:29.220332+00:00", "symbol": "ADA-USD"}, {"trade_id": 143557729, "side": "buy", "size": "975.69401572", "price": "0.75600000", "time": "2025-07-14T14:23:02.602129Z", "fetched_at": "2025-07-14T14:23:29.220332+00:00", "symbol": "ADA-USD"}, {"trade_id": 143557728, "side": "buy", "size": "68.39945000", "price": "0.75600000", "time": "2025-07-14T14:23:02.481458Z", "fetched_at": "2025-07-14T14:23:29.220332+00:00", "symbol": "ADA-USD"}, {"trade_id": 143557727, "side": "buy", "size": "127.19414000", "price": "0.75600000", "time": "2025-07-14T14:23:02.360509Z", "fetched_at": "2025-07-14T14:23:29.220332+00:00", "symbol": "ADA-USD"}, {"trade_id": 143557726, "side": "buy", "size": "515.13651421", "price": "0.75600000", "time": "2025-07-14T14:23:02.359632Z", "fetched_at": "2025-07-14T14:23:29.220332+00:00", "symbol": "ADA-USD"}, {"trade_id": 143557725, "side": "buy", "size": "23848.01335000", "price": "0.75600000", "time": "2025-07-14T14:23:02.355463Z", "fetched_at": "2025-07-14T14:23:29.220332+00:00", "symbol": "ADA-USD"}, {"trade_id": 143557724, "side": "buy", "size": "6436.03334000", "price": "0.75600000", "time": "2025-07-14T14:23:02.333032Z", "fetched_at": "2025-07-14T14:23:29.220332+00:00", "symbol": "ADA-USD"}, {"trade_id": 143557723, "side": "buy", "size": "500.00000000", "price": "0.75600000", "time": "2025-07-14T14:23:02.329284Z", "fetched_at": "2025-07-14T14:23:29.220332+00:00", "symbol": "ADA-USD"}, {"trade_id": 143557722, "side": "buy", "size": "1134.54750835", "price": "0.75600000", "time": "2025-07-14T14:23:02.322723Z", "fetched_at": "2025-07-14T14:23:29.220332+00:00", "symbol": "ADA-USD"}, {"trade_id": 143557721, "side": "buy", "size": "500.00000000", "price": "0.75600000", "time": "2025-07-14T14:23:02.319556Z", "fetched_at": "2025-07-14T14:23:29.220332+00:00", "symbol": "ADA-USD"}, {"trade_id": 143557720, "side": "buy", "size": "1589.60048000", "price": "0.75600000", "time": "2025-07-14T14:23:02.288069Z", "fetched_at": "2025-07-14T14:23:29.220332+00:00", "symbol": "ADA-USD"}, {"trade_id": 143557719, "side": "buy", "size": "8113.24222502", "price": "0.75600000", "time": "2025-07-14T14:23:02.279266Z", "fetched_at": "2025-07-14T14:23:29.220332+00:00", "symbol": "ADA-USD"}, {"trade_id": 143557718, "side": "buy", "size": "1466.09989425", "price": "0.75600000", "time": "2025-07-14T14:23:02.182013Z", "fetched_at": "2025-07-14T14:23:29.220332+00:00", "symbol": "ADA-USD"}, {"trade_id": 143557717, "side": "buy", "size": "500.00000000", "price": "0.75600000", "time": "2025-07-14T14:23:02.149944Z", "fetched_at": "2025-07-14T14:23:29.220332+00:00", "symbol": "ADA-USD"}, {"trade_id": 143557716, "side": "buy", "size": "1209.49465242", "price": "0.75600000", "time": "2025-07-14T14:23:02.144202Z", "fetched_at": "2025-07-14T14:23:29.220332+00:00", "symbol": "ADA-USD"}, {"trade_id": 143557715, "side": "buy", "size": "68.39945000", "price": "0.75600000", "time": "2025-07-14T14:23:02.082475Z", "fetched_at": "2025-07-14T14:23:29.220332+00:00", "symbol": "ADA-USD"}, {"trade_id": 143557714, "side": "buy", "size": "1442.60104903", "price": "0.75600000", "time": "2025-07-14T14:23:01.981157Z", "fetched_at": "2025-07-14T14:23:29.220332+00:00", "symbol": "ADA-USD"}, {"trade_id": 143557713, "side": "buy", "size": "1416.89468536", "price": "0.75600000", "time": "2025-07-14T14:23:01.549798Z", "fetched_at": "2025-07-14T14:23:29.220332+00:00", "symbol": "ADA-USD"}, {"trade_id": 143557712, "side": "buy", "size": "1714.07715094", "price": "0.75600000", "time": "2025-07-14T14:23:01.387990Z", "fetched_at": "2025-07-14T14:23:29.220332+00:00", "symbol": "ADA-USD"}, {"trade_id": 143557711, "side": "buy", "size": "3005.47975000", "price": "0.75600000", "time": "2025-07-14T14:23:01.383640Z", "fetched_at": "2025-07-14T14:23:29.220332+00:00", "symbol": "ADA-USD"}, {"trade_id": 143557710, "side": "buy", "size": "4229.39023379", "price": "0.75600000", "time": "2025-07-14T14:23:01.371817Z", "fetched_at": "2025-07-14T14:23:29.220332+00:00", "symbol": "ADA-USD"}, {"trade_id": 143557709, "side": "buy", "size": "1.50000000", "price": "0.75610000", "time": "2025-07-14T14:23:01.161177Z", "fetched_at": "2025-07-14T14:23:29.220332+00:00", "symbol": "ADA-USD"}, {"trade_id": 143557708, "side": "buy", "size": "15.66552859", "price": "0.75620000", "time": "2025-07-14T14:23:01.130626Z", "fetched_at": "2025-07-14T14:23:29.220332+00:00", "symbol": "ADA-USD"}, {"trade_id": 143557707, "side": "buy", "size": "666.01071266", "price": "0.75620000", "time": "2025-07-14T14:23:01.119539Z", "fetched_at": "2025-07-14T14:23:29.220332+00:00", "symbol": "ADA-USD"}, {"trade_id": 143557706, "side": "buy", "size": "68.39945000", "price": "0.75620000", "time": "2025-07-14T14:23:00.716643Z", "fetched_at": "2025-07-14T14:23:29.220332+00:00", "symbol": "ADA-USD"}, {"trade_id": 143557705, "side": "buy", "size": "689.15560338", "price": "0.75620000", "time": "2025-07-14T14:23:00.631789Z", "fetched_at": "2025-07-14T14:23:29.220332+00:00", "symbol": "ADA-USD"}, {"trade_id": 143557704, "side": "buy", "size": "1.50000000", "price": "0.75620000", "time": "2025-07-14T14:23:00.629795Z", "fetched_at": "2025-07-14T14:23:29.220332+00:00", "symbol": "ADA-USD"}, {"trade_id": 143557703, "side": "buy", "size": "50.00000000", "price": "0.75630000", "time": "2025-07-14T14:23:00.625661Z", "fetched_at": "2025-07-14T14:23:29.220332+00:00", "symbol": "ADA-USD"}, {"trade_id": 143557702, "side": "buy", "size": "1.50000000", "price": "0.75630000", "time": "2025-07-14T14:23:00.625661Z", "fetched_at": "2025-07-14T14:23:29.220332+00:00", "symbol": "ADA-USD"}, {"trade_id": 143557701, "side": "buy", "size": "709.90891433", "price": "0.75660000", "time": "2025-07-14T14:23:00.176220Z", "fetched_at": "2025-07-14T14:23:29.220332+00:00", "symbol": "ADA-USD"}, {"trade_id": 143557700, "side": "buy", "size": "277.12395674", "price": "0.75640000", "time": "2025-07-14T14:23:00.069146Z", "fetched_at": "2025-07-14T14:23:29.220332+00:00", "symbol": "ADA-USD"}, {"trade_id": 143557699, "side": "buy", "size": "834.58687390", "price": "0.75640000", "time": "2025-07-14T14:23:00.069146Z", "fetched_at": "2025-07-14T14:23:29.220332+00:00", "symbol": "ADA-USD"}, {"trade_id": 143557698, "side": "buy", "size": "50.00000000", "price": "0.75640000", "time": "2025-07-14T14:23:00.069146Z", "fetched_at": "2025-07-14T14:23:29.220332+00:00", "symbol": "ADA-USD"}, {"trade_id": 143557697, "side": "buy", "size": "660.03626936", "price": "0.75640000", "time": "2025-07-14T14:23:00.069146Z", "fetched_at": "2025-07-14T14:23:29.220332+00:00", "symbol": "ADA-USD"}, {"trade_id": 143557696, "side": "buy", "size": "1.50000000", "price": "0.75640000", "time": "2025-07-14T14:23:00.069146Z", "fetched_at": "2025-07-14T14:23:29.220332+00:00", "symbol": "ADA-USD"}, {"trade_id": 143557695, "side": "buy", "size": "1.50000000", "price": "0.75650000", "time": "2025-07-14T14:22:59.807529Z", "fetched_at": "2025-07-14T14:23:29.220332+00:00", "symbol": "ADA-USD"}, {"trade_id": 143557694, "side": "buy", "size": "1.50000000", "price": "0.75650000", "time": "2025-07-14T14:22:51.978366Z", "fetched_at": "2025-07-14T14:23:29.220332+00:00", "symbol": "ADA-USD"}, {"trade_id": 143557693, "side": "buy", "size": "1.50000000", "price": "0.75660000", "time": "2025-07-14T14:22:51.717045Z", "fetched_at": "2025-07-14T14:23:29.220332+00:00", "symbol": "ADA-USD"}, {"trade_id": 143557692, "side": "buy", "size": "1.85038329", "price": "0.75660000", "time": "2025-07-14T14:22:51.717045Z", "fetched_at": "2025-07-14T14:23:29.220332+00:00", "symbol": "ADA-USD"}, {"trade_id": 143557691, "side": "sell", "size": "68.39945000", "price": "0.75670000", "time": "2025-07-14T14:22:51.118747Z", "fetched_at": "2025-07-14T14:23:29.220332+00:00", "symbol": "ADA-USD"}, {"trade_id": 143557690, "side": "buy", "size": "1.50000000", "price": "0.75670000", "time": "2025-07-14T14:22:51.093053Z", "fetched_at": "2025-07-14T14:23:29.220332+00:00", "symbol": "ADA-USD"}, {"trade_id": 143557689, "side": "sell", "size": "194.44222900", "price": "0.75700000", "time": "2025-07-14T14:22:50.853823Z", "fetched_at": "2025-07-14T14:23:29.220332+00:00", "symbol": "ADA-USD"}, {"trade_id": 143557688, "side": "sell", "size": "50.00000000", "price": "0.75680000", "time": "2025-07-14T14:22:50.661904Z", "fetched_at": "2025-07-14T14:23:29.220332+00:00", "symbol": "ADA-USD"}, {"trade_id": 143557687, "side": "sell", "size": "310.50000000", "price": "0.75680000", "time": "2025-07-14T14:22:50.661904Z", "fetched_at": "2025-07-14T14:23:29.220332+00:00", "symbol": "ADA-USD"}, {"trade_id": 143557686, "side": "sell", "size": "118.63911000", "price": "0.75680000", "time": "2025-07-14T14:22:50.661904Z", "fetched_at": "2025-07-14T14:23:29.220332+00:00", "symbol": "ADA-USD"}, {"trade_id": 143557685, "side": "buy", "size": "1.50000000", "price": "0.75680000", "time": "2025-07-14T14:22:50.583093Z", "fetched_at": "2025-07-14T14:23:29.220332+00:00", "symbol": "ADA-USD"}, {"trade_id": 143557684, "side": "buy", "size": "70.91029000", "price": "0.75700000", "time": "2025-07-14T14:22:49.557687Z", "fetched_at": "2025-07-14T14:23:29.220332+00:00", "symbol": "ADA-USD"}, {"trade_id": 143557683, "side": "buy", "size": "709.08970749", "price": "0.75700000", "time": "2025-07-14T14:22:49.554205Z", "fetched_at": "2025-07-14T14:23:29.220332+00:00", "symbol": "ADA-USD"}, {"trade_id": 143557682, "side": "sell", "size": "11.03197700", "price": "0.75720000", "time": "2025-07-14T14:22:48.734825Z", "fetched_at": "2025-07-14T14:23:29.220332+00:00", "symbol": "ADA-USD"}, {"trade_id": 143557681, "side": "sell", "size": "1.50000000", "price": "0.75720000", "time": "2025-07-14T14:22:48.734825Z", "fetched_at": "2025-07-14T14:23:29.220332+00:00", "symbol": "ADA-USD"}, {"trade_id": 143557680, "side": "sell", "size": "62.67804800", "price": "0.75710000", "time": "2025-07-14T14:22:46.144868Z", "fetched_at": "2025-07-14T14:23:29.220332+00:00", "symbol": "ADA-USD"}, {"trade_id": 143557679, "side": "sell", "size": "1.50000000", "price": "0.75710000", "time": "2025-07-14T14:22:46.144868Z", "fetched_at": "2025-07-14T14:23:29.220332+00:00", "symbol": "ADA-USD"}, {"trade_id": 143557678, "side": "sell", "size": "25.66860400", "price": "0.75690000", "time": "2025-07-14T14:22:44.699479Z", "fetched_at": "2025-07-14T14:23:29.220332+00:00", "symbol": "ADA-USD"}, {"trade_id": 143557677, "side": "sell", "size": "18.39945000", "price": "0.75680000", "time": "2025-07-14T14:22:43.434688Z", "fetched_at": "2025-07-14T14:23:29.220332+00:00", "symbol": "ADA-USD"}, {"trade_id": 143557676, "side": "sell", "size": "50.00000000", "price": "0.75680000", "time": "2025-07-14T14:22:43.434688Z", "fetched_at": "2025-07-14T14:23:29.220332+00:00", "symbol": "ADA-USD"}, {"trade_id": 143557675, "side": "buy", "size": "780.00000000", "price": "0.75690000", "time": "2025-07-14T14:22:43.340572Z", "fetched_at": "2025-07-14T14:23:29.220332+00:00", "symbol": "ADA-USD"}, {"trade_id": 143557674, "side": "buy", "size": "1.74903923", "price": "0.75700000", "time": "2025-07-14T14:22:42.173278Z", "fetched_at": "2025-07-14T14:23:29.220332+00:00", "symbol": "ADA-USD"}, {"trade_id": 143557673, "side": "sell", "size": "1.50000000", "price": "0.75700000", "time": "2025-07-14T14:22:42.153522Z", "fetched_at": "2025-07-14T14:23:29.220332+00:00", "symbol": "ADA-USD"}, {"trade_id": 143557672, "side": "sell", "size": "1.50000000", "price": "0.75680000", "time": "2025-07-14T14:22:41.723511Z", "fetched_at": "2025-07-14T14:23:29.220332+00:00", "symbol": "ADA-USD"}, {"trade_id": 143557671, "side": "sell", "size": "1.50000000", "price": "0.75670000", "time": "2025-07-14T14:22:40.246362Z", "fetched_at": "2025-07-14T14:23:29.220332+00:00", "symbol": "ADA-USD"}, {"trade_id": 143557670, "side": "sell", "size": "1393.99412576", "price": "0.75670000", "time": "2025-07-14T14:22:39.996028Z", "fetched_at": "2025-07-14T14:23:29.220332+00:00", "symbol": "ADA-USD"}, {"trade_id": 143557669, "side": "sell", "size": "3170.90756177", "price": "0.75670000", "time": "2025-07-14T14:22:39.994661Z", "fetched_at": "2025-07-14T14:23:29.220332+00:00", "symbol": "ADA-USD"}, {"trade_id": 143557668, "side": "sell", "size": "125.60000000", "price": "0.75660000", "time": "2025-07-14T14:22:39.539896Z", "fetched_at": "2025-07-14T14:23:29.220332+00:00", "symbol": "ADA-USD"}, {"trade_id": 143557667, "side": "buy", "size": "68.39945000", "price": "0.75660000", "time": "2025-07-14T14:22:39.360098Z", "fetched_at": "2025-07-14T14:23:29.220332+00:00", "symbol": "ADA-USD"}, {"trade_id": 143557666, "side": "buy", "size": "51.00306000", "price": "0.75660000", "time": "2025-07-14T14:22:39.355607Z", "fetched_at": "2025-07-14T14:23:29.220332+00:00", "symbol": "ADA-USD"}, {"trade_id": 143557665, "side": "buy", "size": "723.05715921", "price": "0.75650000", "time": "2025-07-14T14:22:38.778921Z", "fetched_at": "2025-07-14T14:23:29.220332+00:00", "symbol": "ADA-USD"}, {"trade_id": 143557664, "side": "sell", "size": "13.07103200", "price": "0.75660000", "time": "2025-07-14T14:22:37.155709Z", "fetched_at": "2025-07-14T14:23:29.220332+00:00", "symbol": "ADA-USD"}, {"trade_id": 143557663, "side": "sell", "size": "272.54749000", "price": "0.75660000", "time": "2025-07-14T14:22:36.461153Z", "fetched_at": "2025-07-14T14:23:29.220332+00:00", "symbol": "ADA-USD"}, {"trade_id": 143557662, "side": "sell", "size": "118.63911000", "price": "0.75660000", "time": "2025-07-14T14:22:36.461153Z", "fetched_at": "2025-07-14T14:23:29.220332+00:00", "symbol": "ADA-USD"}, {"trade_id": 143557661, "side": "buy", "size": "2.33205231", "price": "0.75690000", "time": "2025-07-14T14:22:35.103759Z", "fetched_at": "2025-07-14T14:23:29.220332+00:00", "symbol": "ADA-USD"}, {"trade_id": 143557660, "side": "buy", "size": "11.46739567", "price": "0.75680000", "time": "2025-07-14T14:22:34.783189Z", "fetched_at": "2025-07-14T14:23:29.220332+00:00", "symbol": "ADA-USD"}, {"trade_id": 143557659, "side": "buy", "size": "834.58687390", "price": "0.75680000", "time": "2025-07-14T14:22:34.783189Z", "fetched_at": "2025-07-14T14:23:29.220332+00:00", "symbol": "ADA-USD"}, {"trade_id": 143557658, "side": "buy", "size": "1.81381846", "price": "0.75680000", "time": "2025-07-14T14:22:34.783189Z", "fetched_at": "2025-07-14T14:23:29.220332+00:00", "symbol": "ADA-USD"}, {"trade_id": 143557657, "side": "buy", "size": "2.33205231", "price": "0.75680000", "time": "2025-07-14T14:22:34.783189Z", "fetched_at": "2025-07-14T14:23:29.220332+00:00", "symbol": "ADA-USD"}, {"trade_id": 143557656, "side": "buy", "size": "1263.98264532", "price": "0.75690000", "time": "2025-07-14T14:22:34.783189Z", "fetched_at": "2025-07-14T14:23:29.220332+00:00", "symbol": "ADA-USD"}, {"trade_id": 143557655, "side": "buy", "size": "834.58687390", "price": "0.75690000", "time": "2025-07-14T14:22:34.783189Z", "fetched_at": "2025-07-14T14:23:29.220332+00:00", "symbol": "ADA-USD"}, {"trade_id": 143557654, "side": "buy", "size": "648.12093736", "price": "0.75690000", "time": "2025-07-14T14:22:34.783189Z", "fetched_at": "2025-07-14T14:23:29.220332+00:00", "symbol": "ADA-USD"}, {"trade_id": 143557653, "side": "buy", "size": "3.10940308", "price": "0.75700000", "time": "2025-07-14T14:22:34.783189Z", "fetched_at": "2025-07-14T14:23:29.220332+00:00", "symbol": "ADA-USD"}, {"trade_id": 143557652, "side": "buy", "size": "3000.39680554", "price": "0.75640000", "time": "2025-07-14T14:22:33.755191Z", "fetched_at": "2025-07-14T14:23:29.220332+00:00", "symbol": "ADA-USD"}, {"trade_id": 143557651, "side": "buy", "size": "946.27277328", "price": "0.75640000", "time": "2025-07-14T14:22:33.755191Z", "fetched_at": "2025-07-14T14:23:29.220332+00:00", "symbol": "ADA-USD"}, {"trade_id": 143557650, "side": "buy", "size": "356.41699886", "price": "0.75640000", "time": "2025-07-14T14:22:33.755191Z", "fetched_at": "2025-07-14T14:23:29.220332+00:00", "symbol": "ADA-USD"}, {"trade_id": 143557649, "side": "buy", "size": "834.58687390", "price": "0.75640000", "time": "2025-07-14T14:22:33.755191Z", "fetched_at": "2025-07-14T14:23:29.220332+00:00", "symbol": "ADA-USD"}, {"trade_id": 143557648, "side": "buy", "size": "1.50000000", "price": "0.75640000", "time": "2025-07-14T14:22:33.755191Z", "fetched_at": "2025-07-14T14:23:29.220332+00:00", "symbol": "ADA-USD"}, {"trade_id": 143557647, "side": "buy", "size": "1848.60560000", "price": "0.75640000", "time": "2025-07-14T14:22:33.755191Z", "fetched_at": "2025-07-14T14:23:29.220332+00:00", "symbol": "ADA-USD"}, {"trade_id": 143557646, "side": "buy", "size": "310.50000000", "price": "0.75640000", "time": "2025-07-14T14:22:33.755191Z", "fetched_at": "2025-07-14T14:23:29.220332+00:00", "symbol": "ADA-USD"}, {"trade_id": 143557645, "side": "buy", "size": "1.50000000", "price": "0.75650000", "time": "2025-07-14T14:22:33.755191Z", "fetched_at": "2025-07-14T14:23:29.220332+00:00", "symbol": "ADA-USD"}, {"trade_id": 143557644, "side": "buy", "size": "357.45312686", "price": "0.75650000", "time": "2025-07-14T14:22:33.755191Z", "fetched_at": "2025-07-14T14:23:29.220332+00:00", "symbol": "ADA-USD"}, {"trade_id": 143557643, "side": "buy", "size": "834.58687390", "price": "0.75650000", "time": "2025-07-14T14:22:33.755191Z", "fetched_at": "2025-07-14T14:23:29.220332+00:00", "symbol": "ADA-USD"}, {"trade_id": 143557642, "side": "buy", "size": "1848.99211000", "price": "0.75650000", "time": "2025-07-14T14:22:33.755191Z", "fetched_at": "2025-07-14T14:23:29.220332+00:00", "symbol": "ADA-USD"}, {"trade_id": 143557641, "side": "buy", "size": "1830.17107000", "price": "0.75660000", "time": "2025-07-14T14:22:33.755191Z", "fetched_at": "2025-07-14T14:23:29.220332+00:00", "symbol": "ADA-USD"}, {"trade_id": 143557640, "side": "buy", "size": "834.58687390", "price": "0.75660000", "time": "2025-07-14T14:22:33.755191Z", "fetched_at": "2025-07-14T14:23:29.220332+00:00", "symbol": "ADA-USD"}, {"trade_id": 143557639, "side": "buy", "size": "1.50000000", "price": "0.75660000", "time": "2025-07-14T14:22:33.755191Z", "fetched_at": "2025-07-14T14:23:29.220332+00:00", "symbol": "ADA-USD"}, {"trade_id": 143557638, "side": "buy", "size": "814.51467889", "price": "0.75670000", "time": "2025-07-14T14:22:33.755191Z", "fetched_at": "2025-07-14T14:23:29.220332+00:00", "symbol": "ADA-USD"}, {"trade_id": 143557637, "side": "buy", "size": "4877.40000000", "price": "0.75670000", "time": "2025-07-14T14:22:33.755191Z", "fetched_at": "2025-07-14T14:23:29.220332+00:00", "symbol": "ADA-USD"}, {"trade_id": 143557636, "side": "buy", "size": "669.97601464", "price": "0.75670000", "time": "2025-07-14T14:22:33.755191Z", "fetched_at": "2025-07-14T14:23:29.220332+00:00", "symbol": "ADA-USD"}, {"trade_id": 143557635, "side": "buy", "size": "500.00000000", "price": "0.75670000", "time": "2025-07-14T14:22:33.755191Z", "fetched_at": "2025-07-14T14:23:29.220332+00:00", "symbol": "ADA-USD"}, {"trade_id": 143557634, "side": "buy", "size": "556.60202574", "price": "0.75670000", "time": "2025-07-14T14:22:33.755191Z", "fetched_at": "2025-07-14T14:23:29.220332+00:00", "symbol": "ADA-USD"}, {"trade_id": 143557633, "side": "buy", "size": "834.58687390", "price": "0.75670000", "time": "2025-07-14T14:22:33.755191Z", "fetched_at": "2025-07-14T14:23:29.220332+00:00", "symbol": "ADA-USD"}, {"trade_id": 143557632, "side": "buy", "size": "1830.17107000", "price": "0.75670000", "time": "2025-07-14T14:22:33.755191Z", "fetched_at": "2025-07-14T14:23:29.220332+00:00", "symbol": "ADA-USD"}, {"trade_id": 143557631, "side": "buy", "size": "310.50000000", "price": "0.75670000", "time": "2025-07-14T14:22:33.755191Z", "fetched_at": "2025-07-14T14:23:29.220332+00:00", "symbol": "ADA-USD"}, {"trade_id": 143557630, "side": "buy", "size": "1.50000000", "price": "0.75680000", "time": "2025-07-14T14:22:33.755191Z", "fetched_at": "2025-07-14T14:23:29.220332+00:00", "symbol": "ADA-USD"}, {"trade_id": 143557629, "side": "buy", "size": "4566.95018422", "price": "0.75680000", "time": "2025-07-14T14:22:33.755191Z", "fetched_at": "2025-07-14T14:23:29.220332+00:00", "symbol": "ADA-USD"}, {"trade_id": 143557628, "side": "buy", "size": "834.58687390", "price": "0.75680000", "time": "2025-07-14T14:22:33.755191Z", "fetched_at": "2025-07-14T14:23:29.220332+00:00", "symbol": "ADA-USD"}, {"trade_id": 143557627, "side": "buy", "size": "660.67485653", "price": "0.75680000", "time": "2025-07-14T14:22:33.755191Z", "fetched_at": "2025-07-14T14:23:29.220332+00:00", "symbol": "ADA-USD"}, {"trade_id": 143557626, "side": "buy", "size": "1830.66667000", "price": "0.75680000", "time": "2025-07-14T14:22:33.755191Z", "fetched_at": "2025-07-14T14:23:29.220332+00:00", "symbol": "ADA-USD"}, {"trade_id": 143557625, "side": "buy", "size": "310.50000000", "price": "0.75680000", "time": "2025-07-14T14:22:33.755191Z", "fetched_at": "2025-07-14T14:23:29.220332+00:00", "symbol": "ADA-USD"}, {"trade_id": 143557624, "side": "buy", "size": "1830.66667000", "price": "0.75690000", "time": "2025-07-14T14:22:33.755191Z", "fetched_at": "2025-07-14T14:23:29.220332+00:00", "symbol": "ADA-USD"}, {"trade_id": 143557623, "side": "buy", "size": "1837.47115000", "price": "0.75690000", "time": "2025-07-14T14:22:33.755191Z", "fetched_at": "2025-07-14T14:23:29.220332+00:00", "symbol": "ADA-USD"}, {"trade_id": 143557622, "side": "buy", "size": "1320.73957867", "price": "0.75690000", "time": "2025-07-14T14:22:33.755191Z", "fetched_at": "2025-07-14T14:23:29.220332+00:00", "symbol": "ADA-USD"}, {"trade_id": 143557621, "side": "buy", "size": "834.58687390", "price": "0.75690000", "time": "2025-07-14T14:22:33.755191Z", "fetched_at": "2025-07-14T14:23:29.220332+00:00", "symbol": "ADA-USD"}, {"trade_id": 143557620, "side": "buy", "size": "500.00000000", "price": "0.75690000", "time": "2025-07-14T14:22:33.755191Z", "fetched_at": "2025-07-14T14:23:29.220332+00:00", "symbol": "ADA-USD"}, {"trade_id": 143557619, "side": "buy", "size": "5.10261018", "price": "0.75690000", "time": "2025-07-14T14:22:33.755191Z", "fetched_at": "2025-07-14T14:23:29.220332+00:00", "symbol": "ADA-USD"}, {"trade_id": 143557618, "side": "buy", "size": "50.00000000", "price": "0.75700000", "time": "2025-07-14T14:22:33.755191Z", "fetched_at": "2025-07-14T14:23:29.220332+00:00", "symbol": "ADA-USD"}, {"trade_id": 143557617, "side": "buy", "size": "637.24946846", "price": "0.75700000", "time": "2025-07-14T14:22:33.755191Z", "fetched_at": "2025-07-14T14:23:29.220332+00:00", "symbol": "ADA-USD"}, {"trade_id": 143557616, "side": "buy", "size": "1.70087005", "price": "0.75700000", "time": "2025-07-14T14:22:32.878718Z", "fetched_at": "2025-07-14T14:23:29.220332+00:00", "symbol": "ADA-USD"}, {"trade_id": 143557615, "side": "buy", "size": "3.82695763", "price": "0.75700000", "time": "2025-07-14T14:22:32.878718Z", "fetched_at": "2025-07-14T14:23:29.220332+00:00", "symbol": "ADA-USD"}, {"trade_id": 143557614, "side": "sell", "size": "104.69414717", "price": "0.75690000", "time": "2025-07-14T14:22:32.865370Z", "fetched_at": "2025-07-14T14:23:29.220332+00:00", "symbol": "ADA-USD"}, {"trade_id": 143557613, "side": "buy", "size": "1.50000000", "price": "0.75670000", "time": "2025-07-14T14:22:30.982705Z", "fetched_at": "2025-07-14T14:23:29.220332+00:00", "symbol": "ADA-USD"}, {"trade_id": 143557612, "side": "buy", "size": "1.50000000", "price": "0.75680000", "time": "2025-07-14T14:22:30.309871Z", "fetched_at": "2025-07-14T14:23:29.220332+00:00", "symbol": "ADA-USD"}, {"trade_id": 143557611, "side": "buy", "size": "1.50000000", "price": "0.75690000", "time": "2025-07-14T14:22:29.825705Z", "fetched_at": "2025-07-14T14:23:29.220332+00:00", "symbol": "ADA-USD"}, {"trade_id": 143557610, "side": "buy", "size": "931.50010000", "price": "0.75700000", "time": "2025-07-14T14:22:29.447751Z", "fetched_at": "2025-07-14T14:23:29.220332+00:00", "symbol": "ADA-USD"}, {"trade_id": 143557609, "side": "buy", "size": "931.50000000", "price": "0.75700000", "time": "2025-07-14T14:22:29.442223Z", "fetched_at": "2025-07-14T14:23:29.220332+00:00", "symbol": "ADA-USD"}, {"trade_id": 143557608, "side": "buy", "size": "511.97430424", "price": "0.75700000", "time": "2025-07-14T14:22:29.442160Z", "fetched_at": "2025-07-14T14:23:29.220332+00:00", "symbol": "ADA-USD"}, {"trade_id": 143557607, "side": "buy", "size": "1.50000000", "price": "0.75700000", "time": "2025-07-14T14:22:29.442160Z", "fetched_at": "2025-07-14T14:23:29.220332+00:00", "symbol": "ADA-USD"}, {"trade_id": 143557606, "side": "buy", "size": "418.02569576", "price": "0.75700000", "time": "2025-07-14T14:22:29.442160Z", "fetched_at": "2025-07-14T14:23:29.220332+00:00", "symbol": "ADA-USD"}, {"trade_id": 143557605, "side": "buy", "size": "96.91312610", "price": "0.75700000", "time": "2025-07-14T14:22:29.441775Z", "fetched_at": "2025-07-14T14:23:29.220332+00:00", "symbol": "ADA-USD"}, {"trade_id": 143557604, "side": "buy", "size": "834.58687390", "price": "0.75700000", "time": "2025-07-14T14:22:29.441775Z", "fetched_at": "2025-07-14T14:23:29.220332+00:00", "symbol": "ADA-USD"}, {"trade_id": 143557603, "side": "buy", "size": "9.07130697", "price": "0.75710000", "time": "2025-07-14T14:22:29.432714Z", "fetched_at": "2025-07-14T14:23:29.220332+00:00", "symbol": "ADA-USD"}, {"trade_id": 143557602, "side": "sell", "size": "68.39945000", "price": "0.75720000", "time": "2025-07-14T14:22:29.406859Z", "fetched_at": "2025-07-14T14:23:29.220332+00:00", "symbol": "ADA-USD"}, {"trade_id": 143557601, "side": "buy", "size": "1827.55621000", "price": "0.75740000", "time": "2025-07-14T14:22:28.939313Z", "fetched_at": "2025-07-14T14:23:29.220332+00:00", "symbol": "ADA-USD"}, {"trade_id": 143557600, "side": "buy", "size": "784.48258864", "price": "0.75740000", "time": "2025-07-14T14:22:28.939313Z", "fetched_at": "2025-07-14T14:23:29.220332+00:00", "symbol": "ADA-USD"}, {"trade_id": 143557599, "side": "buy", "size": "834.58687390", "price": "0.75740000", "time": "2025-07-14T14:22:28.939313Z", "fetched_at": "2025-07-14T14:23:29.220332+00:00", "symbol": "ADA-USD"}, {"trade_id": 143557598, "side": "buy", "size": "1826.87876000", "price": "0.75740000", "time": "2025-07-14T14:22:28.939313Z", "fetched_at": "2025-07-14T14:23:29.220332+00:00", "symbol": "ADA-USD"}, {"trade_id": 143557597, "side": "buy", "size": "104.08685000", "price": "0.75750000", "time": "2025-07-14T14:22:28.939313Z", "fetched_at": "2025-07-14T14:23:29.220332+00:00", "symbol": "ADA-USD"}, {"trade_id": 143557596, "side": "buy", "size": "7.81836402", "price": "0.75750000", "time": "2025-07-14T14:22:28.939313Z", "fetched_at": "2025-07-14T14:23:29.220332+00:00", "symbol": "ADA-USD"}, {"trade_id": 143557595, "side": "buy", "size": "50.00000000", "price": "0.75750000", "time": "2025-07-14T14:22:28.939313Z", "fetched_at": "2025-07-14T14:23:29.220332+00:00", "symbol": "ADA-USD"}, {"trade_id": 143557594, "side": "buy", "size": "2.69519270", "price": "0.75740000", "time": "2025-07-14T14:22:28.481306Z", "fetched_at": "2025-07-14T14:23:29.220332+00:00", "symbol": "ADA-USD"}, {"trade_id": 143557593, "side": "buy", "size": "4.27671194", "price": "0.75740000", "time": "2025-07-14T14:22:28.481306Z", "fetched_at": "2025-07-14T14:23:29.220332+00:00", "symbol": "ADA-USD"}, {"trade_id": 143557592, "side": "buy", "size": "51.00306000", "price": "0.75740000", "time": "2025-07-14T14:22:28.481306Z", "fetched_at": "2025-07-14T14:23:29.220332+00:00", "symbol": "ADA-USD"}, {"trade_id": 143557591, "side": "buy", "size": "22.59810187", "price": "0.75740000", "time": "2025-07-14T14:22:28.481306Z", "fetched_at": "2025-07-14T14:23:29.220332+00:00", "symbol": "ADA-USD"}, {"trade_id": 143557590, "side": "buy", "size": "10.42448536", "price": "0.75750000", "time": "2025-07-14T14:22:28.481306Z", "fetched_at": "2025-07-14T14:23:29.220332+00:00", "symbol": "ADA-USD"}, {"trade_id": 143557589, "side": "buy", "size": "9.62260187", "price": "0.75750000", "time": "2025-07-14T14:22:28.474746Z", "fetched_at": "2025-07-14T14:23:29.220332+00:00", "symbol": "ADA-USD"}, {"trade_id": 143557588, "side": "sell", "size": "668.88771952", "price": "0.75750000", "time": "2025-07-14T14:22:28.455892Z", "fetched_at": "2025-07-14T14:23:29.220332+00:00", "symbol": "ADA-USD"}, {"trade_id": 143557587, "side": "buy", "size": "96.04100813", "price": "0.75740000", "time": "2025-07-14T14:22:28.455282Z", "fetched_at": "2025-07-14T14:23:29.220332+00:00", "symbol": "ADA-USD"}, {"trade_id": 143557586, "side": "buy", "size": "77.84107187", "price": "0.75740000", "time": "2025-07-14T14:22:28.455282Z", "fetched_at": "2025-07-14T14:23:29.220332+00:00", "symbol": "ADA-USD"}, {"trade_id": 143557585, "side": "buy", "size": "68.39945000", "price": "0.75740000", "time": "2025-07-14T14:22:28.453928Z", "fetched_at": "2025-07-14T14:23:29.220332+00:00", "symbol": "ADA-USD"}, {"trade_id": 143557584, "side": "buy", "size": "164.25947813", "price": "0.75740000", "time": "2025-07-14T14:22:28.453053Z", "fetched_at": "2025-07-14T14:23:29.220332+00:00", "symbol": "ADA-USD"}, {"trade_id": 143557583, "side": "buy", "size": "9.62260187", "price": "0.75740000", "time": "2025-07-14T14:22:28.453053Z", "fetched_at": "2025-07-14T14:23:29.220332+00:00", "symbol": "ADA-USD"}, {"trade_id": 143557582, "side": "buy", "size": "118.63911000", "price": "0.75730000", "time": "2025-07-14T14:22:28.441706Z", "fetched_at": "2025-07-14T14:23:29.220332+00:00", "symbol": "ADA-USD"}, {"trade_id": 143557581, "side": "buy", "size": "68.39945000", "price": "0.75730000", "time": "2025-07-14T14:22:28.440880Z", "fetched_at": "2025-07-14T14:23:29.220332+00:00", "symbol": "ADA-USD"}, {"trade_id": 143557580, "side": "sell", "size": "6525.67126073", "price": "0.75750000", "time": "2025-07-14T14:22:28.420324Z", "fetched_at": "2025-07-14T14:23:29.220332+00:00", "symbol": "ADA-USD"}, {"trade_id": 143557579, "side": "sell", "size": "2721.30520231", "price": "0.75750000", "time": "2025-07-14T14:22:28.418143Z", "fetched_at": "2025-07-14T14:23:29.220332+00:00", "symbol": "ADA-USD"}, {"trade_id": 143557578, "side": "sell", "size": "1825.61162000", "price": "0.75750000", "time": "2025-07-14T14:22:28.418143Z", "fetched_at": "2025-07-14T14:23:29.220332+00:00", "symbol": "ADA-USD"}, {"trade_id": 143557577, "side": "sell", "size": "600.00000000", "price": "0.75740000", "time": "2025-07-14T14:22:28.418143Z", "fetched_at": "2025-07-14T14:23:29.220332+00:00", "symbol": "ADA-USD"}, {"trade_id": 143557576, "side": "buy", "size": "51.00306000", "price": "0.75720000", "time": "2025-07-14T14:22:28.417679Z", "fetched_at": "2025-07-14T14:23:29.220332+00:00", "symbol": "ADA-USD"}, {"trade_id": 143557575, "side": "sell", "size": "50.00000000", "price": "0.75730000", "time": "2025-07-14T14:22:28.401290Z", "fetched_at": "2025-07-14T14:23:29.220332+00:00", "symbol": "ADA-USD"}, {"trade_id": 143557574, "side": "sell", "size": "51.00306000", "price": "0.75720000", "time": "2025-07-14T14:22:28.392130Z", "fetched_at": "2025-07-14T14:23:29.220332+00:00", "symbol": "ADA-USD"}, {"trade_id": 143557573, "side": "sell", "size": "660.32752245", "price": "0.75720000", "time": "2025-07-14T14:22:28.392130Z", "fetched_at": "2025-07-14T14:23:29.220332+00:00", "symbol": "ADA-USD"}, {"trade_id": 143557572, "side": "buy", "size": "1.50000000", "price": "0.75710000", "time": "2025-07-14T14:22:28.342762Z", "fetched_at": "2025-07-14T14:23:29.220332+00:00", "symbol": "ADA-USD"}, {"trade_id": 143557571, "side": "buy", "size": "1.50000000", "price": "0.75720000", "time": "2025-07-14T14:22:28.108559Z", "fetched_at": "2025-07-14T14:23:29.220332+00:00", "symbol": "ADA-USD"}, {"trade_id": 143557570, "side": "buy", "size": "66.03275224", "price": "0.75720000", "time": "2025-07-14T14:22:28.108559Z", "fetched_at": "2025-07-14T14:23:29.220332+00:00", "symbol": "ADA-USD"}, {"trade_id": 143557569, "side": "buy", "size": "22.80913037", "price": "0.75730000", "time": "2025-07-14T14:22:26.839972Z", "fetched_at": "2025-07-14T14:23:29.220332+00:00", "symbol": "ADA-USD"}, {"trade_id": 143557568, "side": "buy", "size": "1.50000000", "price": "0.75730000", "time": "2025-07-14T14:22:26.653683Z", "fetched_at": "2025-07-14T14:23:29.220332+00:00", "symbol": "ADA-USD"}, {"trade_id": 143557567, "side": "buy", "size": "1.50000000", "price": "0.75740000", "time": "2025-07-14T14:22:26.595697Z", "fetched_at": "2025-07-14T14:23:29.220332+00:00", "symbol": "ADA-USD"}, {"trade_id": 143557566, "side": "sell", "size": "120.04266442", "price": "0.75760000", "time": "2025-07-14T14:22:26.475465Z", "fetched_at": "2025-07-14T14:23:29.220332+00:00", "symbol": "ADA-USD"}, {"trade_id": 143557565, "side": "sell", "size": "310.50000000", "price": "0.75760000", "time": "2025-07-14T14:22:26.475465Z", "fetched_at": "2025-07-14T14:23:29.220332+00:00", "symbol": "ADA-USD"}, {"trade_id": 143557564, "side": "sell", "size": "85.49500358", "price": "0.75760000", "time": "2025-07-14T14:22:26.475465Z", "fetched_at": "2025-07-14T14:23:29.220332+00:00", "symbol": "ADA-USD"}, {"trade_id": 143557563, "side": "sell", "size": "86.58489006", "price": "0.75750000", "time": "2025-07-14T14:22:26.475465Z", "fetched_at": "2025-07-14T14:23:29.220332+00:00", "symbol": "ADA-USD"}, {"trade_id": 143557562, "side": "sell", "size": "310.50000000", "price": "0.75750000", "time": "2025-07-14T14:22:26.475465Z", "fetched_at": "2025-07-14T14:23:29.220332+00:00", "symbol": "ADA-USD"}, {"trade_id": 143557561, "side": "sell", "size": "122.96858494", "price": "0.75750000", "time": "2025-07-14T14:22:26.475465Z", "fetched_at": "2025-07-14T14:23:29.220332+00:00", "symbol": "ADA-USD"}, {"trade_id": 143557560, "side": "buy", "size": "4470.59015832", "price": "0.75740000", "time": "2025-07-14T14:22:25.095986Z", "fetched_at": "2025-07-14T14:23:29.220332+00:00", "symbol": "ADA-USD"}, {"trade_id": 143557559, "side": "buy", "size": "1.50000000", "price": "0.75740000", "time": "2025-07-14T14:22:25.095986Z", "fetched_at": "2025-07-14T14:23:29.220332+00:00", "symbol": "ADA-USD"}, {"trade_id": 143557558, "side": "buy", "size": "50.00000000", "price": "0.75750000", "time": "2025-07-14T14:22:25.095986Z", "fetched_at": "2025-07-14T14:23:29.220332+00:00", "symbol": "ADA-USD"}, {"trade_id": 143557557, "side": "buy", "size": "310.50000000", "price": "0.75750000", "time": "2025-07-14T14:22:25.095986Z", "fetched_at": "2025-07-14T14:23:29.220332+00:00", "symbol": "ADA-USD"}, {"trade_id": 143557556, "side": "buy", "size": "1.50000000", "price": "0.75750000", "time": "2025-07-14T14:22:25.095986Z", "fetched_at": "2025-07-14T14:23:29.220332+00:00", "symbol": "ADA-USD"}, {"trade_id": 143557555, "side": "buy", "size": "1.50000000", "price": "0.75760000", "time": "2025-07-14T14:22:24.243276Z", "fetched_at": "2025-07-14T14:23:29.220332+00:00", "symbol": "ADA-USD"}, {"trade_id": 143557554, "side": "buy", "size": "100.64242371", "price": "0.75770000", "time": "2025-07-14T14:22:23.866641Z", "fetched_at": "2025-07-14T14:23:29.220332+00:00", "symbol": "ADA-USD"}, {"trade_id": 143557553, "side": "buy", "size": "834.58687390", "price": "0.75770000", "time": "2025-07-14T14:22:23.866641Z", "fetched_at": "2025-07-14T14:23:29.220332+00:00", "symbol": "ADA-USD"}, {"trade_id": 143557552, "side": "buy", "size": "732.37963039", "price": "0.75770000", "time": "2025-07-14T14:22:23.866641Z", "fetched_at": "2025-07-14T14:23:29.220332+00:00", "symbol": "ADA-USD"}, {"trade_id": 143557551, "side": "buy", "size": "310.50000000", "price": "0.75770000", "time": "2025-07-14T14:22:23.866641Z", "fetched_at": "2025-07-14T14:23:29.220332+00:00", "symbol": "ADA-USD"}, {"trade_id": 143557550, "side": "sell", "size": "675.80455909", "price": "0.75760000", "time": "2025-07-14T14:22:22.786385Z", "fetched_at": "2025-07-14T14:23:29.220332+00:00", "symbol": "ADA-USD"}, {"trade_id": 143557549, "side": "sell", "size": "50.00000000", "price": "0.75760000", "time": "2025-07-14T14:22:21.534424Z", "fetched_at": "2025-07-14T14:23:29.220332+00:00", "symbol": "ADA-USD"}, {"trade_id": 143557548, "side": "buy", "size": "1.50000000", "price": "0.75760000", "time": "2025-07-14T14:22:21.185456Z", "fetched_at": "2025-07-14T14:23:29.220332+00:00", "symbol": "ADA-USD"}, {"trade_id": 143557547, "side": "buy", "size": "1.50000000", "price": "0.75770000", "time": "2025-07-14T14:22:20.301681Z", "fetched_at": "2025-07-14T14:23:29.220332+00:00", "symbol": "ADA-USD"}, {"trade_id": 143557546, "side": "buy", "size": "1.50000000", "price": "0.75780000", "time": "2025-07-14T14:22:19.357036Z", "fetched_at": "2025-07-14T14:23:29.220332+00:00", "symbol": "ADA-USD"}, {"trade_id": 143557545, "side": "sell", "size": "68.39945000", "price": "0.75800000", "time": "2025-07-14T14:22:14.884334Z", "fetched_at": "2025-07-14T14:23:29.220332+00:00", "symbol": "ADA-USD"}, {"trade_id": 143557544, "side": "buy", "size": "936.58443620", "price": "0.75790000", "time": "2025-07-14T14:22:14.874155Z", "fetched_at": "2025-07-14T14:23:29.220332+00:00", "symbol": "ADA-USD"}, {"trade_id": 143557543, "side": "buy", "size": "834.58687390", "price": "0.75790000", "time": "2025-07-14T14:22:14.874155Z", "fetched_at": "2025-07-14T14:23:29.220332+00:00", "symbol": "ADA-USD"}, {"trade_id": 143557542, "side": "buy", "size": "1.50000000", "price": "0.75790000", "time": "2025-07-14T14:22:14.874155Z", "fetched_at": "2025-07-14T14:23:29.220332+00:00", "symbol": "ADA-USD"}, {"trade_id": 143557541, "side": "buy", "size": "1.50000000", "price": "0.75800000", "time": "2025-07-14T14:22:14.874155Z", "fetched_at": "2025-07-14T14:23:29.220332+00:00", "symbol": "ADA-USD"}, {"trade_id": 143557540, "side": "buy", "size": "1.50000000", "price": "0.75810000", "time": "2025-07-14T14:22:14.742302Z", "fetched_at": "2025-07-14T14:23:29.220332+00:00", "symbol": "ADA-USD"}, {"trade_id": 143557539, "side": "buy", "size": "1.05368200", "price": "0.75820000", "time": "2025-07-14T14:22:13.189578Z", "fetched_at": "2025-07-14T14:23:29.220332+00:00", "symbol": "ADA-USD"}, {"trade_id": 143557538, "side": "sell", "size": "68.39945000", "price": "0.75830000", "time": "2025-07-14T14:22:12.672046Z", "fetched_at": "2025-07-14T14:23:29.220332+00:00", "symbol": "ADA-USD"}, {"trade_id": 143557537, "side": "buy", "size": "1318.56540084", "price": "0.75840000", "time": "2025-07-14T14:22:12.648819Z", "fetched_at": "2025-07-14T14:23:29.220332+00:00", "symbol": "ADA-USD"}, {"trade_id": 143557536, "side": "sell", "size": "1.50000000", "price": "0.75850000", "time": "2025-07-14T14:22:10.812037Z", "fetched_at": "2025-07-14T14:23:29.220332+00:00", "symbol": "ADA-USD"}, {"trade_id": 143557535, "side": "buy", "size": "66.49767887", "price": "0.75830000", "time": "2025-07-14T14:22:08.300388Z", "fetched_at": "2025-07-14T14:23:29.220332+00:00", "symbol": "ADA-USD"}, {"trade_id": 143557534, "side": "buy", "size": "1.90177113", "price": "0.75830000", "time": "2025-07-14T14:22:08.300388Z", "fetched_at": "2025-07-14T14:23:29.220332+00:00", "symbol": "ADA-USD"}, {"trade_id": 143557533, "side": "buy", "size": "2.53569485", "price": "0.75810000", "time": "2025-07-14T14:22:07.929759Z", "fetched_at": "2025-07-14T14:23:29.220332+00:00", "symbol": "ADA-USD"}, {"trade_id": 143557532, "side": "buy", "size": "2.34064140", "price": "0.75810000", "time": "2025-07-14T14:22:07.915029Z", "fetched_at": "2025-07-14T14:23:29.220332+00:00", "symbol": "ADA-USD"}, {"trade_id": 143557531, "side": "sell", "size": "19.57811500", "price": "0.75830000", "time": "2025-07-14T14:22:06.965383Z", "fetched_at": "2025-07-14T14:23:29.220332+00:00", "symbol": "ADA-USD"}, {"trade_id": 143557530, "side": "buy", "size": "3.18204844", "price": "0.75840000", "time": "2025-07-14T14:22:05.684445Z", "fetched_at": "2025-07-14T14:23:29.220332+00:00", "symbol": "ADA-USD"}, {"trade_id": 143557529, "side": "sell", "size": "600.00000000", "price": "0.75840000", "time": "2025-07-14T14:22:04.995524Z", "fetched_at": "2025-07-14T14:23:29.220332+00:00", "symbol": "ADA-USD"}, {"trade_id": 143557528, "side": "sell", "size": "1.50000000", "price": "0.75840000", "time": "2025-07-14T14:22:04.995524Z", "fetched_at": "2025-07-14T14:23:29.220332+00:00", "symbol": "ADA-USD"}, {"trade_id": 143557527, "side": "buy", "size": "5.22182308", "price": "0.75800000", "time": "2025-07-14T14:22:03.350347Z", "fetched_at": "2025-07-14T14:23:29.220332+00:00", "symbol": "ADA-USD"}, {"trade_id": 143557526, "side": "buy", "size": "1.50000000", "price": "0.75800000", "time": "2025-07-14T14:22:03.337176Z", "fetched_at": "2025-07-14T14:23:29.220332+00:00", "symbol": "ADA-USD"}, {"trade_id": 143557525, "side": "buy", "size": "32.96848200", "price": "0.75810000", "time": "2025-07-14T14:22:00.305439Z", "fetched_at": "2025-07-14T14:23:29.220332+00:00", "symbol": "ADA-USD"}, {"trade_id": 143557524, "side": "buy", "size": "4808.96324287", "price": "0.75830000", "time": "2025-07-14T14:22:00.296338Z", "fetched_at": "2025-07-14T14:23:29.220332+00:00", "symbol": "ADA-USD"}, {"trade_id": 143557523, "side": "buy", "size": "1.50000000", "price": "0.75830000", "time": "2025-07-14T14:22:00.296338Z", "fetched_at": "2025-07-14T14:23:29.220332+00:00", "symbol": "ADA-USD"}, {"trade_id": 143557522, "side": "sell", "size": "639.51847000", "price": "0.75860000", "time": "2025-07-14T14:21:59.683575Z", "fetched_at": "2025-07-14T14:23:29.220332+00:00", "symbol": "ADA-USD"}, {"trade_id": 143557521, "side": "sell", "size": "1.50000000", "price": "0.75860000", "time": "2025-07-14T14:21:59.683575Z", "fetched_at": "2025-07-14T14:23:29.220332+00:00", "symbol": "ADA-USD"}, {"trade_id": 143557520, "side": "buy", "size": "263.81448900", "price": "0.75850000", "time": "2025-07-14T14:21:57.549745Z", "fetched_at": "2025-07-14T14:23:29.220332+00:00", "symbol": "ADA-USD"}, {"trade_id": 143557519, "side": "buy", "size": "500.00000000", "price": "0.75850000", "time": "2025-07-14T14:21:57.549745Z", "fetched_at": "2025-07-14T14:23:29.220332+00:00", "symbol": "ADA-USD"}, {"trade_id": 143557518, "side": "sell", "size": "1.50000000", "price": "0.75850000", "time": "2025-07-14T14:21:57.359652Z", "fetched_at": "2025-07-14T14:23:29.220332+00:00", "symbol": "ADA-USD"}, {"trade_id": 143557517, "side": "sell", "size": "1.50000000", "price": "0.75840000", "time": "2025-07-14T14:21:56.867089Z", "fetched_at": "2025-07-14T14:23:29.220332+00:00", "symbol": "ADA-USD"}, {"trade_id": 143557516, "side": "buy", "size": "64.98152944", "price": "0.75830000", "time": "2025-07-14T14:21:53.580256Z", "fetched_at": "2025-07-14T14:23:29.220332+00:00", "symbol": "ADA-USD"}, {"trade_id": 143557515, "side": "buy", "size": "3.41792056", "price": "0.75830000", "time": "2025-07-14T14:21:53.580256Z", "fetched_at": "2025-07-14T14:23:29.220332+00:00", "symbol": "ADA-USD"}, {"trade_id": 143557514, "side": "sell", "size": "1.50000000", "price": "0.75820000", "time": "2025-07-14T14:21:53.571343Z", "fetched_at": "2025-07-14T14:23:29.220332+00:00", "symbol": "ADA-USD"}, {"trade_id": 143557513, "side": "buy", "size": "524.63487700", "price": "0.75780000", "time": "2025-07-14T14:21:52.087254Z", "fetched_at": "2025-07-14T14:23:29.220332+00:00", "symbol": "ADA-USD"}, {"trade_id": 143557512, "side": "buy", "size": "1.50000000", "price": "0.75780000", "time": "2025-07-14T14:21:52.087254Z", "fetched_at": "2025-07-14T14:23:29.220332+00:00", "symbol": "ADA-USD"}, {"trade_id": 143557511, "side": "buy", "size": "1.50000000", "price": "0.75790000", "time": "2025-07-14T14:21:52.087254Z", "fetched_at": "2025-07-14T14:23:29.220332+00:00", "symbol": "ADA-USD"}, {"trade_id": 143557510, "side": "buy", "size": "1.50000000", "price": "0.75800000", "time": "2025-07-14T14:21:50.924440Z", "fetched_at": "2025-07-14T14:23:29.220332+00:00", "symbol": "ADA-USD"}, {"trade_id": 143557509, "side": "sell", "size": "577.39410969", "price": "0.75840000", "time": "2025-07-14T14:21:49.116028Z", "fetched_at": "2025-07-14T14:23:29.220332+00:00", "symbol": "ADA-USD"}, {"trade_id": 143557508, "side": "sell", "size": "674.99002390", "price": "0.75830000", "time": "2025-07-14T14:21:49.116028Z", "fetched_at": "2025-07-14T14:23:29.220332+00:00", "symbol": "ADA-USD"}, {"trade_id": 143557507, "side": "sell", "size": "50.00000000", "price": "0.75830000", "time": "2025-07-14T14:21:49.116028Z", "fetched_at": "2025-07-14T14:23:29.220332+00:00", "symbol": "ADA-USD"}, {"trade_id": 143557506, "side": "sell", "size": "51.00306000", "price": "0.75830000", "time": "2025-07-14T14:21:49.116028Z", "fetched_at": "2025-07-14T14:23:29.220332+00:00", "symbol": "ADA-USD"}, {"trade_id": 143557505, "side": "sell", "size": "261.88293833", "price": "0.75830000", "time": "2025-07-14T14:21:49.116028Z", "fetched_at": "2025-07-14T14:23:29.220332+00:00", "symbol": "ADA-USD"}, {"trade_id": 143557504, "side": "sell", "size": "384.72986808", "price": "0.75830000", "time": "2025-07-14T14:21:49.116028Z", "fetched_at": "2025-07-14T14:23:29.220332+00:00", "symbol": "ADA-USD"}, {"trade_id": 143557503, "side": "sell", "size": "326.90000000", "price": "0.75830000", "time": "2025-07-14T14:21:48.608851Z", "fetched_at": "2025-07-14T14:23:29.220332+00:00", "symbol": "ADA-USD"}, {"trade_id": 143557502, "side": "buy", "size": "163.82775100", "price": "0.75820000", "time": "2025-07-14T14:21:48.294907Z", "fetched_at": "2025-07-14T14:23:29.220332+00:00", "symbol": "ADA-USD"}, {"trade_id": 143557501, "side": "buy", "size": "1.50000000", "price": "0.75820000", "time": "2025-07-14T14:21:48.294907Z", "fetched_at": "2025-07-14T14:23:29.220332+00:00", "symbol": "ADA-USD"}, {"trade_id": 143557500, "side": "sell", "size": "256.06074000", "price": "0.75870000", "time": "2025-07-14T14:21:45.341537Z", "fetched_at": "2025-07-14T14:23:29.220332+00:00", "symbol": "ADA-USD"}, {"trade_id": 143557499, "side": "sell", "size": "51.00306000", "price": "0.75860000", "time": "2025-07-14T14:21:45.341537Z", "fetched_at": "2025-07-14T14:23:29.220332+00:00", "symbol": "ADA-USD"}, {"trade_id": 143557498, "side": "sell", "size": "1.50000000", "price": "0.75870000", "time": "2025-07-14T14:21:44.927131Z", "fetched_at": "2025-07-14T14:23:29.220332+00:00", "symbol": "ADA-USD"}, {"trade_id": 143557497, "side": "sell", "size": "1.50000000", "price": "0.75860000", "time": "2025-07-14T14:21:44.486680Z", "fetched_at": "2025-07-14T14:23:29.220332+00:00", "symbol": "ADA-USD"}, {"trade_id": 143557496, "side": "sell", "size": "1.50000000", "price": "0.75850000", "time": "2025-07-14T14:21:44.278836Z", "fetched_at": "2025-07-14T14:23:29.220332+00:00", "symbol": "ADA-USD"}, {"trade_id": 143557495, "side": "sell", "size": "4909.83675713", "price": "0.75840000", "time": "2025-07-14T14:21:43.915267Z", "fetched_at": "2025-07-14T14:23:29.220332+00:00", "symbol": "ADA-USD"}, {"trade_id": 143557494, "side": "sell", "size": "3746.85722908", "price": "0.75840000", "time": "2025-07-14T14:21:43.913509Z", "fetched_at": "2025-07-14T14:23:29.220332+00:00", "symbol": "ADA-USD"}, {"trade_id": 143557493, "side": "sell", "size": "1062.10601379", "price": "0.75840000", "time": "2025-07-14T14:21:43.913481Z", "fetched_at": "2025-07-14T14:23:29.220332+00:00", "symbol": "ADA-USD"}, {"trade_id": 143557492, "side": "sell", "size": "1.50000000", "price": "0.75840000", "time": "2025-07-14T14:21:43.913481Z", "fetched_at": "2025-07-14T14:23:29.220332+00:00", "symbol": "ADA-USD"}, {"trade_id": 143557491, "side": "sell", "size": "1.50000000", "price": "0.75830000", "time": "2025-07-14T14:21:43.799379Z", "fetched_at": "2025-07-14T14:23:29.220332+00:00", "symbol": "ADA-USD"}, {"trade_id": 143557490, "side": "sell", "size": "65.32928600", "price": "0.75800000", "time": "2025-07-14T14:21:42.939293Z", "fetched_at": "2025-07-14T14:23:29.220332+00:00", "symbol": "ADA-USD"}, {"trade_id": 143557489, "side": "sell", "size": "64.09339100", "price": "0.75800000", "time": "2025-07-14T14:21:42.324494Z", "fetched_at": "2025-07-14T14:23:29.220332+00:00", "symbol": "ADA-USD"}, {"trade_id": 143557488, "side": "sell", "size": "6.20464400", "price": "0.75820000", "time": "2025-07-14T14:21:41.311475Z", "fetched_at": "2025-07-14T14:23:29.220332+00:00", "symbol": "ADA-USD"}, {"trade_id": 143557487, "side": "sell", "size": "1.50000000", "price": "0.75820000", "time": "2025-07-14T14:21:40.188806Z", "fetched_at": "2025-07-14T14:23:29.220332+00:00", "symbol": "ADA-USD"}, {"trade_id": 143557486, "side": "sell", "size": "1.50000000", "price": "0.75800000", "time": "2025-07-14T14:21:38.950187Z", "fetched_at": "2025-07-14T14:23:29.220332+00:00", "symbol": "ADA-USD"}, {"trade_id": 143557485, "side": "sell", "size": "931.50000000", "price": "0.75790000", "time": "2025-07-14T14:21:38.788563Z", "fetched_at": "2025-07-14T14:23:29.220332+00:00", "symbol": "ADA-USD"}, {"trade_id": 143557484, "side": "sell", "size": "1863.00000000", "price": "0.75790000", "time": "2025-07-14T14:21:38.786931Z", "fetched_at": "2025-07-14T14:23:29.220332+00:00", "symbol": "ADA-USD"}, {"trade_id": 143557483, "side": "sell", "size": "3.76147800", "price": "0.75780000", "time": "2025-07-14T14:21:38.425395Z", "fetched_at": "2025-07-14T14:23:29.220332+00:00", "symbol": "ADA-USD"}, {"trade_id": 143557482, "side": "buy", "size": "68.39945000", "price": "0.75750000", "time": "2025-07-14T14:21:37.130199Z", "fetched_at": "2025-07-14T14:23:29.220332+00:00", "symbol": "ADA-USD"}, {"trade_id": 143557481, "side": "buy", "size": "1.50000000", "price": "0.75760000", "time": "2025-07-14T14:21:37.129849Z", "fetched_at": "2025-07-14T14:23:29.220332+00:00", "symbol": "ADA-USD"}, {"trade_id": 143557480, "side": "sell", "size": "68.39945000", "price": "0.75770000", "time": "2025-07-14T14:21:37.040097Z", "fetched_at": "2025-07-14T14:23:29.220332+00:00", "symbol": "ADA-USD"}, {"trade_id": 143557479, "side": "buy", "size": "1.50000000", "price": "0.75770000", "time": "2025-07-14T14:21:37.026424Z", "fetched_at": "2025-07-14T14:23:29.220332+00:00", "symbol": "ADA-USD"}, {"trade_id": 143557478, "side": "buy", "size": "68.39945000", "price": "0.75810000", "time": "2025-07-14T14:21:35.778432Z", "fetched_at": "2025-07-14T14:23:29.220332+00:00", "symbol": "ADA-USD"}, {"trade_id": 143557477, "side": "sell", "size": "68.39945000", "price": "0.75790000", "time": "2025-07-14T14:21:34.389407Z", "fetched_at": "2025-07-14T14:23:29.220332+00:00", "symbol": "ADA-USD"}, {"trade_id": 143557476, "side": "buy", "size": "500.00000000", "price": "0.75780000", "time": "2025-07-14T14:21:34.382150Z", "fetched_at": "2025-07-14T14:23:29.220332+00:00", "symbol": "ADA-USD"}, {"trade_id": 143557475, "side": "buy", "size": "6000.00000000", "price": "0.75780000", "time": "2025-07-14T14:21:34.382150Z", "fetched_at": "2025-07-14T14:23:29.220332+00:00", "symbol": "ADA-USD"}, {"trade_id": 143557474, "side": "buy", "size": "1.50000000", "price": "0.75780000", "time": "2025-07-14T14:21:34.382150Z", "fetched_at": "2025-07-14T14:23:29.220332+00:00", "symbol": "ADA-USD"}, {"trade_id": 143557473, "side": "buy", "size": "767.59596400", "price": "0.75780000", "time": "2025-07-14T14:21:33.855038Z", "fetched_at": "2025-07-14T14:23:29.220332+00:00", "symbol": "ADA-USD"}, {"trade_id": 143557472, "side": "buy", "size": "1.50000000", "price": "0.75790000", "time": "2025-07-14T14:21:33.855038Z", "fetched_at": "2025-07-14T14:23:29.220332+00:00", "symbol": "ADA-USD"}, {"trade_id": 143557471, "side": "buy", "size": "1.50000000", "price": "0.75800000", "time": "2025-07-14T14:21:30.757513Z", "fetched_at": "2025-07-14T14:23:29.220332+00:00", "symbol": "ADA-USD"}, {"trade_id": 143557470, "side": "buy", "size": "130.34300791", "price": "0.75800000", "time": "2025-07-14T14:21:30.757513Z", "fetched_at": "2025-07-14T14:23:29.220332+00:00", "symbol": "ADA-USD"}, {"trade_id": 143557469, "side": "buy", "size": "1.50000000", "price": "0.75810000", "time": "2025-07-14T14:21:30.726533Z", "fetched_at": "2025-07-14T14:23:29.220332+00:00", "symbol": "ADA-USD"}, {"trade_id": 143557468, "side": "buy", "size": "8.10173762", "price": "0.75820000", "time": "2025-07-14T14:21:30.386814Z", "fetched_at": "2025-07-14T14:23:29.220332+00:00", "symbol": "ADA-USD"}, {"trade_id": 143557467, "side": "buy", "size": "1.50000000", "price": "0.75820000", "time": "2025-07-14T14:21:30.294270Z", "fetched_at": "2025-07-14T14:23:29.220332+00:00", "symbol": "ADA-USD"}, {"trade_id": 143557466, "side": "buy", "size": "10.80231683", "price": "0.75830000", "time": "2025-07-14T14:21:30.227508Z", "fetched_at": "2025-07-14T14:23:29.220332+00:00", "symbol": "ADA-USD"}, {"trade_id": 143557465, "side": "buy", "size": "1.50000000", "price": "0.75830000", "time": "2025-07-14T14:21:30.204197Z", "fetched_at": "2025-07-14T14:23:29.220332+00:00", "symbol": "ADA-USD"}, {"trade_id": 143557464, "side": "buy", "size": "14.40308910", "price": "0.75840000", "time": "2025-07-14T14:21:30.095410Z", "fetched_at": "2025-07-14T14:23:29.220332+00:00", "symbol": "ADA-USD"}, {"trade_id": 143557463, "side": "buy", "size": "310.50000000", "price": "0.75840000", "time": "2025-07-14T14:21:29.555579Z", "fetched_at": "2025-07-14T14:23:29.220332+00:00", "symbol": "ADA-USD"}, {"trade_id": 143557462, "side": "buy", "size": "19.13247681", "price": "0.75840000", "time": "2025-07-14T14:21:29.555579Z", "fetched_at": "2025-07-14T14:23:29.220332+00:00", "symbol": "ADA-USD"}, {"trade_id": 143557461, "side": "buy", "size": "0.07164200", "price": "0.75840000", "time": "2025-07-14T14:21:28.732056Z", "fetched_at": "2025-07-14T14:23:29.220332+00:00", "symbol": "ADA-USD"}, {"trade_id": 143557460, "side": "buy", "size": "1.50000000", "price": "0.75840000", "time": "2025-07-14T14:21:28.327478Z", "fetched_at": "2025-07-14T14:23:29.220332+00:00", "symbol": "ADA-USD"}, {"trade_id": 143557459, "side": "buy", "size": "1.50000000", "price": "0.75850000", "time": "2025-07-14T14:21:27.982318Z", "fetched_at": "2025-07-14T14:23:29.220332+00:00", "symbol": "ADA-USD"}, {"trade_id": 143557458, "side": "sell", "size": "68.39945000", "price": "0.75860000", "time": "2025-07-14T14:21:27.803517Z", "fetched_at": "2025-07-14T14:23:29.220332+00:00", "symbol": "ADA-USD"}, {"trade_id": 143557457, "side": "sell", "size": "261.39057150", "price": "0.75890000", "time": "2025-07-14T14:21:27.144570Z", "fetched_at": "2025-07-14T14:23:29.220332+00:00", "symbol": "ADA-USD"}, {"trade_id": 143557456, "side": "sell", "size": "13.03828013", "price": "0.75870000", "time": "2025-07-14T14:21:24.725536Z", "fetched_at": "2025-07-14T14:23:29.220332+00:00", "symbol": "ADA-USD"}, {"trade_id": 143557455, "side": "buy", "size": "1.50000000", "price": "0.75860000", "time": "2025-07-14T14:21:24.691700Z", "fetched_at": "2025-07-14T14:23:29.220332+00:00", "symbol": "ADA-USD"}, {"trade_id": 143557454, "side": "buy", "size": "25.60549174", "price": "0.75870000", "time": "2025-07-14T14:21:24.512837Z", "fetched_at": "2025-07-14T14:23:29.220332+00:00", "symbol": "ADA-USD"}, {"trade_id": 143557453, "side": "buy", "size": "1.50000000", "price": "0.75870000", "time": "2025-07-14T14:21:24.331713Z", "fetched_at": "2025-07-14T14:23:29.220332+00:00", "symbol": "ADA-USD"}, {"trade_id": 143557452, "side": "buy", "size": "1.50000000", "price": "0.75880000", "time": "2025-07-14T14:21:24.312656Z", "fetched_at": "2025-07-14T14:23:29.220332+00:00", "symbol": "ADA-USD"}, {"trade_id": 143557451, "side": "sell", "size": "38.39786600", "price": "0.75890000", "time": "2025-07-14T14:21:22.899299Z", "fetched_at": "2025-07-14T14:23:29.220332+00:00", "symbol": "ADA-USD"}, {"trade_id": 143557450, "side": "buy", "size": "310.50000000", "price": "0.75890000", "time": "2025-07-14T14:21:22.475329Z", "fetched_at": "2025-07-14T14:23:29.220332+00:00", "symbol": "ADA-USD"}, {"trade_id": 143557449, "side": "buy", "size": "310.50000000", "price": "0.75890000", "time": "2025-07-14T14:21:22.463350Z", "fetched_at": "2025-07-14T14:23:29.220332+00:00", "symbol": "ADA-USD"}, {"trade_id": 143557448, "side": "buy", "size": "34.14065565", "price": "0.75890000", "time": "2025-07-14T14:21:22.448111Z", "fetched_at": "2025-07-14T14:23:29.220332+00:00", "symbol": "ADA-USD"}, {"trade_id": 143557447, "side": "sell", "size": "51.00306000", "price": "0.75890000", "time": "2025-07-14T14:21:22.438947Z", "fetched_at": "2025-07-14T14:23:29.220332+00:00", "symbol": "ADA-USD"}, {"trade_id": 143557446, "side": "sell", "size": "793.53654614", "price": "0.75890000", "time": "2025-07-14T14:21:22.438947Z", "fetched_at": "2025-07-14T14:23:29.220332+00:00", "symbol": "ADA-USD"}, {"trade_id": 143557445, "side": "sell", "size": "50.00000000", "price": "0.75890000", "time": "2025-07-14T14:21:22.438947Z", "fetched_at": "2025-07-14T14:23:29.220332+00:00", "symbol": "ADA-USD"}, {"trade_id": 143557444, "side": "sell", "size": "894.15696384", "price": "0.75890000", "time": "2025-07-14T14:21:22.438947Z", "fetched_at": "2025-07-14T14:23:29.220332+00:00", "symbol": "ADA-USD"}, {"trade_id": 143557443, "side": "sell", "size": "310.50000000", "price": "0.75890000", "time": "2025-07-14T14:21:22.438947Z", "fetched_at": "2025-07-14T14:23:29.220332+00:00", "symbol": "ADA-USD"}, {"trade_id": 143557442, "side": "buy", "size": "1257.84096852", "price": "0.75890000", "time": "2025-07-14T14:21:22.304124Z", "fetched_at": "2025-07-14T14:23:29.220332+00:00", "symbol": "ADA-USD"}, {"trade_id": 143557441, "side": "buy", "size": "757.47445804", "price": "0.75890000", "time": "2025-07-14T14:21:22.304124Z", "fetched_at": "2025-07-14T14:23:29.220332+00:00", "symbol": "ADA-USD"}, {"trade_id": 143557440, "side": "buy", "size": "1.50000000", "price": "0.75890000", "time": "2025-07-14T14:21:22.304124Z", "fetched_at": "2025-07-14T14:23:29.220332+00:00", "symbol": "ADA-USD"}, {"trade_id": 143557439, "side": "buy", "size": "555.07086348", "price": "0.75890000", "time": "2025-07-14T14:21:22.304124Z", "fetched_at": "2025-07-14T14:23:29.220332+00:00", "symbol": "ADA-USD"}, {"trade_id": 143557438, "side": "buy", "size": "631.50733945", "price": "0.75890000", "time": "2025-07-14T14:21:22.304124Z", "fetched_at": "2025-07-14T14:23:29.220332+00:00", "symbol": "ADA-USD"}, {"trade_id": 143557437, "side": "buy", "size": "848.46607871", "price": "0.75890000", "time": "2025-07-14T14:21:22.304124Z", "fetched_at": "2025-07-14T14:23:29.220332+00:00", "symbol": "ADA-USD"}, {"trade_id": 143557436, "side": "buy", "size": "597.81795628", "price": "0.75900000", "time": "2025-07-14T14:21:22.295768Z", "fetched_at": "2025-07-14T14:23:29.220332+00:00", "symbol": "ADA-USD"}, {"trade_id": 143557435, "side": "buy", "size": "1.50000000", "price": "0.75900000", "time": "2025-07-14T14:21:22.295768Z", "fetched_at": "2025-07-14T14:23:29.220332+00:00", "symbol": "ADA-USD"}, {"trade_id": 143557434, "side": "buy", "size": "848.46607871", "price": "0.75900000", "time": "2025-07-14T14:21:22.295768Z", "fetched_at": "2025-07-14T14:23:29.220332+00:00", "symbol": "ADA-USD"}, {"trade_id": 143557433, "side": "buy", "size": "4851.40000000", "price": "0.75910000", "time": "2025-07-14T14:21:22.290093Z", "fetched_at": "2025-07-14T14:23:29.220332+00:00", "symbol": "ADA-USD"}, {"trade_id": 143557432, "side": "buy", "size": "1.50000000", "price": "0.75910000", "time": "2025-07-14T14:21:22.290093Z", "fetched_at": "2025-07-14T14:23:29.220332+00:00", "symbol": "ADA-USD"}, {"trade_id": 143557431, "side": "buy", "size": "848.46607871", "price": "0.75910000", "time": "2025-07-14T14:21:22.290093Z", "fetched_at": "2025-07-14T14:23:29.220332+00:00", "symbol": "ADA-USD"}, {"trade_id": 143557430, "side": "sell", "size": "68.39945000", "price": "0.75920000", "time": "2025-07-14T14:21:22.171128Z", "fetched_at": "2025-07-14T14:23:29.220332+00:00", "symbol": "ADA-USD"}, {"trade_id": 143557429, "side": "sell", "size": "0.75631424", "price": "0.75940000", "time": "2025-07-14T14:21:21.275501Z", "fetched_at": "2025-07-14T14:23:29.220332+00:00", "symbol": "ADA-USD"}, {"trade_id": 143557428, "side": "sell", "size": "0.00000776", "price": "0.75940000", "time": "2025-07-14T14:21:21.275501Z", "fetched_at": "2025-07-14T14:23:29.220332+00:00", "symbol": "ADA-USD"}, {"trade_id": 143557427, "side": "sell", "size": "1.49999224", "price": "0.75940000", "time": "2025-07-14T14:21:18.432520Z", "fetched_at": "2025-07-14T14:23:29.220332+00:00", "symbol": "ADA-USD"}, {"trade_id": 143557426, "side": "sell", "size": "65.34507776", "price": "0.75940000", "time": "2025-07-14T14:21:18.432520Z", "fetched_at": "2025-07-14T14:23:29.220332+00:00", "symbol": "ADA-USD"}, {"trade_id": 143557425, "side": "buy", "size": "21.01054100", "price": "0.75900000", "time": "2025-07-14T14:21:16.909761Z", "fetched_at": "2025-07-14T14:23:29.220332+00:00", "symbol": "ADA-USD"}, {"trade_id": 143557424, "side": "buy", "size": "1.50000000", "price": "0.75900000", "time": "2025-07-14T14:21:16.909761Z", "fetched_at": "2025-07-14T14:23:29.220332+00:00", "symbol": "ADA-USD"}, {"trade_id": 143557423, "side": "buy", "size": "310.50000000", "price": "0.75900000", "time": "2025-07-14T14:21:16.909761Z", "fetched_at": "2025-07-14T14:23:29.220332+00:00", "symbol": "ADA-USD"}, {"trade_id": 143557422, "side": "buy", "size": "1.50000000", "price": "0.75910000", "time": "2025-07-14T14:21:16.909761Z", "fetched_at": "2025-07-14T14:23:29.220332+00:00", "symbol": "ADA-USD"}, {"trade_id": 143557421, "side": "sell", "size": "68.39945000", "price": "0.75920000", "time": "2025-07-14T14:21:16.874429Z", "fetched_at": "2025-07-14T14:23:29.220332+00:00", "symbol": "ADA-USD"}, {"trade_id": 143557420, "side": "buy", "size": "4853.20000000", "price": "0.75930000", "time": "2025-07-14T14:21:16.725773Z", "fetched_at": "2025-07-14T14:23:29.220332+00:00", "symbol": "ADA-USD"}, {"trade_id": 143557419, "side": "buy", "size": "4.80871300", "price": "0.75920000", "time": "2025-07-14T14:21:12.409859Z", "fetched_at": "2025-07-14T14:23:29.220332+00:00", "symbol": "ADA-USD"}, {"trade_id": 143557418, "side": "buy", "size": "42.18098938", "price": "0.75910000", "time": "2025-07-14T14:21:11.505999Z", "fetched_at": "2025-07-14T14:23:29.220332+00:00", "symbol": "ADA-USD"}, {"trade_id": 143557417, "side": "buy", "size": "23.73918162", "price": "0.75920000", "time": "2025-07-14T14:21:11.505999Z", "fetched_at": "2025-07-14T14:23:29.220332+00:00", "symbol": "ADA-USD"}, {"trade_id": 143557416, "side": "buy", "size": "310.50000000", "price": "0.75940000", "time": "2025-07-14T14:21:11.121583Z", "fetched_at": "2025-07-14T14:23:29.220332+00:00", "symbol": "ADA-USD"}, {"trade_id": 143557415, "side": "sell", "size": "261.88293833", "price": "0.75950000", "time": "2025-07-14T14:21:10.660702Z", "fetched_at": "2025-07-14T14:23:29.220332+00:00", "symbol": "ADA-USD"}, {"trade_id": 143557414, "side": "buy", "size": "7.91306054", "price": "0.75950000", "time": "2025-07-14T14:21:10.571541Z", "fetched_at": "2025-07-14T14:23:29.220332+00:00", "symbol": "ADA-USD"}, {"trade_id": 143557413, "side": "buy", "size": "764.15901696", "price": "0.75950000", "time": "2025-07-14T14:21:10.571541Z", "fetched_at": "2025-07-14T14:23:29.220332+00:00", "symbol": "ADA-USD"}, {"trade_id": 143557412, "side": "buy", "size": "23.73918162", "price": "0.75950000", "time": "2025-07-14T14:21:10.571541Z", "fetched_at": "2025-07-14T14:23:29.220332+00:00", "symbol": "ADA-USD"}, {"trade_id": 143557411, "side": "buy", "size": "116.66026496", "price": "0.75960000", "time": "2025-07-14T14:21:10.560754Z", "fetched_at": "2025-07-14T14:23:29.220332+00:00", "symbol": "ADA-USD"}, {"trade_id": 143557410, "side": "buy", "size": "957.82633472", "price": "0.75960000", "time": "2025-07-14T14:21:10.550156Z", "fetched_at": "2025-07-14T14:23:29.220332+00:00", "symbol": "ADA-USD"}, {"trade_id": 143557409, "side": "sell", "size": "261.88293833", "price": "0.75950000", "time": "2025-07-14T14:21:10.536304Z", "fetched_at": "2025-07-14T14:23:29.220332+00:00", "symbol": "ADA-USD"}, {"trade_id": 143557408, "side": "sell", "size": "13871.58050769", "price": "0.76030000", "time": "2025-07-14T14:21:10.525732Z", "fetched_at": "2025-07-14T14:23:29.220332+00:00", "symbol": "ADA-USD"}, {"trade_id": 143557407, "side": "sell", "size": "310.50000000", "price": "0.76030000", "time": "2025-07-14T14:21:10.525732Z", "fetched_at": "2025-07-14T14:23:29.220332+00:00", "symbol": "ADA-USD"}, {"trade_id": 143557406, "side": "sell", "size": "261.88293833", "price": "0.76030000", "time": "2025-07-14T14:21:10.525732Z", "fetched_at": "2025-07-14T14:23:29.220332+00:00", "symbol": "ADA-USD"}, {"trade_id": 143557405, "side": "sell", "size": "21.77492616", "price": "0.76030000", "time": "2025-07-14T14:21:10.525732Z", "fetched_at": "2025-07-14T14:23:29.220332+00:00", "symbol": "ADA-USD"}, {"trade_id": 143557404, "side": "sell", "size": "1835.24689000", "price": "0.76030000", "time": "2025-07-14T14:21:10.525732Z", "fetched_at": "2025-07-14T14:23:29.220332+00:00", "symbol": "ADA-USD"}, {"trade_id": 143557403, "side": "sell", "size": "805.40000000", "price": "0.76020000", "time": "2025-07-14T14:21:10.525732Z", "fetched_at": "2025-07-14T14:23:29.220332+00:00", "symbol": "ADA-USD"}, {"trade_id": 143557402, "side": "sell", "size": "3951.26769839", "price": "0.76020000", "time": "2025-07-14T14:21:10.525732Z", "fetched_at": "2025-07-14T14:23:29.220332+00:00", "symbol": "ADA-USD"}, {"trade_id": 143557401, "side": "sell", "size": "15755.52883242", "price": "0.76020000", "time": "2025-07-14T14:21:10.525732Z", "fetched_at": "2025-07-14T14:23:29.220332+00:00", "symbol": "ADA-USD"}, {"trade_id": 143557400, "side": "sell", "size": "503.11851415", "price": "0.76020000", "time": "2025-07-14T14:21:10.525732Z", "fetched_at": "2025-07-14T14:23:29.220332+00:00", "symbol": "ADA-USD"}, {"trade_id": 143557399, "side": "sell", "size": "848.46607871", "price": "0.76020000", "time": "2025-07-14T14:21:10.525732Z", "fetched_at": "2025-07-14T14:23:29.220332+00:00", "symbol": "ADA-USD"}, {"trade_id": 143557398, "side": "sell", "size": "1.50000000", "price": "0.76020000", "time": "2025-07-14T14:21:10.525732Z", "fetched_at": "2025-07-14T14:23:29.220332+00:00", "symbol": "ADA-USD"}, {"trade_id": 143557397, "side": "sell", "size": "1852.53534000", "price": "0.76020000", "time": "2025-07-14T14:21:10.525732Z", "fetched_at": "2025-07-14T14:23:29.220332+00:00", "symbol": "ADA-USD"}, {"trade_id": 143557396, "side": "sell", "size": "310.50000000", "price": "0.76020000", "time": "2025-07-14T14:21:10.525732Z", "fetched_at": "2025-07-14T14:23:29.220332+00:00", "symbol": "ADA-USD"}, {"trade_id": 143557395, "side": "sell", "size": "30.14351860", "price": "0.76020000", "time": "2025-07-14T14:21:10.525732Z", "fetched_at": "2025-07-14T14:23:29.220332+00:00", "symbol": "ADA-USD"}, {"trade_id": 143557394, "side": "sell", "size": "2618.82938327", "price": "0.76010000", "time": "2025-07-14T14:21:10.525732Z", "fetched_at": "2025-07-14T14:23:29.220332+00:00", "symbol": "ADA-USD"}, {"trade_id": 143557393, "side": "sell", "size": "1.50000000", "price": "0.76010000", "time": "2025-07-14T14:21:10.525732Z", "fetched_at": "2025-07-14T14:23:29.220332+00:00", "symbol": "ADA-USD"}, {"trade_id": 143557392, "side": "sell", "size": "2368.09776927", "price": "0.76010000", "time": "2025-07-14T14:21:10.525732Z", "fetched_at": "2025-07-14T14:23:29.220332+00:00", "symbol": "ADA-USD"}, {"trade_id": 143557391, "side": "sell", "size": "848.46607871", "price": "0.76010000", "time": "2025-07-14T14:21:10.525732Z", "fetched_at": "2025-07-14T14:23:29.220332+00:00", "symbol": "ADA-USD"}, {"trade_id": 143557390, "side": "sell", "size": "1404.52520465", "price": "0.76010000", "time": "2025-07-14T14:21:10.525732Z", "fetched_at": "2025-07-14T14:23:29.220332+00:00", "symbol": "ADA-USD"}, {"trade_id": 143557389, "side": "sell", "size": "310.50000000", "price": "0.76010000", "time": "2025-07-14T14:21:10.525732Z", "fetched_at": "2025-07-14T14:23:29.220332+00:00", "symbol": "ADA-USD"}, {"trade_id": 143557388, "side": "sell", "size": "1848.83145000", "price": "0.76010000", "time": "2025-07-14T14:21:10.525732Z", "fetched_at": "2025-07-14T14:23:29.220332+00:00", "symbol": "ADA-USD"}, {"trade_id": 143557387, "side": "sell", "size": "261.88293833", "price": "0.76010000", "time": "2025-07-14T14:21:10.525732Z", "fetched_at": "2025-07-14T14:23:29.220332+00:00", "symbol": "ADA-USD"}, {"trade_id": 143557386, "side": "sell", "size": "1100.13572652", "price": "0.76000000", "time": "2025-07-14T14:21:10.525732Z", "fetched_at": "2025-07-14T14:23:29.220332+00:00", "symbol": "ADA-USD"}, {"trade_id": 143557385, "side": "sell", "size": "2047.23879222", "price": "0.76000000", "time": "2025-07-14T14:21:10.525732Z", "fetched_at": "2025-07-14T14:23:29.220332+00:00", "symbol": "ADA-USD"}, {"trade_id": 143557384, "side": "sell", "size": "848.46607871", "price": "0.76000000", "time": "2025-07-14T14:21:10.525732Z", "fetched_at": "2025-07-14T14:23:29.220332+00:00", "symbol": "ADA-USD"}, {"trade_id": 143557383, "side": "sell", "size": "1.50000000", "price": "0.76000000", "time": "2025-07-14T14:21:10.525732Z", "fetched_at": "2025-07-14T14:23:29.220332+00:00", "symbol": "ADA-USD"}, {"trade_id": 143557382, "side": "sell", "size": "1848.03177000", "price": "0.76000000", "time": "2025-07-14T14:21:10.525732Z", "fetched_at": "2025-07-14T14:23:29.220332+00:00", "symbol": "ADA-USD"}, {"trade_id": 143557381, "side": "sell", "size": "310.50000000", "price": "0.76000000", "time": "2025-07-14T14:21:10.525732Z", "fetched_at": "2025-07-14T14:23:29.220332+00:00", "symbol": "ADA-USD"}, {"trade_id": 143557380, "side": "sell", "size": "816.93720095", "price": "0.75990000", "time": "2025-07-14T14:21:10.525732Z", "fetched_at": "2025-07-14T14:23:29.220332+00:00", "symbol": "ADA-USD"}, {"trade_id": 143557379, "side": "sell", "size": "9000.00000000", "price": "0.75990000", "time": "2025-07-14T14:21:10.525732Z", "fetched_at": "2025-07-14T14:23:29.220332+00:00", "symbol": "ADA-USD"}, {"trade_id": 143557378, "side": "sell", "size": "665.15075727", "price": "0.75990000", "time": "2025-07-14T14:21:10.525732Z", "fetched_at": "2025-07-14T14:23:29.220332+00:00", "symbol": "ADA-USD"}, {"trade_id": 143557377, "side": "sell", "size": "4854.90000000", "price": "0.75990000", "time": "2025-07-14T14:21:10.525732Z", "fetched_at": "2025-07-14T14:23:29.220332+00:00", "symbol": "ADA-USD"}, {"trade_id": 143557376, "side": "sell", "size": "1.50000000", "price": "0.75990000", "time": "2025-07-14T14:21:10.525732Z", "fetched_at": "2025-07-14T14:23:29.220332+00:00", "symbol": "ADA-USD"}, {"trade_id": 143557375, "side": "sell", "size": "811.72742201", "price": "0.75990000", "time": "2025-07-14T14:21:10.525732Z", "fetched_at": "2025-07-14T14:23:29.220332+00:00", "symbol": "ADA-USD"}, {"trade_id": 143557374, "side": "sell", "size": "848.46607871", "price": "0.75990000", "time": "2025-07-14T14:21:10.525732Z", "fetched_at": "2025-07-14T14:23:29.220332+00:00", "symbol": "ADA-USD"}, {"trade_id": 143557373, "side": "sell", "size": "310.50000000", "price": "0.75990000", "time": "2025-07-14T14:21:10.525732Z", "fetched_at": "2025-07-14T14:23:29.220332+00:00", "symbol": "ADA-USD"}, {"trade_id": 143557372, "side": "sell", "size": "1848.03177000", "price": "0.75990000", "time": "2025-07-14T14:21:10.525732Z", "fetched_at": "2025-07-14T14:23:29.220332+00:00", "symbol": "ADA-USD"}, {"trade_id": 143557371, "side": "sell", "size": "261.88293833", "price": "0.75990000", "time": "2025-07-14T14:21:10.525732Z", "fetched_at": "2025-07-14T14:23:29.220332+00:00", "symbol": "ADA-USD"}, {"trade_id": 143557370, "side": "sell", "size": "4963.29899508", "price": "0.75980000", "time": "2025-07-14T14:21:10.525732Z", "fetched_at": "2025-07-14T14:23:29.220332+00:00", "symbol": "ADA-USD"}, {"trade_id": 143557369, "side": "sell", "size": "800.00000000", "price": "0.75980000", "time": "2025-07-14T14:21:10.525732Z", "fetched_at": "2025-07-14T14:23:29.220332+00:00", "symbol": "ADA-USD"}, {"trade_id": 143557368, "side": "sell", "size": "1827.78129000", "price": "0.75980000", "time": "2025-07-14T14:21:10.525732Z", "fetched_at": "2025-07-14T14:23:29.220332+00:00", "symbol": "ADA-USD"}, {"trade_id": 143557367, "side": "sell", "size": "2846.33167427", "price": "0.75980000", "time": "2025-07-14T14:21:10.525732Z", "fetched_at": "2025-07-14T14:23:29.220332+00:00", "symbol": "ADA-USD"}, {"trade_id": 143557366, "side": "sell", "size": "929.09583305", "price": "0.75980000", "time": "2025-07-14T14:21:10.525732Z", "fetched_at": "2025-07-14T14:23:29.220332+00:00", "symbol": "ADA-USD"}, {"trade_id": 143557365, "side": "sell", "size": "482.91167873", "price": "0.75980000", "time": "2025-07-14T14:21:10.525732Z", "fetched_at": "2025-07-14T14:23:29.220332+00:00", "symbol": "ADA-USD"}, {"trade_id": 143557364, "side": "sell", "size": "365.55439998", "price": "0.75980000", "time": "2025-07-14T14:21:10.525732Z", "fetched_at": "2025-07-14T14:23:29.220332+00:00", "symbol": "ADA-USD"}, {"trade_id": 143557363, "side": "sell", "size": "1.50000000", "price": "0.75980000", "time": "2025-07-14T14:21:10.525732Z", "fetched_at": "2025-07-14T14:23:29.220332+00:00", "symbol": "ADA-USD"}, {"trade_id": 143557362, "side": "sell", "size": "310.50000000", "price": "0.75980000", "time": "2025-07-14T14:21:10.525732Z", "fetched_at": "2025-07-14T14:23:29.220332+00:00", "symbol": "ADA-USD"}, {"trade_id": 143557361, "side": "sell", "size": "830.24807414", "price": "0.75970000", "time": "2025-07-14T14:21:10.525732Z", "fetched_at": "2025-07-14T14:23:29.220332+00:00", "symbol": "ADA-USD"}, {"trade_id": 143557360, "side": "sell", "size": "848.46607871", "price": "0.75970000", "time": "2025-07-14T14:21:10.525732Z", "fetched_at": "2025-07-14T14:23:29.220332+00:00", "symbol": "ADA-USD"}, {"trade_id": 143557359, "side": "sell", "size": "1827.78129000", "price": "0.75970000", "time": "2025-07-14T14:21:10.525732Z", "fetched_at": "2025-07-14T14:23:29.220332+00:00", "symbol": "ADA-USD"}, {"trade_id": 143557358, "side": "sell", "size": "261.88293833", "price": "0.75970000", "time": "2025-07-14T14:21:10.525732Z", "fetched_at": "2025-07-14T14:23:29.220332+00:00", "symbol": "ADA-USD"}, {"trade_id": 143557357, "side": "sell", "size": "1.50000000", "price": "0.75970000", "time": "2025-07-14T14:21:10.525732Z", "fetched_at": "2025-07-14T14:23:29.220332+00:00", "symbol": "ADA-USD"}, {"trade_id": 143557356, "side": "sell", "size": "658.26797073", "price": "0.75960000", "time": "2025-07-14T14:21:10.525732Z", "fetched_at": "2025-07-14T14:23:29.220332+00:00", "symbol": "ADA-USD"}, {"trade_id": 143557355, "side": "sell", "size": "801.13089979", "price": "0.75960000", "time": "2025-07-14T14:21:10.525732Z", "fetched_at": "2025-07-14T14:23:29.220332+00:00", "symbol": "ADA-USD"}, {"trade_id": 143557354, "side": "sell", "size": "848.46607871", "price": "0.75960000", "time": "2025-07-14T14:21:10.525732Z", "fetched_at": "2025-07-14T14:23:29.220332+00:00", "symbol": "ADA-USD"}, {"trade_id": 143557353, "side": "sell", "size": "1827.78129000", "price": "0.75960000", "time": "2025-07-14T14:21:10.525732Z", "fetched_at": "2025-07-14T14:23:29.220332+00:00", "symbol": "ADA-USD"}, {"trade_id": 143557352, "side": "sell", "size": "1.50000000", "price": "0.75960000", "time": "2025-07-14T14:21:10.525732Z", "fetched_at": "2025-07-14T14:23:29.220332+00:00", "symbol": "ADA-USD"}, {"trade_id": 143557351, "side": "sell", "size": "769.12362171", "price": "0.75950000", "time": "2025-07-14T14:21:10.525732Z", "fetched_at": "2025-07-14T14:23:29.220332+00:00", "symbol": "ADA-USD"}, {"trade_id": 143557350, "side": "sell", "size": "261.88293833", "price": "0.75950000", "time": "2025-07-14T14:21:10.525732Z", "fetched_at": "2025-07-14T14:23:29.220332+00:00", "symbol": "ADA-USD"}, {"trade_id": 143557349, "side": "sell", "size": "649.11551704", "price": "0.75950000", "time": "2025-07-14T14:21:10.525732Z", "fetched_at": "2025-07-14T14:23:29.220332+00:00", "symbol": "ADA-USD"}, {"trade_id": 143557348, "side": "buy", "size": "25.01787940", "price": "0.75950000", "time": "2025-07-14T14:21:07.918624Z", "fetched_at": "2025-07-14T14:23:29.220332+00:00", "symbol": "ADA-USD"}, {"trade_id": 143557347, "side": "buy", "size": "26.93076260", "price": "0.75950000", "time": "2025-07-14T14:21:07.918624Z", "fetched_at": "2025-07-14T14:23:29.220332+00:00", "symbol": "ADA-USD"}, {"trade_id": 143557346, "side": "buy", "size": "35.90768347", "price": "0.75950000", "time": "2025-07-14T14:21:07.542147Z", "fetched_at": "2025-07-14T14:23:29.220332+00:00", "symbol": "ADA-USD"}, {"trade_id": 143557345, "side": "buy", "size": "2750.25057592", "price": "0.75910000", "time": "2025-07-14T14:21:07.157538Z", "fetched_at": "2025-07-14T14:23:29.220332+00:00", "symbol": "ADA-USD"}, {"trade_id": 143557344, "side": "buy", "size": "848.46607871", "price": "0.75910000", "time": "2025-07-14T14:21:07.157538Z", "fetched_at": "2025-07-14T14:23:29.220332+00:00", "symbol": "ADA-USD"}, {"trade_id": 143557343, "side": "buy", "size": "310.50000000", "price": "0.75910000", "time": "2025-07-14T14:21:07.157538Z", "fetched_at": "2025-07-14T14:23:29.220332+00:00", "symbol": "ADA-USD"}, {"trade_id": 143557342, "side": "buy", "size": "536.24626471", "price": "0.75920000", "time": "2025-07-14T14:21:05.876552Z", "fetched_at": "2025-07-14T14:23:29.220332+00:00", "symbol": "ADA-USD"}, {"trade_id": 143557341, "side": "buy", "size": "47.87691129", "price": "0.75920000", "time": "2025-07-14T14:21:05.876552Z", "fetched_at": "2025-07-14T14:23:29.220332+00:00", "symbol": "ADA-USD"}, {"trade_id": 143557340, "side": "buy", "size": "118.63911000", "price": "0.75920000", "time": "2025-07-14T14:21:05.876552Z", "fetched_at": "2025-07-14T14:23:29.220332+00:00", "symbol": "ADA-USD"}, {"trade_id": 143557339, "side": "sell", "size": "229.49756000", "price": "0.75930000", "time": "2025-07-14T14:21:04.709549Z", "fetched_at": "2025-07-14T14:23:29.220332+00:00", "symbol": "ADA-USD"}, {"trade_id": 143557338, "side": "sell", "size": "500.00000000", "price": "0.75930000", "time": "2025-07-14T14:21:04.708845Z", "fetched_at": "2025-07-14T14:23:29.220332+00:00", "symbol": "ADA-USD"}, {"trade_id": 143557337, "side": "buy", "size": "50.00000000", "price": "0.75930000", "time": "2025-07-14T14:21:04.578327Z", "fetched_at": "2025-07-14T14:23:29.220332+00:00", "symbol": "ADA-USD"}, {"trade_id": 143557336, "side": "buy", "size": "500.00000000", "price": "0.75930000", "time": "2025-07-14T14:21:04.578327Z", "fetched_at": "2025-07-14T14:23:29.220332+00:00", "symbol": "ADA-USD"}, {"trade_id": 143557335, "side": "buy", "size": "981.50000000", "price": "0.75930000", "time": "2025-07-14T14:21:04.578327Z", "fetched_at": "2025-07-14T14:23:29.220332+00:00", "symbol": "ADA-USD"}, {"trade_id": 143557334, "side": "buy", "size": "50.00000000", "price": "0.75940000", "time": "2025-07-14T14:21:04.508709Z", "fetched_at": "2025-07-14T14:23:29.220332+00:00", "symbol": "ADA-USD"}, {"trade_id": 143557333, "side": "buy", "size": "115.92138000", "price": "0.75940000", "time": "2025-07-14T14:21:04.508709Z", "fetched_at": "2025-07-14T14:23:29.220332+00:00", "symbol": "ADA-USD"}, {"trade_id": 143557332, "side": "buy", "size": "68.39945000", "price": "0.75940000", "time": "2025-07-14T14:21:04.089561Z", "fetched_at": "2025-07-14T14:23:29.220332+00:00", "symbol": "ADA-USD"}, {"trade_id": 143557331, "side": "sell", "size": "214.71597796", "price": "0.75950000", "time": "2025-07-14T14:21:04.082948Z", "fetched_at": "2025-07-14T14:23:29.220332+00:00", "symbol": "ADA-USD"}, {"trade_id": 143557330, "side": "sell", "size": "1652.67179245", "price": "0.75950000", "time": "2025-07-14T14:21:04.082948Z", "fetched_at": "2025-07-14T14:23:29.220332+00:00", "symbol": "ADA-USD"}, {"trade_id": 143557329, "side": "sell", "size": "848.46607871", "price": "0.75950000", "time": "2025-07-14T14:21:04.082948Z", "fetched_at": "2025-07-14T14:23:29.220332+00:00", "symbol": "ADA-USD"}, {"trade_id": 143557328, "side": "sell", "size": "261.88293833", "price": "0.75950000", "time": "2025-07-14T14:21:04.082948Z", "fetched_at": "2025-07-14T14:23:29.220332+00:00", "symbol": "ADA-USD"}, {"trade_id": 143557327, "side": "sell", "size": "0.00001298", "price": "0.75930000", "time": "2025-07-14T14:21:04.080766Z", "fetched_at": "2025-07-14T14:23:29.220332+00:00", "symbol": "ADA-USD"}, {"trade_id": 143557326, "side": "sell", "size": "11.44018872", "price": "0.75930000", "time": "2025-07-14T14:21:04.080413Z", "fetched_at": "2025-07-14T14:23:29.220332+00:00", "symbol": "ADA-USD"}, {"trade_id": 143557325, "side": "sell", "size": "261.88293833", "price": "0.75930000", "time": "2025-07-14T14:21:04.080413Z", "fetched_at": "2025-07-14T14:23:29.220332+00:00", "symbol": "ADA-USD"}, {"trade_id": 143557324, "side": "sell", "size": "42.78502295", "price": "0.75930000", "time": "2025-07-14T14:21:04.080413Z", "fetched_at": "2025-07-14T14:23:29.220332+00:00", "symbol": "ADA-USD"}, {"trade_id": 143557323, "side": "buy", "size": "51.00306000", "price": "0.75930000", "time": "2025-07-14T14:21:04.054697Z", "fetched_at": "2025-07-14T14:23:29.220332+00:00", "symbol": "ADA-USD"}, {"trade_id": 143557322, "side": "buy", "size": "45.76080683", "price": "0.75930000", "time": "2025-07-14T14:21:04.054697Z", "fetched_at": "2025-07-14T14:23:29.220332+00:00", "symbol": "ADA-USD"}, {"trade_id": 143557321, "side": "sell", "size": "665.17144740", "price": "0.75940000", "time": "2025-07-14T14:21:04.044728Z", "fetched_at": "2025-07-14T14:23:29.220332+00:00", "symbol": "ADA-USD"}, {"trade_id": 143557320, "side": "sell", "size": "601.30300629", "price": "0.75940000", "time": "2025-07-14T14:21:04.044728Z", "fetched_at": "2025-07-14T14:23:29.220332+00:00", "symbol": "ADA-USD"}, {"trade_id": 143557319, "side": "sell", "size": "848.46607871", "price": "0.75940000", "time": "2025-07-14T14:21:04.044728Z", "fetched_at": "2025-07-14T14:23:29.220332+00:00", "symbol": "ADA-USD"}, {"trade_id": 143557318, "side": "sell", "size": "1.50000000", "price": "0.75940000", "time": "2025-07-14T14:21:04.044728Z", "fetched_at": "2025-07-14T14:23:29.220332+00:00", "symbol": "ADA-USD"}, {"trade_id": 143557317, "side": "sell", "size": "261.88293833", "price": "0.75930000", "time": "2025-07-14T14:21:04.044728Z", "fetched_at": "2025-07-14T14:23:29.220332+00:00", "symbol": "ADA-USD"}, {"trade_id": 143557316, "side": "sell", "size": "1.50000000", "price": "0.75930000", "time": "2025-07-14T14:21:04.039951Z", "fetched_at": "2025-07-14T14:23:29.220332+00:00", "symbol": "ADA-USD"}, {"trade_id": 143557315, "side": "sell", "size": "261.88293833", "price": "0.75930000", "time": "2025-07-14T14:21:04.039951Z", "fetched_at": "2025-07-14T14:23:29.220332+00:00", "symbol": "ADA-USD"}, {"trade_id": 143557314, "side": "sell", "size": "1.50000000", "price": "0.75920000", "time": "2025-07-14T14:21:03.994256Z", "fetched_at": "2025-07-14T14:23:29.220332+00:00", "symbol": "ADA-USD"}, {"trade_id": 143557313, "side": "sell", "size": "2741.24430000", "price": "0.75900000", "time": "2025-07-14T14:21:02.995716Z", "fetched_at": "2025-07-14T14:23:29.220332+00:00", "symbol": "ADA-USD"}, {"trade_id": 143557312, "side": "sell", "size": "68.39945000", "price": "0.75900000", "time": "2025-07-14T14:21:02.983462Z", "fetched_at": "2025-07-14T14:23:29.220332+00:00", "symbol": "ADA-USD"}, {"trade_id": 143557311, "side": "sell", "size": "1000.00000000", "price": "0.75900000", "time": "2025-07-14T14:21:02.773268Z", "fetched_at": "2025-07-14T14:23:29.220332+00:00", "symbol": "ADA-USD"}, {"trade_id": 143557310, "side": "sell", "size": "500.00000000", "price": "0.75900000", "time": "2025-07-14T14:21:02.650925Z", "fetched_at": "2025-07-14T14:23:29.220332+00:00", "symbol": "ADA-USD"}, {"trade_id": 143557309, "side": "sell", "size": "500.00000000", "price": "0.75900000", "time": "2025-07-14T14:21:02.642762Z", "fetched_at": "2025-07-14T14:23:29.220332+00:00", "symbol": "ADA-USD"}, {"trade_id": 143557308, "side": "sell", "size": "190.35625000", "price": "0.75900000", "time": "2025-07-14T14:21:02.640398Z", "fetched_at": "2025-07-14T14:23:29.220332+00:00", "symbol": "ADA-USD"}, {"trade_id": 143557307, "side": "sell", "size": "1.50000000", "price": "0.75900000", "time": "2025-07-14T14:21:02.640398Z", "fetched_at": "2025-07-14T14:23:29.220332+00:00", "symbol": "ADA-USD"}, {"trade_id": 143557306, "side": "sell", "size": "1.50000000", "price": "0.75890000", "time": "2025-07-14T14:21:02.567518Z", "fetched_at": "2025-07-14T14:23:29.220332+00:00", "symbol": "ADA-USD"}, {"trade_id": 143557305, "side": "sell", "size": "1.50000000", "price": "0.75880000", "time": "2025-07-14T14:21:01.799703Z", "fetched_at": "2025-07-14T14:23:29.220332+00:00", "symbol": "ADA-USD"}, {"trade_id": 143557304, "side": "sell", "size": "1.50000000", "price": "0.75870000", "time": "2025-07-14T14:21:01.596893Z", "fetched_at": "2025-07-14T14:23:29.220332+00:00", "symbol": "ADA-USD"}, {"trade_id": 143557303, "side": "sell", "size": "1.50000000", "price": "0.75860000", "time": "2025-07-14T14:21:01.530582Z", "fetched_at": "2025-07-14T14:23:29.220332+00:00", "symbol": "ADA-USD"}, {"trade_id": 143557302, "side": "sell", "size": "1.50000000", "price": "0.75840000", "time": "2025-07-14T14:21:01.408942Z", "fetched_at": "2025-07-14T14:23:29.220332+00:00", "symbol": "ADA-USD"}, {"trade_id": 143557301, "side": "sell", "size": "1.50000000", "price": "0.75830000", "time": "2025-07-14T14:21:01.354181Z", "fetched_at": "2025-07-14T14:23:29.220332+00:00", "symbol": "ADA-USD"}, {"trade_id": 143557300, "side": "sell", "size": "50.00000000", "price": "0.75810000", "time": "2025-07-14T14:21:00.639309Z", "fetched_at": "2025-07-14T14:23:29.220332+00:00", "symbol": "ADA-USD"}, {"trade_id": 143557299, "side": "sell", "size": "261.88293833", "price": "0.75810000", "time": "2025-07-14T14:21:00.639309Z", "fetched_at": "2025-07-14T14:23:29.220332+00:00", "symbol": "ADA-USD"}, {"trade_id": 143557298, "side": "buy", "size": "310.50000000", "price": "0.75800000", "time": "2025-07-14T14:21:00.593777Z", "fetched_at": "2025-07-14T14:23:29.220332+00:00", "symbol": "ADA-USD"}, {"trade_id": 143557297, "side": "buy", "size": "50.00000000", "price": "0.75800000", "time": "2025-07-14T14:21:00.593777Z", "fetched_at": "2025-07-14T14:23:29.220332+00:00", "symbol": "ADA-USD"}, {"trade_id": 143557296, "side": "buy", "size": "500.00000000", "price": "0.75800000", "time": "2025-07-14T14:21:00.593777Z", "fetched_at": "2025-07-14T14:23:29.220332+00:00", "symbol": "ADA-USD"}, {"trade_id": 143557295, "side": "sell", "size": "1833.47738000", "price": "0.75820000", "time": "2025-07-14T14:21:00.532686Z", "fetched_at": "2025-07-14T14:23:29.220332+00:00", "symbol": "ADA-USD"}, {"trade_id": 143557294, "side": "sell", "size": "1837.43296000", "price": "0.75820000", "time": "2025-07-14T14:21:00.532686Z", "fetched_at": "2025-07-14T14:23:29.220332+00:00", "symbol": "ADA-USD"}, {"trade_id": 143557293, "side": "sell", "size": "659.48426468", "price": "0.75820000", "time": "2025-07-14T14:21:00.532686Z", "fetched_at": "2025-07-14T14:23:29.220332+00:00", "symbol": "ADA-USD"}, {"trade_id": 143557292, "side": "sell", "size": "1472.69535417", "price": "0.75820000", "time": "2025-07-14T14:21:00.532686Z", "fetched_at": "2025-07-14T14:23:29.220332+00:00", "symbol": "ADA-USD"}, {"trade_id": 143557291, "side": "sell", "size": "848.46607871", "price": "0.75820000", "time": "2025-07-14T14:21:00.532686Z", "fetched_at": "2025-07-14T14:23:29.220332+00:00", "symbol": "ADA-USD"}, {"trade_id": 143557290, "side": "sell", "size": "1843.21207000", "price": "0.75820000", "time": "2025-07-14T14:21:00.532686Z", "fetched_at": "2025-07-14T14:23:29.220332+00:00", "symbol": "ADA-USD"}, {"trade_id": 143557289, "side": "sell", "size": "310.50000000", "price": "0.75820000", "time": "2025-07-14T14:21:00.532686Z", "fetched_at": "2025-07-14T14:23:29.220332+00:00", "symbol": "ADA-USD"}, {"trade_id": 143557288, "side": "sell", "size": "261.88293833", "price": "0.75810000", "time": "2025-07-14T14:21:00.532686Z", "fetched_at": "2025-07-14T14:23:29.220332+00:00", "symbol": "ADA-USD"}