[{"trade_id": 143596183, "side": "buy", "size": "13.02574115", "price": "0.73350000", "time": "2025-07-14T18:39:28.069450Z", "fetched_at": "2025-07-14T18:39:31.792785+00:00", "symbol": "ADA-USD"}, {"trade_id": 143596182, "side": "buy", "size": "13.02573978", "price": "0.73350000", "time": "2025-07-14T18:39:28.053579Z", "fetched_at": "2025-07-14T18:39:31.792785+00:00", "symbol": "ADA-USD"}, {"trade_id": 143596181, "side": "buy", "size": "40.28533022", "price": "0.73350000", "time": "2025-07-14T18:39:28.053579Z", "fetched_at": "2025-07-14T18:39:31.792785+00:00", "symbol": "ADA-USD"}, {"trade_id": 143596180, "side": "buy", "size": "50.00000000", "price": "0.73360000", "time": "2025-07-14T18:39:24.204144Z", "fetched_at": "2025-07-14T18:39:31.792785+00:00", "symbol": "ADA-USD"}, {"trade_id": 143596179, "side": "sell", "size": "8.19462203", "price": "0.73350000", "time": "2025-07-14T18:39:24.156333Z", "fetched_at": "2025-07-14T18:39:31.792785+00:00", "symbol": "ADA-USD"}, {"trade_id": 143596178, "side": "sell", "size": "2.88226440", "price": "0.73330000", "time": "2025-07-14T18:39:23.320057Z", "fetched_at": "2025-07-14T18:39:31.792785+00:00", "symbol": "ADA-USD"}, {"trade_id": 143596177, "side": "sell", "size": "125.79993026", "price": "0.73340000", "time": "2025-07-14T18:39:21.183877Z", "fetched_at": "2025-07-14T18:39:31.792785+00:00", "symbol": "ADA-USD"}, {"trade_id": 143596176, "side": "sell", "size": "10.21264304", "price": "0.73330000", "time": "2025-07-14T18:39:21.183877Z", "fetched_at": "2025-07-14T18:39:31.792785+00:00", "symbol": "ADA-USD"}, {"trade_id": 143596175, "side": "sell", "size": "495.15076508", "price": "0.73330000", "time": "2025-07-14T18:39:19.337986Z", "fetched_at": "2025-07-14T18:39:31.792785+00:00", "symbol": "ADA-USD"}, {"trade_id": 143596174, "side": "sell", "size": "122.94858000", "price": "0.73330000", "time": "2025-07-14T18:39:19.337986Z", "fetched_at": "2025-07-14T18:39:31.792785+00:00", "symbol": "ADA-USD"}, {"trade_id": 143596173, "side": "sell", "size": "128.99270000", "price": "0.73330000", "time": "2025-07-14T18:39:19.337986Z", "fetched_at": "2025-07-14T18:39:31.792785+00:00", "symbol": "ADA-USD"}, {"trade_id": 143596172, "side": "sell", "size": "51.00306000", "price": "0.73320000", "time": "2025-07-14T18:39:19.337986Z", "fetched_at": "2025-07-14T18:39:31.792785+00:00", "symbol": "ADA-USD"}, {"trade_id": 143596171, "side": "sell", "size": "50.00000000", "price": "0.73320000", "time": "2025-07-14T18:39:19.337986Z", "fetched_at": "2025-07-14T18:39:31.792785+00:00", "symbol": "ADA-USD"}, {"trade_id": 143596170, "side": "sell", "size": "122.94858000", "price": "0.73320000", "time": "2025-07-14T18:39:19.337986Z", "fetched_at": "2025-07-14T18:39:31.792785+00:00", "symbol": "ADA-USD"}, {"trade_id": 143596169, "side": "sell", "size": "19.23228758", "price": "0.73320000", "time": "2025-07-14T18:39:19.337986Z", "fetched_at": "2025-07-14T18:39:31.792785+00:00", "symbol": "ADA-USD"}, {"trade_id": 143596168, "side": "sell", "size": "128.99270000", "price": "0.73320000", "time": "2025-07-14T18:39:19.337986Z", "fetched_at": "2025-07-14T18:39:31.792785+00:00", "symbol": "ADA-USD"}, {"trade_id": 143596167, "side": "buy", "size": "13.02751722", "price": "0.73340000", "time": "2025-07-14T18:39:17.057300Z", "fetched_at": "2025-07-14T18:39:31.792785+00:00", "symbol": "ADA-USD"}, {"trade_id": 143596166, "side": "sell", "size": "67.49386400", "price": "0.73350000", "time": "2025-07-14T18:39:16.772230Z", "fetched_at": "2025-07-14T18:39:31.792785+00:00", "symbol": "ADA-USD"}, {"trade_id": 143596165, "side": "sell", "size": "21.50979876", "price": "0.73340000", "time": "2025-07-14T18:39:16.421056Z", "fetched_at": "2025-07-14T18:39:31.792785+00:00", "symbol": "ADA-USD"}, {"trade_id": 143596164, "side": "sell", "size": "2.68734289", "price": "0.73360000", "time": "2025-07-14T18:39:15.027730Z", "fetched_at": "2025-07-14T18:39:31.792785+00:00", "symbol": "ADA-USD"}, {"trade_id": 143596163, "side": "sell", "size": "128.81220679", "price": "0.73360000", "time": "2025-07-14T18:39:15.027730Z", "fetched_at": "2025-07-14T18:39:31.792785+00:00", "symbol": "ADA-USD"}, {"trade_id": 143596162, "side": "sell", "size": "21.51619570", "price": "0.73360000", "time": "2025-07-14T18:39:15.027730Z", "fetched_at": "2025-07-14T18:39:31.792785+00:00", "symbol": "ADA-USD"}, {"trade_id": 143596161, "side": "sell", "size": "1.50000000", "price": "0.73360000", "time": "2025-07-14T18:39:15.027730Z", "fetched_at": "2025-07-14T18:39:31.792785+00:00", "symbol": "ADA-USD"}, {"trade_id": 143596160, "side": "sell", "size": "10.08772846", "price": "0.73350000", "time": "2025-07-14T18:39:14.534692Z", "fetched_at": "2025-07-14T18:39:31.792785+00:00", "symbol": "ADA-USD"}, {"trade_id": 143596159, "side": "buy", "size": "136.39085278", "price": "0.73330000", "time": "2025-07-14T18:39:13.525357Z", "fetched_at": "2025-07-14T18:39:31.792785+00:00", "symbol": "ADA-USD"}, {"trade_id": 143596158, "side": "buy", "size": "562.44057515", "price": "0.73330000", "time": "2025-07-14T18:39:13.525357Z", "fetched_at": "2025-07-14T18:39:31.792785+00:00", "symbol": "ADA-USD"}, {"trade_id": 143596157, "side": "buy", "size": "818.93797285", "price": "0.73330000", "time": "2025-07-14T18:39:13.525357Z", "fetched_at": "2025-07-14T18:39:31.792785+00:00", "symbol": "ADA-USD"}, {"trade_id": 143596156, "side": "buy", "size": "13.02751722", "price": "0.73340000", "time": "2025-07-14T18:39:13.525357Z", "fetched_at": "2025-07-14T18:39:31.792785+00:00", "symbol": "ADA-USD"}, {"trade_id": 143596155, "side": "sell", "size": "7.00337216", "price": "0.73350000", "time": "2025-07-14T18:39:12.857668Z", "fetched_at": "2025-07-14T18:39:31.792785+00:00", "symbol": "ADA-USD"}, {"trade_id": 143596154, "side": "sell", "size": "1.50000000", "price": "0.73350000", "time": "2025-07-14T18:39:12.857668Z", "fetched_at": "2025-07-14T18:39:31.792785+00:00", "symbol": "ADA-USD"}, {"trade_id": 143596153, "side": "sell", "size": "99.93446251", "price": "0.73340000", "time": "2025-07-14T18:39:12.054928Z", "fetched_at": "2025-07-14T18:39:31.792785+00:00", "symbol": "ADA-USD"}, {"trade_id": 143596152, "side": "sell", "size": "13.03004731", "price": "0.73340000", "time": "2025-07-14T18:39:12.054928Z", "fetched_at": "2025-07-14T18:39:31.792785+00:00", "symbol": "ADA-USD"}, {"trade_id": 143596151, "side": "sell", "size": "19.44571808", "price": "0.73340000", "time": "2025-07-14T18:39:12.054928Z", "fetched_at": "2025-07-14T18:39:31.792785+00:00", "symbol": "ADA-USD"}, {"trade_id": 143596150, "side": "sell", "size": "2.06390000", "price": "0.73340000", "time": "2025-07-14T18:39:11.289646Z", "fetched_at": "2025-07-14T18:39:31.792785+00:00", "symbol": "ADA-USD"}, {"trade_id": 143596149, "side": "sell", "size": "401.64003923", "price": "0.73330000", "time": "2025-07-14T18:39:07.686241Z", "fetched_at": "2025-07-14T18:39:31.792785+00:00", "symbol": "ADA-USD"}, {"trade_id": 143596148, "side": "buy", "size": "696.88745400", "price": "0.73310000", "time": "2025-07-14T18:39:07.321518Z", "fetched_at": "2025-07-14T18:39:31.792785+00:00", "symbol": "ADA-USD"}, {"trade_id": 143596147, "side": "buy", "size": "1.60000000", "price": "0.73310000", "time": "2025-07-14T18:39:07.321518Z", "fetched_at": "2025-07-14T18:39:31.792785+00:00", "symbol": "ADA-USD"}, {"trade_id": 143596146, "side": "buy", "size": "3.83120700", "price": "0.73320000", "time": "2025-07-14T18:39:07.321518Z", "fetched_at": "2025-07-14T18:39:31.792785+00:00", "symbol": "ADA-USD"}, {"trade_id": 143596145, "side": "buy", "size": "1.60000000", "price": "0.73320000", "time": "2025-07-14T18:39:07.321518Z", "fetched_at": "2025-07-14T18:39:31.792785+00:00", "symbol": "ADA-USD"}, {"trade_id": 143596144, "side": "sell", "size": "68.39945000", "price": "0.73330000", "time": "2025-07-14T18:39:07.076551Z", "fetched_at": "2025-07-14T18:39:31.792785+00:00", "symbol": "ADA-USD"}, {"trade_id": 143596143, "side": "buy", "size": "580.48045969", "price": "0.73330000", "time": "2025-07-14T18:39:04.675470Z", "fetched_at": "2025-07-14T18:39:31.792785+00:00", "symbol": "ADA-USD"}, {"trade_id": 143596142, "side": "buy", "size": "50.00000000", "price": "0.73330000", "time": "2025-07-14T18:39:04.675470Z", "fetched_at": "2025-07-14T18:39:31.792785+00:00", "symbol": "ADA-USD"}, {"trade_id": 143596141, "side": "buy", "size": "2.83581431", "price": "0.73330000", "time": "2025-07-14T18:39:04.675470Z", "fetched_at": "2025-07-14T18:39:31.792785+00:00", "symbol": "ADA-USD"}, {"trade_id": 143596140, "side": "buy", "size": "13.02929378", "price": "0.73330000", "time": "2025-07-14T18:39:04.107347Z", "fetched_at": "2025-07-14T18:39:31.792785+00:00", "symbol": "ADA-USD"}, {"trade_id": 143596139, "side": "sell", "size": "4.47314801", "price": "0.73350000", "time": "2025-07-14T18:39:02.607476Z", "fetched_at": "2025-07-14T18:39:31.792785+00:00", "symbol": "ADA-USD"}, {"trade_id": 143596138, "side": "sell", "size": "11.91981352", "price": "0.73340000", "time": "2025-07-14T18:39:02.459431Z", "fetched_at": "2025-07-14T18:39:31.792785+00:00", "symbol": "ADA-USD"}, {"trade_id": 143596137, "side": "sell", "size": "36.59083788", "price": "0.73350000", "time": "2025-07-14T18:39:00.499683Z", "fetched_at": "2025-07-14T18:39:31.792785+00:00", "symbol": "ADA-USD"}, {"trade_id": 143596136, "side": "sell", "size": "23.02803309", "price": "0.73330000", "time": "2025-07-14T18:39:00.292462Z", "fetched_at": "2025-07-14T18:39:31.792785+00:00", "symbol": "ADA-USD"}, {"trade_id": 143596135, "side": "sell", "size": "1.95701600", "price": "0.73330000", "time": "2025-07-14T18:38:59.247196Z", "fetched_at": "2025-07-14T18:39:31.792785+00:00", "symbol": "ADA-USD"}, {"trade_id": 143596134, "side": "sell", "size": "51.00306000", "price": "0.73330000", "time": "2025-07-14T18:38:59.247196Z", "fetched_at": "2025-07-14T18:39:31.792785+00:00", "symbol": "ADA-USD"}, {"trade_id": 143596133, "side": "sell", "size": "128.99270000", "price": "0.73330000", "time": "2025-07-14T18:38:58.942181Z", "fetched_at": "2025-07-14T18:39:31.792785+00:00", "symbol": "ADA-USD"}, {"trade_id": 143596132, "side": "buy", "size": "500.00000000", "price": "0.73330000", "time": "2025-07-14T18:38:58.934666Z", "fetched_at": "2025-07-14T18:39:31.792785+00:00", "symbol": "ADA-USD"}, {"trade_id": 143596131, "side": "buy", "size": "1.60000000", "price": "0.73330000", "time": "2025-07-14T18:38:58.934666Z", "fetched_at": "2025-07-14T18:39:31.792785+00:00", "symbol": "ADA-USD"}, {"trade_id": 143596130, "side": "buy", "size": "1.59943033", "price": "0.73340000", "time": "2025-07-14T18:38:58.931848Z", "fetched_at": "2025-07-14T18:39:31.792785+00:00", "symbol": "ADA-USD"}, {"trade_id": 143596129, "side": "buy", "size": "500.00000000", "price": "0.73340000", "time": "2025-07-14T18:38:58.833962Z", "fetched_at": "2025-07-14T18:39:31.792785+00:00", "symbol": "ADA-USD"}, {"trade_id": 143596128, "side": "buy", "size": "51.00306000", "price": "0.73340000", "time": "2025-07-14T18:38:58.833962Z", "fetched_at": "2025-07-14T18:39:31.792785+00:00", "symbol": "ADA-USD"}, {"trade_id": 143596127, "side": "buy", "size": "53.71377362", "price": "0.73340000", "time": "2025-07-14T18:38:58.833962Z", "fetched_at": "2025-07-14T18:39:31.792785+00:00", "symbol": "ADA-USD"}, {"trade_id": 143596126, "side": "sell", "size": "3.74102966", "price": "0.73340000", "time": "2025-07-14T18:38:58.822289Z", "fetched_at": "2025-07-14T18:39:31.792785+00:00", "symbol": "ADA-USD"}, {"trade_id": 143596125, "side": "sell", "size": "261.88293833", "price": "0.73340000", "time": "2025-07-14T18:38:58.822289Z", "fetched_at": "2025-07-14T18:39:31.792785+00:00", "symbol": "ADA-USD"}, {"trade_id": 143596124, "side": "sell", "size": "68.39945000", "price": "0.73350000", "time": "2025-07-14T18:38:58.817964Z", "fetched_at": "2025-07-14T18:39:31.792785+00:00", "symbol": "ADA-USD"}, {"trade_id": 143596123, "side": "sell", "size": "726.61142162", "price": "0.73350000", "time": "2025-07-14T18:38:58.816885Z", "fetched_at": "2025-07-14T18:39:31.792785+00:00", "symbol": "ADA-USD"}, {"trade_id": 143596122, "side": "sell", "size": "777.45483115", "price": "0.73350000", "time": "2025-07-14T18:38:58.816840Z", "fetched_at": "2025-07-14T18:39:31.792785+00:00", "symbol": "ADA-USD"}, {"trade_id": 143596121, "side": "sell", "size": "76.31002476", "price": "0.73350000", "time": "2025-07-14T18:38:58.816840Z", "fetched_at": "2025-07-14T18:39:31.792785+00:00", "symbol": "ADA-USD"}, {"trade_id": 143596120, "side": "sell", "size": "1539.56992524", "price": "0.73350000", "time": "2025-07-14T18:38:58.816740Z", "fetched_at": "2025-07-14T18:39:31.792785+00:00", "symbol": "ADA-USD"}, {"trade_id": 143596119, "side": "sell", "size": "2642.05267816", "price": "0.73350000", "time": "2025-07-14T18:38:58.816740Z", "fetched_at": "2025-07-14T18:39:31.792785+00:00", "symbol": "ADA-USD"}, {"trade_id": 143596118, "side": "sell", "size": "818.93797285", "price": "0.73350000", "time": "2025-07-14T18:38:58.816740Z", "fetched_at": "2025-07-14T18:39:31.792785+00:00", "symbol": "ADA-USD"}, {"trade_id": 143596117, "side": "sell", "size": "93.56077468", "price": "0.73350000", "time": "2025-07-14T18:38:58.816740Z", "fetched_at": "2025-07-14T18:39:31.792785+00:00", "symbol": "ADA-USD"}, {"trade_id": 143596116, "side": "sell", "size": "184.42288000", "price": "0.73350000", "time": "2025-07-14T18:38:58.816740Z", "fetched_at": "2025-07-14T18:39:31.792785+00:00", "symbol": "ADA-USD"}, {"trade_id": 143596115, "side": "sell", "size": "128.99270000", "price": "0.73350000", "time": "2025-07-14T18:38:58.816740Z", "fetched_at": "2025-07-14T18:39:31.792785+00:00", "symbol": "ADA-USD"}, {"trade_id": 143596114, "side": "sell", "size": "261.88293833", "price": "0.73350000", "time": "2025-07-14T18:38:58.816740Z", "fetched_at": "2025-07-14T18:39:31.792785+00:00", "symbol": "ADA-USD"}, {"trade_id": 143596113, "side": "sell", "size": "3.74102966", "price": "0.73340000", "time": "2025-07-14T18:38:58.816501Z", "fetched_at": "2025-07-14T18:39:31.792785+00:00", "symbol": "ADA-USD"}, {"trade_id": 143596112, "side": "sell", "size": "122.94858000", "price": "0.73340000", "time": "2025-07-14T18:38:58.816501Z", "fetched_at": "2025-07-14T18:39:31.792785+00:00", "symbol": "ADA-USD"}, {"trade_id": 143596111, "side": "sell", "size": "128.99270000", "price": "0.73340000", "time": "2025-07-14T18:38:58.816501Z", "fetched_at": "2025-07-14T18:39:31.792785+00:00", "symbol": "ADA-USD"}, {"trade_id": 143596110, "side": "sell", "size": "51.00306000", "price": "0.73340000", "time": "2025-07-14T18:38:58.816501Z", "fetched_at": "2025-07-14T18:39:31.792785+00:00", "symbol": "ADA-USD"}, {"trade_id": 143596109, "side": "sell", "size": "46.09076460", "price": "0.73340000", "time": "2025-07-14T18:38:58.816501Z", "fetched_at": "2025-07-14T18:39:31.792785+00:00", "symbol": "ADA-USD"}, {"trade_id": 143596108, "side": "buy", "size": "1.96765416", "price": "0.73340000", "time": "2025-07-14T18:38:58.065285Z", "fetched_at": "2025-07-14T18:39:31.792785+00:00", "symbol": "ADA-USD"}, {"trade_id": 143596107, "side": "buy", "size": "1.50000000", "price": "0.73340000", "time": "2025-07-14T18:38:58.065285Z", "fetched_at": "2025-07-14T18:39:31.792785+00:00", "symbol": "ADA-USD"}, {"trade_id": 143596106, "side": "buy", "size": "1.45465795", "price": "0.73350000", "time": "2025-07-14T18:38:57.346228Z", "fetched_at": "2025-07-14T18:39:31.792785+00:00", "symbol": "ADA-USD"}, {"trade_id": 143596105, "side": "buy", "size": "1.50000000", "price": "0.73350000", "time": "2025-07-14T18:38:57.346228Z", "fetched_at": "2025-07-14T18:39:31.792785+00:00", "symbol": "ADA-USD"}, {"trade_id": 143596104, "side": "buy", "size": "2.47935402", "price": "0.73370000", "time": "2025-07-14T18:38:56.477049Z", "fetched_at": "2025-07-14T18:39:31.792785+00:00", "symbol": "ADA-USD"}, {"trade_id": 143596103, "side": "sell", "size": "33.11083400", "price": "0.73380000", "time": "2025-07-14T18:38:56.175486Z", "fetched_at": "2025-07-14T18:39:31.792785+00:00", "symbol": "ADA-USD"}, {"trade_id": 143596102, "side": "buy", "size": "0.00064598", "price": "0.73360000", "time": "2025-07-14T18:38:55.965806Z", "fetched_at": "2025-07-14T18:39:31.792785+00:00", "symbol": "ADA-USD"}, {"trade_id": 143596101, "side": "buy", "size": "2.47935402", "price": "0.73370000", "time": "2025-07-14T18:38:55.965806Z", "fetched_at": "2025-07-14T18:39:31.792785+00:00", "symbol": "ADA-USD"}, {"trade_id": 143596100, "side": "sell", "size": "19.99399932", "price": "0.73370000", "time": "2025-07-14T18:38:55.466140Z", "fetched_at": "2025-07-14T18:39:31.792785+00:00", "symbol": "ADA-USD"}, {"trade_id": 143596099, "side": "buy", "size": "196.73646627", "price": "0.73360000", "time": "2025-07-14T18:38:55.105658Z", "fetched_at": "2025-07-14T18:39:31.792785+00:00", "symbol": "ADA-USD"}, {"trade_id": 143596098, "side": "buy", "size": "818.93797285", "price": "0.73360000", "time": "2025-07-14T18:38:55.105658Z", "fetched_at": "2025-07-14T18:39:31.792785+00:00", "symbol": "ADA-USD"}, {"trade_id": 143596097, "side": "buy", "size": "93.56077468", "price": "0.73360000", "time": "2025-07-14T18:38:55.105658Z", "fetched_at": "2025-07-14T18:39:31.792785+00:00", "symbol": "ADA-USD"}, {"trade_id": 143596096, "side": "buy", "size": "1.50000000", "price": "0.73360000", "time": "2025-07-14T18:38:55.105658Z", "fetched_at": "2025-07-14T18:39:31.792785+00:00", "symbol": "ADA-USD"}, {"trade_id": 143596095, "side": "buy", "size": "4.88289357", "price": "0.73370000", "time": "2025-07-14T18:38:55.105658Z", "fetched_at": "2025-07-14T18:39:31.792785+00:00", "symbol": "ADA-USD"}, {"trade_id": 143596094, "side": "buy", "size": "56.25477663", "price": "0.73370000", "time": "2025-07-14T18:38:55.105658Z", "fetched_at": "2025-07-14T18:39:31.792785+00:00", "symbol": "ADA-USD"}, {"trade_id": 143596093, "side": "sell", "size": "1.68886985", "price": "0.73380000", "time": "2025-07-14T18:38:54.309449Z", "fetched_at": "2025-07-14T18:39:31.792785+00:00", "symbol": "ADA-USD"}, {"trade_id": 143596092, "side": "sell", "size": "1.68886985", "price": "0.73380000", "time": "2025-07-14T18:38:54.298802Z", "fetched_at": "2025-07-14T18:39:31.792785+00:00", "symbol": "ADA-USD"}, {"trade_id": 143596091, "side": "sell", "size": "1.68886985", "price": "0.73380000", "time": "2025-07-14T18:38:54.187192Z", "fetched_at": "2025-07-14T18:39:31.792785+00:00", "symbol": "ADA-USD"}, {"trade_id": 143596090, "side": "sell", "size": "21.50964389", "price": "0.73370000", "time": "2025-07-14T18:38:54.156661Z", "fetched_at": "2025-07-14T18:39:31.792785+00:00", "symbol": "ADA-USD"}, {"trade_id": 143596089, "side": "sell", "size": "43.54538607", "price": "0.73370000", "time": "2025-07-14T18:38:53.103176Z", "fetched_at": "2025-07-14T18:39:31.792785+00:00", "symbol": "ADA-USD"}, {"trade_id": 143596088, "side": "sell", "size": "21.51097318", "price": "0.73370000", "time": "2025-07-14T18:38:53.103176Z", "fetched_at": "2025-07-14T18:39:31.792785+00:00", "symbol": "ADA-USD"}, {"trade_id": 143596087, "side": "sell", "size": "3.34309075", "price": "0.73370000", "time": "2025-07-14T18:38:53.103176Z", "fetched_at": "2025-07-14T18:39:31.792785+00:00", "symbol": "ADA-USD"}, {"trade_id": 143596086, "side": "buy", "size": "576.30090000", "price": "0.73370000", "time": "2025-07-14T18:38:50.852570Z", "fetched_at": "2025-07-14T18:39:31.792785+00:00", "symbol": "ADA-USD"}, {"trade_id": 143596085, "side": "buy", "size": "1.50000000", "price": "0.73370000", "time": "2025-07-14T18:38:50.852570Z", "fetched_at": "2025-07-14T18:39:31.792785+00:00", "symbol": "ADA-USD"}, {"trade_id": 143596084, "side": "sell", "size": "6.46062700", "price": "0.73400000", "time": "2025-07-14T18:38:47.631324Z", "fetched_at": "2025-07-14T18:39:31.792785+00:00", "symbol": "ADA-USD"}, {"trade_id": 143596083, "side": "sell", "size": "0.56640800", "price": "0.73400000", "time": "2025-07-14T18:38:46.351620Z", "fetched_at": "2025-07-14T18:39:31.792785+00:00", "symbol": "ADA-USD"}, {"trade_id": 143596082, "side": "sell", "size": "77.24448240", "price": "0.73390000", "time": "2025-07-14T18:38:45.846685Z", "fetched_at": "2025-07-14T18:39:31.792785+00:00", "symbol": "ADA-USD"}, {"trade_id": 143596081, "side": "sell", "size": "13.02294921", "price": "0.73390000", "time": "2025-07-14T18:38:45.846685Z", "fetched_at": "2025-07-14T18:39:31.792785+00:00", "symbol": "ADA-USD"}, {"trade_id": 143596080, "side": "sell", "size": "21.51284021", "price": "0.73370000", "time": "2025-07-14T18:38:44.026795Z", "fetched_at": "2025-07-14T18:39:31.792785+00:00", "symbol": "ADA-USD"}, {"trade_id": 143596079, "side": "sell", "size": "184.42288000", "price": "0.73370000", "time": "2025-07-14T18:38:42.859466Z", "fetched_at": "2025-07-14T18:39:31.792785+00:00", "symbol": "ADA-USD"}, {"trade_id": 143596078, "side": "sell", "size": "193.48904000", "price": "0.73370000", "time": "2025-07-14T18:38:42.859466Z", "fetched_at": "2025-07-14T18:39:31.792785+00:00", "symbol": "ADA-USD"}, {"trade_id": 143596077, "side": "buy", "size": "240.80602340", "price": "0.73370000", "time": "2025-07-14T18:38:42.850249Z", "fetched_at": "2025-07-14T18:39:31.792785+00:00", "symbol": "ADA-USD"}, {"trade_id": 143596076, "side": "buy", "size": "818.93797285", "price": "0.73370000", "time": "2025-07-14T18:38:42.850249Z", "fetched_at": "2025-07-14T18:39:31.792785+00:00", "symbol": "ADA-USD"}, {"trade_id": 143596075, "side": "buy", "size": "681.46902258", "price": "0.73370000", "time": "2025-07-14T18:38:42.850249Z", "fetched_at": "2025-07-14T18:39:31.792785+00:00", "symbol": "ADA-USD"}, {"trade_id": 143596074, "side": "buy", "size": "49.58969367", "price": "0.73370000", "time": "2025-07-14T18:38:42.850249Z", "fetched_at": "2025-07-14T18:39:31.792785+00:00", "symbol": "ADA-USD"}, {"trade_id": 143596073, "side": "buy", "size": "1.50000000", "price": "0.73370000", "time": "2025-07-14T18:38:42.850249Z", "fetched_at": "2025-07-14T18:39:31.792785+00:00", "symbol": "ADA-USD"}, {"trade_id": 143596072, "side": "buy", "size": "1.50000000", "price": "0.73380000", "time": "2025-07-14T18:38:42.026449Z", "fetched_at": "2025-07-14T18:39:31.792785+00:00", "symbol": "ADA-USD"}, {"trade_id": 143596071, "side": "buy", "size": "382.91411446", "price": "0.73380000", "time": "2025-07-14T18:38:42.026449Z", "fetched_at": "2025-07-14T18:39:31.792785+00:00", "symbol": "ADA-USD"}, {"trade_id": 143596070, "side": "buy", "size": "381.42584953", "price": "0.73380000", "time": "2025-07-14T18:38:42.026449Z", "fetched_at": "2025-07-14T18:39:31.792785+00:00", "symbol": "ADA-USD"}, {"trade_id": 143596069, "side": "buy", "size": "13.01864168", "price": "0.73390000", "time": "2025-07-14T18:38:42.026449Z", "fetched_at": "2025-07-14T18:39:31.792785+00:00", "symbol": "ADA-USD"}, {"trade_id": 143596068, "side": "buy", "size": "437.51212332", "price": "0.73380000", "time": "2025-07-14T18:38:41.934456Z", "fetched_at": "2025-07-14T18:39:31.792785+00:00", "symbol": "ADA-USD"}, {"trade_id": 143596067, "side": "buy", "size": "13.01864168", "price": "0.73390000", "time": "2025-07-14T18:38:41.934456Z", "fetched_at": "2025-07-14T18:39:31.792785+00:00", "symbol": "ADA-USD"}, {"trade_id": 143596066, "side": "buy", "size": "1.50000000", "price": "0.73390000", "time": "2025-07-14T18:38:41.934456Z", "fetched_at": "2025-07-14T18:39:31.792785+00:00", "symbol": "ADA-USD"}, {"trade_id": 143596065, "side": "buy", "size": "443.40886077", "price": "0.73400000", "time": "2025-07-14T18:38:41.903984Z", "fetched_at": "2025-07-14T18:39:31.792785+00:00", "symbol": "ADA-USD"}, {"trade_id": 143596064, "side": "buy", "size": "13.01686803", "price": "0.73400000", "time": "2025-07-14T18:38:41.903984Z", "fetched_at": "2025-07-14T18:39:31.792785+00:00", "symbol": "ADA-USD"}, {"trade_id": 143596063, "side": "sell", "size": "9.95503370", "price": "0.73410000", "time": "2025-07-14T18:38:41.089868Z", "fetched_at": "2025-07-14T18:39:31.792785+00:00", "symbol": "ADA-USD"}, {"trade_id": 143596062, "side": "sell", "size": "937.33929096", "price": "0.73410000", "time": "2025-07-14T18:38:41.089868Z", "fetched_at": "2025-07-14T18:39:31.792785+00:00", "symbol": "ADA-USD"}, {"trade_id": 143596061, "side": "sell", "size": "1173.09575237", "price": "0.73410000", "time": "2025-07-14T18:38:41.089868Z", "fetched_at": "2025-07-14T18:39:31.792785+00:00", "symbol": "ADA-USD"}, {"trade_id": 143596060, "side": "sell", "size": "58.32696448", "price": "0.73410000", "time": "2025-07-14T18:38:41.089868Z", "fetched_at": "2025-07-14T18:39:31.792785+00:00", "symbol": "ADA-USD"}, {"trade_id": 143596059, "side": "sell", "size": "818.93797285", "price": "0.73410000", "time": "2025-07-14T18:38:41.089868Z", "fetched_at": "2025-07-14T18:39:31.792785+00:00", "symbol": "ADA-USD"}, {"trade_id": 143596058, "side": "sell", "size": "29.93203261", "price": "0.73410000", "time": "2025-07-14T18:38:41.089868Z", "fetched_at": "2025-07-14T18:39:31.792785+00:00", "symbol": "ADA-USD"}, {"trade_id": 143596057, "side": "buy", "size": "13.01509485", "price": "0.73410000", "time": "2025-07-14T18:38:40.958210Z", "fetched_at": "2025-07-14T18:39:31.792785+00:00", "symbol": "ADA-USD"}, {"trade_id": 143596056, "side": "sell", "size": "1.43018619", "price": "0.73410000", "time": "2025-07-14T18:38:38.355420Z", "fetched_at": "2025-07-14T18:39:31.792785+00:00", "symbol": "ADA-USD"}, {"trade_id": 143596055, "side": "sell", "size": "51.00306000", "price": "0.73400000", "time": "2025-07-14T18:38:37.637879Z", "fetched_at": "2025-07-14T18:39:31.792785+00:00", "symbol": "ADA-USD"}, {"trade_id": 143596054, "side": "sell", "size": "181.17953000", "price": "0.73400000", "time": "2025-07-14T18:38:37.637637Z", "fetched_at": "2025-07-14T18:39:31.792785+00:00", "symbol": "ADA-USD"}, {"trade_id": 143596053, "side": "sell", "size": "1.50000000", "price": "0.73390000", "time": "2025-07-14T18:38:37.529769Z", "fetched_at": "2025-07-14T18:39:31.792785+00:00", "symbol": "ADA-USD"}, {"trade_id": 143596052, "side": "buy", "size": "29.93203261", "price": "0.73380000", "time": "2025-07-14T18:38:37.422312Z", "fetched_at": "2025-07-14T18:39:31.792785+00:00", "symbol": "ADA-USD"}, {"trade_id": 143596051, "side": "buy", "size": "38.46741739", "price": "0.73380000", "time": "2025-07-14T18:38:37.422312Z", "fetched_at": "2025-07-14T18:39:31.792785+00:00", "symbol": "ADA-USD"}, {"trade_id": 143596050, "side": "sell", "size": "1075.26062472", "price": "0.73380000", "time": "2025-07-14T18:38:37.412592Z", "fetched_at": "2025-07-14T18:39:31.792785+00:00", "symbol": "ADA-USD"}, {"trade_id": 143596049, "side": "sell", "size": "1145.53727241", "price": "0.73380000", "time": "2025-07-14T18:38:37.412592Z", "fetched_at": "2025-07-14T18:39:31.792785+00:00", "symbol": "ADA-USD"}, {"trade_id": 143596048, "side": "sell", "size": "356.58136096", "price": "0.73380000", "time": "2025-07-14T18:38:37.412188Z", "fetched_at": "2025-07-14T18:39:31.792785+00:00", "symbol": "ADA-USD"}, {"trade_id": 143596047, "side": "sell", "size": "760.75527586", "price": "0.73380000", "time": "2025-07-14T18:38:37.412188Z", "fetched_at": "2025-07-14T18:39:31.792785+00:00", "symbol": "ADA-USD"}, {"trade_id": 143596046, "side": "sell", "size": "43.02288418", "price": "0.73370000", "time": "2025-07-14T18:38:37.408569Z", "fetched_at": "2025-07-14T18:39:31.792785+00:00", "symbol": "ADA-USD"}, {"trade_id": 143596045, "side": "sell", "size": "8.35860087", "price": "0.73370000", "time": "2025-07-14T18:38:37.408569Z", "fetched_at": "2025-07-14T18:39:31.792785+00:00", "symbol": "ADA-USD"}, {"trade_id": 143596044, "side": "sell", "size": "489.63455711", "price": "0.73380000", "time": "2025-07-14T18:38:29.534268Z", "fetched_at": "2025-07-14T18:39:31.792785+00:00", "symbol": "ADA-USD"}, {"trade_id": 143596043, "side": "sell", "size": "818.93797285", "price": "0.73380000", "time": "2025-07-14T18:38:29.534268Z", "fetched_at": "2025-07-14T18:39:31.792785+00:00", "symbol": "ADA-USD"}, {"trade_id": 143596042, "side": "sell", "size": "1815.54434000", "price": "0.73380000", "time": "2025-07-14T18:38:29.534268Z", "fetched_at": "2025-07-14T18:39:31.792785+00:00", "symbol": "ADA-USD"}, {"trade_id": 143596041, "side": "sell", "size": "1813.73376000", "price": "0.73380000", "time": "2025-07-14T18:38:29.534268Z", "fetched_at": "2025-07-14T18:39:31.792785+00:00", "symbol": "ADA-USD"}, {"trade_id": 143596040, "side": "sell", "size": "641.34562863", "price": "0.73370000", "time": "2025-07-14T18:38:29.534268Z", "fetched_at": "2025-07-14T18:39:31.792785+00:00", "symbol": "ADA-USD"}, {"trade_id": 143596039, "side": "sell", "size": "788.50200163", "price": "0.73370000", "time": "2025-07-14T18:38:29.534268Z", "fetched_at": "2025-07-14T18:39:31.792785+00:00", "symbol": "ADA-USD"}, {"trade_id": 143596038, "side": "sell", "size": "13.02123432", "price": "0.73370000", "time": "2025-07-14T18:38:29.534268Z", "fetched_at": "2025-07-14T18:39:31.792785+00:00", "symbol": "ADA-USD"}, {"trade_id": 143596037, "side": "sell", "size": "50.00000000", "price": "0.73370000", "time": "2025-07-14T18:38:29.534268Z", "fetched_at": "2025-07-14T18:39:31.792785+00:00", "symbol": "ADA-USD"}, {"trade_id": 143596036, "side": "sell", "size": "49.66521032", "price": "0.73370000", "time": "2025-07-14T18:38:29.534268Z", "fetched_at": "2025-07-14T18:39:31.792785+00:00", "symbol": "ADA-USD"}, {"trade_id": 143596035, "side": "sell", "size": "261.88293833", "price": "0.73370000", "time": "2025-07-14T18:38:29.534268Z", "fetched_at": "2025-07-14T18:39:31.792785+00:00", "symbol": "ADA-USD"}, {"trade_id": 143596034, "side": "sell", "size": "51.00306000", "price": "0.73370000", "time": "2025-07-14T18:38:29.534268Z", "fetched_at": "2025-07-14T18:39:31.792785+00:00", "symbol": "ADA-USD"}, {"trade_id": 143596033, "side": "buy", "size": "2.03463248", "price": "0.73370000", "time": "2025-07-14T18:38:29.067056Z", "fetched_at": "2025-07-14T18:39:31.792785+00:00", "symbol": "ADA-USD"}, {"trade_id": 143596032, "side": "buy", "size": "1.50000000", "price": "0.73370000", "time": "2025-07-14T18:38:29.067056Z", "fetched_at": "2025-07-14T18:39:31.792785+00:00", "symbol": "ADA-USD"}, {"trade_id": 143596031, "side": "buy", "size": "1452.23508055", "price": "0.73380000", "time": "2025-07-14T18:38:26.382207Z", "fetched_at": "2025-07-14T18:39:31.792785+00:00", "symbol": "ADA-USD"}, {"trade_id": 143596030, "side": "buy", "size": "1.50000000", "price": "0.73380000", "time": "2025-07-14T18:38:26.382207Z", "fetched_at": "2025-07-14T18:39:31.792785+00:00", "symbol": "ADA-USD"}, {"trade_id": 143596029, "side": "buy", "size": "2.86905283", "price": "0.73390000", "time": "2025-07-14T18:38:26.382207Z", "fetched_at": "2025-07-14T18:39:31.792785+00:00", "symbol": "ADA-USD"}, {"trade_id": 143596028, "side": "buy", "size": "1.50000000", "price": "0.73390000", "time": "2025-07-14T18:38:26.382207Z", "fetched_at": "2025-07-14T18:39:31.792785+00:00", "symbol": "ADA-USD"}, {"trade_id": 143596027, "side": "buy", "size": "1.50000000", "price": "0.73400000", "time": "2025-07-14T18:38:26.313785Z", "fetched_at": "2025-07-14T18:39:31.792785+00:00", "symbol": "ADA-USD"}, {"trade_id": 143596026, "side": "buy", "size": "1.50000000", "price": "0.73410000", "time": "2025-07-14T18:38:24.562612Z", "fetched_at": "2025-07-14T18:39:31.792785+00:00", "symbol": "ADA-USD"}, {"trade_id": 143596025, "side": "sell", "size": "53.28368438", "price": "0.73420000", "time": "2025-07-14T18:38:23.367296Z", "fetched_at": "2025-07-14T18:39:31.792785+00:00", "symbol": "ADA-USD"}, {"trade_id": 143596024, "side": "sell", "size": "81.50188362", "price": "0.73420000", "time": "2025-07-14T18:38:23.367296Z", "fetched_at": "2025-07-14T18:39:31.792785+00:00", "symbol": "ADA-USD"}, {"trade_id": 143596023, "side": "buy", "size": "5.38674317", "price": "0.73420000", "time": "2025-07-14T18:38:20.537586Z", "fetched_at": "2025-07-14T18:39:31.792785+00:00", "symbol": "ADA-USD"}, {"trade_id": 143596022, "side": "sell", "size": "184.42288000", "price": "0.73430000", "time": "2025-07-14T18:38:10.073520Z", "fetched_at": "2025-07-14T18:39:31.792785+00:00", "symbol": "ADA-USD"}, {"trade_id": 143596021, "side": "buy", "size": "50.00000000", "price": "0.73430000", "time": "2025-07-14T18:38:10.065330Z", "fetched_at": "2025-07-14T18:39:31.792785+00:00", "symbol": "ADA-USD"}, {"trade_id": 143596020, "side": "buy", "size": "7.77298654", "price": "0.73430000", "time": "2025-07-14T18:38:10.065330Z", "fetched_at": "2025-07-14T18:39:31.792785+00:00", "symbol": "ADA-USD"}, {"trade_id": 143596019, "side": "buy", "size": "222.65534652", "price": "0.73410000", "time": "2025-07-14T18:38:09.215108Z", "fetched_at": "2025-07-14T18:39:31.792785+00:00", "symbol": "ADA-USD"}, {"trade_id": 143596018, "side": "buy", "size": "51.00306000", "price": "0.73420000", "time": "2025-07-14T18:38:09.215108Z", "fetched_at": "2025-07-14T18:39:31.792785+00:00", "symbol": "ADA-USD"}, {"trade_id": 143596017, "side": "buy", "size": "4.22506510", "price": "0.73420000", "time": "2025-07-14T18:38:09.215108Z", "fetched_at": "2025-07-14T18:39:31.792785+00:00", "symbol": "ADA-USD"}, {"trade_id": 143596016, "side": "buy", "size": "4951.50000000", "price": "0.73420000", "time": "2025-07-14T18:38:09.215108Z", "fetched_at": "2025-07-14T18:39:31.792785+00:00", "symbol": "ADA-USD"}, {"trade_id": 143596015, "side": "buy", "size": "794.03243538", "price": "0.73420000", "time": "2025-07-14T18:38:09.215108Z", "fetched_at": "2025-07-14T18:39:31.792785+00:00", "symbol": "ADA-USD"}, {"trade_id": 143596014, "side": "sell", "size": "4.01081812", "price": "0.73430000", "time": "2025-07-14T18:38:07.482076Z", "fetched_at": "2025-07-14T18:39:31.792785+00:00", "symbol": "ADA-USD"}, {"trade_id": 143596013, "side": "sell", "size": "61.36650112", "price": "0.73430000", "time": "2025-07-14T18:38:07.482076Z", "fetched_at": "2025-07-14T18:39:31.792785+00:00", "symbol": "ADA-USD"}, {"trade_id": 143596012, "side": "sell", "size": "680.16097040", "price": "0.73430000", "time": "2025-07-14T18:38:07.470292Z", "fetched_at": "2025-07-14T18:39:31.792785+00:00", "symbol": "ADA-USD"}, {"trade_id": 143596011, "side": "sell", "size": "1.50000000", "price": "0.73430000", "time": "2025-07-14T18:38:07.470292Z", "fetched_at": "2025-07-14T18:39:31.792785+00:00", "symbol": "ADA-USD"}, {"trade_id": 143596010, "side": "buy", "size": "71.43955594", "price": "0.73410000", "time": "2025-07-14T18:38:06.941356Z", "fetched_at": "2025-07-14T18:39:31.792785+00:00", "symbol": "ADA-USD"}, {"trade_id": 143596009, "side": "buy", "size": "310.50000000", "price": "0.73410000", "time": "2025-07-14T18:38:06.941356Z", "fetched_at": "2025-07-14T18:39:31.792785+00:00", "symbol": "ADA-USD"}, {"trade_id": 143596008, "side": "buy", "size": "8.20917970", "price": "0.73420000", "time": "2025-07-14T18:38:06.941356Z", "fetched_at": "2025-07-14T18:39:31.792785+00:00", "symbol": "ADA-USD"}, {"trade_id": 143596007, "side": "buy", "size": "17.07518434", "price": "0.73420000", "time": "2025-07-14T18:38:06.941356Z", "fetched_at": "2025-07-14T18:39:31.792785+00:00", "symbol": "ADA-USD"}, {"trade_id": 143596006, "side": "buy", "size": "27.60045102", "price": "0.73420000", "time": "2025-07-14T18:38:06.941356Z", "fetched_at": "2025-07-14T18:39:31.792785+00:00", "symbol": "ADA-USD"}, {"trade_id": 143596005, "side": "sell", "size": "23.40260898", "price": "0.73420000", "time": "2025-07-14T18:38:06.700781Z", "fetched_at": "2025-07-14T18:39:31.792785+00:00", "symbol": "ADA-USD"}, {"trade_id": 143596004, "side": "sell", "size": "33.73313300", "price": "0.73420000", "time": "2025-07-14T18:38:05.936923Z", "fetched_at": "2025-07-14T18:39:31.792785+00:00", "symbol": "ADA-USD"}, {"trade_id": 143596003, "side": "sell", "size": "659.75872797", "price": "0.73410000", "time": "2025-07-14T18:38:05.546755Z", "fetched_at": "2025-07-14T18:39:31.792785+00:00", "symbol": "ADA-USD"}, {"trade_id": 143596002, "side": "sell", "size": "716.90564728", "price": "0.73420000", "time": "2025-07-14T18:38:04.886448Z", "fetched_at": "2025-07-14T18:39:31.792785+00:00", "symbol": "ADA-USD"}, {"trade_id": 143596001, "side": "sell", "size": "1.50000000", "price": "0.73420000", "time": "2025-07-14T18:38:04.886448Z", "fetched_at": "2025-07-14T18:39:31.792785+00:00", "symbol": "ADA-USD"}, {"trade_id": 143596000, "side": "sell", "size": "3.42235606", "price": "0.73410000", "time": "2025-07-14T18:38:04.593171Z", "fetched_at": "2025-07-14T18:39:31.792785+00:00", "symbol": "ADA-USD"}, {"trade_id": 143595999, "side": "sell", "size": "691.50317170", "price": "0.73410000", "time": "2025-07-14T18:38:04.581600Z", "fetched_at": "2025-07-14T18:39:31.792785+00:00", "symbol": "ADA-USD"}, {"trade_id": 143595998, "side": "sell", "size": "1.50000000", "price": "0.73410000", "time": "2025-07-14T18:38:04.581600Z", "fetched_at": "2025-07-14T18:39:31.792785+00:00", "symbol": "ADA-USD"}, {"trade_id": 143595997, "side": "sell", "size": "1.50000000", "price": "0.73400000", "time": "2025-07-14T18:38:03.395815Z", "fetched_at": "2025-07-14T18:39:31.792785+00:00", "symbol": "ADA-USD"}, {"trade_id": 143595996, "side": "sell", "size": "6.91467910", "price": "0.73390000", "time": "2025-07-14T18:38:03.167303Z", "fetched_at": "2025-07-14T18:39:31.792785+00:00", "symbol": "ADA-USD"}, {"trade_id": 143595995, "side": "sell", "size": "1.50000000", "price": "0.73390000", "time": "2025-07-14T18:38:03.167303Z", "fetched_at": "2025-07-14T18:39:31.792785+00:00", "symbol": "ADA-USD"}, {"trade_id": 143595994, "side": "sell", "size": "43.02377467", "price": "0.73380000", "time": "2025-07-14T18:38:01.111931Z", "fetched_at": "2025-07-14T18:39:31.792785+00:00", "symbol": "ADA-USD"}, {"trade_id": 143595993, "side": "sell", "size": "1.50000000", "price": "0.73380000", "time": "2025-07-14T18:38:01.111931Z", "fetched_at": "2025-07-14T18:39:31.792785+00:00", "symbol": "ADA-USD"}, {"trade_id": 143595992, "side": "buy", "size": "661.11258850", "price": "0.73360000", "time": "2025-07-14T18:38:00.279852Z", "fetched_at": "2025-07-14T18:39:31.792785+00:00", "symbol": "ADA-USD"}, {"trade_id": 143595991, "side": "buy", "size": "21.01561150", "price": "0.73370000", "time": "2025-07-14T18:38:00.279852Z", "fetched_at": "2025-07-14T18:39:31.792785+00:00", "symbol": "ADA-USD"}, {"trade_id": 143595990, "side": "sell", "size": "21.51379524", "price": "0.73370000", "time": "2025-07-14T18:37:58.837984Z", "fetched_at": "2025-07-14T18:39:31.792785+00:00", "symbol": "ADA-USD"}, {"trade_id": 143595989, "side": "sell", "size": "1.50000000", "price": "0.73370000", "time": "2025-07-14T18:37:58.837984Z", "fetched_at": "2025-07-14T18:39:31.792785+00:00", "symbol": "ADA-USD"}, {"trade_id": 143595988, "side": "sell", "size": "13.15950900", "price": "0.73350000", "time": "2025-07-14T18:37:56.832722Z", "fetched_at": "2025-07-14T18:39:31.792785+00:00", "symbol": "ADA-USD"}, {"trade_id": 143595987, "side": "sell", "size": "43.02431671", "price": "0.73360000", "time": "2025-07-14T18:37:52.876835Z", "fetched_at": "2025-07-14T18:39:31.792785+00:00", "symbol": "ADA-USD"}, {"trade_id": 143595986, "side": "sell", "size": "1.50000000", "price": "0.73360000", "time": "2025-07-14T18:37:52.876835Z", "fetched_at": "2025-07-14T18:39:31.792785+00:00", "symbol": "ADA-USD"}, {"trade_id": 143595985, "side": "sell", "size": "1.46557506", "price": "0.73340000", "time": "2025-07-14T18:37:46.801067Z", "fetched_at": "2025-07-14T18:39:31.792785+00:00", "symbol": "ADA-USD"}, {"trade_id": 143595984, "side": "sell", "size": "21.50961808", "price": "0.73340000", "time": "2025-07-14T18:37:46.801067Z", "fetched_at": "2025-07-14T18:39:31.792785+00:00", "symbol": "ADA-USD"}, {"trade_id": 143595983, "side": "sell", "size": "2.09598749", "price": "0.73330000", "time": "2025-07-14T18:37:45.732838Z", "fetched_at": "2025-07-14T18:39:31.792785+00:00", "symbol": "ADA-USD"}, {"trade_id": 143595982, "side": "sell", "size": "736.17881878", "price": "0.73320000", "time": "2025-07-14T18:37:45.657595Z", "fetched_at": "2025-07-14T18:39:31.792785+00:00", "symbol": "ADA-USD"}, {"trade_id": 143595981, "side": "sell", "size": "3.09774676", "price": "0.73330000", "time": "2025-07-14T18:37:43.761347Z", "fetched_at": "2025-07-14T18:39:31.792785+00:00", "symbol": "ADA-USD"}, {"trade_id": 143595980, "side": "sell", "size": "720.29887295", "price": "0.73330000", "time": "2025-07-14T18:37:43.761347Z", "fetched_at": "2025-07-14T18:39:31.792785+00:00", "symbol": "ADA-USD"}, {"trade_id": 143595979, "side": "sell", "size": "68.39945000", "price": "0.73340000", "time": "2025-07-14T18:37:43.147321Z", "fetched_at": "2025-07-14T18:39:31.792785+00:00", "symbol": "ADA-USD"}, {"trade_id": 143595978, "side": "sell", "size": "407.08230167", "price": "0.73360000", "time": "2025-07-14T18:37:39.683156Z", "fetched_at": "2025-07-14T18:39:31.792785+00:00", "symbol": "ADA-USD"}, {"trade_id": 143595977, "side": "sell", "size": "261.88293833", "price": "0.73360000", "time": "2025-07-14T18:37:39.683156Z", "fetched_at": "2025-07-14T18:39:31.792785+00:00", "symbol": "ADA-USD"}, {"trade_id": 143595976, "side": "sell", "size": "128.99270000", "price": "0.73340000", "time": "2025-07-14T18:37:39.256461Z", "fetched_at": "2025-07-14T18:39:31.792785+00:00", "symbol": "ADA-USD"}, {"trade_id": 143595975, "side": "sell", "size": "9.87905319", "price": "0.73360000", "time": "2025-07-14T18:37:35.531603Z", "fetched_at": "2025-07-14T18:39:31.792785+00:00", "symbol": "ADA-USD"}, {"trade_id": 143595974, "side": "sell", "size": "32.84641530", "price": "0.73360000", "time": "2025-07-14T18:37:35.531603Z", "fetched_at": "2025-07-14T18:39:31.792785+00:00", "symbol": "ADA-USD"}, {"trade_id": 143595973, "side": "buy", "size": "3.88056852", "price": "0.73350000", "time": "2025-07-14T18:37:32.226323Z", "fetched_at": "2025-07-14T18:39:31.792785+00:00", "symbol": "ADA-USD"}, {"trade_id": 143595972, "side": "buy", "size": "12.23070537", "price": "0.73350000", "time": "2025-07-14T18:37:32.226323Z", "fetched_at": "2025-07-14T18:39:31.792785+00:00", "symbol": "ADA-USD"}, {"trade_id": 143595971, "side": "buy", "size": "37.36108711", "price": "0.73350000", "time": "2025-07-14T18:37:32.226323Z", "fetched_at": "2025-07-14T18:39:31.792785+00:00", "symbol": "ADA-USD"}, {"trade_id": 143595970, "side": "sell", "size": "7.57565271", "price": "0.73350000", "time": "2025-07-14T18:37:31.810369Z", "fetched_at": "2025-07-14T18:39:31.792785+00:00", "symbol": "ADA-USD"}, {"trade_id": 143595969, "side": "sell", "size": "51.00306000", "price": "0.73350000", "time": "2025-07-14T18:37:30.776472Z", "fetched_at": "2025-07-14T18:39:31.792785+00:00", "symbol": "ADA-USD"}, {"trade_id": 143595968, "side": "sell", "size": "50.00000000", "price": "0.73350000", "time": "2025-07-14T18:37:30.776472Z", "fetched_at": "2025-07-14T18:39:31.792785+00:00", "symbol": "ADA-USD"}, {"trade_id": 143595967, "side": "sell", "size": "135.31789000", "price": "0.73350000", "time": "2025-07-14T18:37:30.776472Z", "fetched_at": "2025-07-14T18:39:31.792785+00:00", "symbol": "ADA-USD"}, {"trade_id": 143595966, "side": "sell", "size": "128.99270000", "price": "0.73350000", "time": "2025-07-14T18:37:30.776472Z", "fetched_at": "2025-07-14T18:39:31.792785+00:00", "symbol": "ADA-USD"}, {"trade_id": 143595965, "side": "buy", "size": "13.02574115", "price": "0.73350000", "time": "2025-07-14T18:37:30.522427Z", "fetched_at": "2025-07-14T18:39:31.792785+00:00", "symbol": "ADA-USD"}, {"trade_id": 143595964, "side": "sell", "size": "261.88293833", "price": "0.73360000", "time": "2025-07-14T18:37:27.870025Z", "fetched_at": "2025-07-14T18:39:31.792785+00:00", "symbol": "ADA-USD"}, {"trade_id": 143595963, "side": "sell", "size": "261.88293833", "price": "0.73360000", "time": "2025-07-14T18:37:27.851038Z", "fetched_at": "2025-07-14T18:39:31.792785+00:00", "symbol": "ADA-USD"}, {"trade_id": 143595962, "side": "sell", "size": "261.88293833", "price": "0.73360000", "time": "2025-07-14T18:37:27.840509Z", "fetched_at": "2025-07-14T18:39:31.792785+00:00", "symbol": "ADA-USD"}, {"trade_id": 143595961, "side": "sell", "size": "1.50000000", "price": "0.73360000", "time": "2025-07-14T18:37:25.624282Z", "fetched_at": "2025-07-14T18:39:31.792785+00:00", "symbol": "ADA-USD"}, {"trade_id": 143595960, "side": "sell", "size": "261.88293833", "price": "0.73360000", "time": "2025-07-14T18:37:25.624282Z", "fetched_at": "2025-07-14T18:39:31.792785+00:00", "symbol": "ADA-USD"}, {"trade_id": 143595959, "side": "sell", "size": "1.50000000", "price": "0.73350000", "time": "2025-07-14T18:37:25.529574Z", "fetched_at": "2025-07-14T18:39:31.792785+00:00", "symbol": "ADA-USD"}, {"trade_id": 143595958, "side": "sell", "size": "261.88293833", "price": "0.73340000", "time": "2025-07-14T18:37:25.441398Z", "fetched_at": "2025-07-14T18:39:31.792785+00:00", "symbol": "ADA-USD"}, {"trade_id": 143595957, "side": "sell", "size": "10.17436095", "price": "0.73340000", "time": "2025-07-14T18:37:25.213817Z", "fetched_at": "2025-07-14T18:39:31.792785+00:00", "symbol": "ADA-USD"}, {"trade_id": 143595956, "side": "sell", "size": "1.50000000", "price": "0.73340000", "time": "2025-07-14T18:37:25.213817Z", "fetched_at": "2025-07-14T18:39:31.792785+00:00", "symbol": "ADA-USD"}, {"trade_id": 143595955, "side": "sell", "size": "647.98630405", "price": "0.73330000", "time": "2025-07-14T18:37:24.242081Z", "fetched_at": "2025-07-14T18:39:31.792785+00:00", "symbol": "ADA-USD"}, {"trade_id": 143595954, "side": "sell", "size": "717.71239026", "price": "0.73330000", "time": "2025-07-14T18:37:23.867963Z", "fetched_at": "2025-07-14T18:39:31.792785+00:00", "symbol": "ADA-USD"}, {"trade_id": 143595953, "side": "sell", "size": "68.39945000", "price": "0.73320000", "time": "2025-07-14T18:37:22.430708Z", "fetched_at": "2025-07-14T18:39:31.792785+00:00", "symbol": "ADA-USD"}, {"trade_id": 143595952, "side": "sell", "size": "1.60000000", "price": "0.73330000", "time": "2025-07-14T18:37:21.872851Z", "fetched_at": "2025-07-14T18:39:31.792785+00:00", "symbol": "ADA-USD"}, {"trade_id": 143595951, "side": "sell", "size": "23.24482353", "price": "0.73320000", "time": "2025-07-14T18:37:21.869076Z", "fetched_at": "2025-07-14T18:39:31.792785+00:00", "symbol": "ADA-USD"}, {"trade_id": 143595950, "side": "sell", "size": "1.60000000", "price": "0.73320000", "time": "2025-07-14T18:37:21.869076Z", "fetched_at": "2025-07-14T18:39:31.792785+00:00", "symbol": "ADA-USD"}, {"trade_id": 143595949, "side": "sell", "size": "3730.44793381", "price": "0.73320000", "time": "2025-07-14T18:37:21.869076Z", "fetched_at": "2025-07-14T18:39:31.792785+00:00", "symbol": "ADA-USD"}, {"trade_id": 143595948, "side": "sell", "size": "5932.19254069", "price": "0.73320000", "time": "2025-07-14T18:37:21.868363Z", "fetched_at": "2025-07-14T18:39:31.792785+00:00", "symbol": "ADA-USD"}, {"trade_id": 143595947, "side": "sell", "size": "686.49579000", "price": "0.73320000", "time": "2025-07-14T18:37:21.865155Z", "fetched_at": "2025-07-14T18:39:31.792785+00:00", "symbol": "ADA-USD"}, {"trade_id": 143595946, "side": "sell", "size": "1.60000000", "price": "0.73310000", "time": "2025-07-14T18:37:20.618742Z", "fetched_at": "2025-07-14T18:39:31.792785+00:00", "symbol": "ADA-USD"}, {"trade_id": 143595945, "side": "sell", "size": "174.77852265", "price": "0.73300000", "time": "2025-07-14T18:37:20.514328Z", "fetched_at": "2025-07-14T18:39:31.792785+00:00", "symbol": "ADA-USD"}, {"trade_id": 143595944, "side": "sell", "size": "51.00306000", "price": "0.73300000", "time": "2025-07-14T18:37:20.513342Z", "fetched_at": "2025-07-14T18:39:31.792785+00:00", "symbol": "ADA-USD"}, {"trade_id": 143595943, "side": "sell", "size": "36.10135568", "price": "0.73300000", "time": "2025-07-14T18:37:20.502913Z", "fetched_at": "2025-07-14T18:39:31.792785+00:00", "symbol": "ADA-USD"}, {"trade_id": 143595942, "side": "sell", "size": "14.90170432", "price": "0.73300000", "time": "2025-07-14T18:37:20.502913Z", "fetched_at": "2025-07-14T18:39:31.792785+00:00", "symbol": "ADA-USD"}, {"trade_id": 143595941, "side": "sell", "size": "4.87562500", "price": "0.73300000", "time": "2025-07-14T18:37:20.042103Z", "fetched_at": "2025-07-14T18:39:31.792785+00:00", "symbol": "ADA-USD"}, {"trade_id": 143595940, "side": "sell", "size": "1.60000000", "price": "0.73300000", "time": "2025-07-14T18:37:20.042103Z", "fetched_at": "2025-07-14T18:39:31.792785+00:00", "symbol": "ADA-USD"}, {"trade_id": 143595939, "side": "buy", "size": "2.20979400", "price": "0.73290000", "time": "2025-07-14T18:37:14.749230Z", "fetched_at": "2025-07-14T18:39:31.792785+00:00", "symbol": "ADA-USD"}, {"trade_id": 143595938, "side": "sell", "size": "261.88293833", "price": "0.73280000", "time": "2025-07-14T18:37:14.097127Z", "fetched_at": "2025-07-14T18:39:31.792785+00:00", "symbol": "ADA-USD"}, {"trade_id": 143595937, "side": "sell", "size": "45.88507386", "price": "0.73280000", "time": "2025-07-14T18:37:14.097127Z", "fetched_at": "2025-07-14T18:39:31.792785+00:00", "symbol": "ADA-USD"}, {"trade_id": 143595936, "side": "sell", "size": "1.60000000", "price": "0.73280000", "time": "2025-07-14T18:37:14.097127Z", "fetched_at": "2025-07-14T18:39:31.792785+00:00", "symbol": "ADA-USD"}, {"trade_id": 143595935, "side": "sell", "size": "1.30724249", "price": "0.73260000", "time": "2025-07-14T18:37:11.984613Z", "fetched_at": "2025-07-14T18:39:31.792785+00:00", "symbol": "ADA-USD"}, {"trade_id": 143595934, "side": "sell", "size": "0.42844839", "price": "0.73260000", "time": "2025-07-14T18:37:11.981063Z", "fetched_at": "2025-07-14T18:39:31.792785+00:00", "symbol": "ADA-USD"}, {"trade_id": 143595933, "side": "sell", "size": "50.57461161", "price": "0.73260000", "time": "2025-07-14T18:37:11.981063Z", "fetched_at": "2025-07-14T18:39:31.792785+00:00", "symbol": "ADA-USD"}, {"trade_id": 143595932, "side": "sell", "size": "23.90068946", "price": "0.73250000", "time": "2025-07-14T18:37:10.112968Z", "fetched_at": "2025-07-14T18:39:31.792785+00:00", "symbol": "ADA-USD"}, {"trade_id": 143595931, "side": "sell", "size": "3.08581754", "price": "0.73250000", "time": "2025-07-14T18:37:10.112968Z", "fetched_at": "2025-07-14T18:39:31.792785+00:00", "symbol": "ADA-USD"}, {"trade_id": 143595930, "side": "buy", "size": "34.99710980", "price": "0.73250000", "time": "2025-07-14T18:37:09.058086Z", "fetched_at": "2025-07-14T18:39:31.792785+00:00", "symbol": "ADA-USD"}, {"trade_id": 143595929, "side": "sell", "size": "6.95997762", "price": "0.73230000", "time": "2025-07-14T18:37:09.009674Z", "fetched_at": "2025-07-14T18:39:31.792785+00:00", "symbol": "ADA-USD"}, {"trade_id": 143595928, "side": "sell", "size": "213.41989733", "price": "0.73240000", "time": "2025-07-14T18:37:08.232540Z", "fetched_at": "2025-07-14T18:39:31.792785+00:00", "symbol": "ADA-USD"}, {"trade_id": 143595927, "side": "sell", "size": "13.04620006", "price": "0.73230000", "time": "2025-07-14T18:37:08.232540Z", "fetched_at": "2025-07-14T18:39:31.792785+00:00", "symbol": "ADA-USD"}, {"trade_id": 143595926, "side": "sell", "size": "44.37390261", "price": "0.73230000", "time": "2025-07-14T18:37:08.232540Z", "fetched_at": "2025-07-14T18:39:31.792785+00:00", "symbol": "ADA-USD"}, {"trade_id": 143595925, "side": "buy", "size": "12.68900464", "price": "0.73230000", "time": "2025-07-14T18:37:07.291724Z", "fetched_at": "2025-07-14T18:39:31.792785+00:00", "symbol": "ADA-USD"}, {"trade_id": 143595924, "side": "buy", "size": "12.68899981", "price": "0.73230000", "time": "2025-07-14T18:37:07.278166Z", "fetched_at": "2025-07-14T18:39:31.792785+00:00", "symbol": "ADA-USD"}, {"trade_id": 143595923, "side": "buy", "size": "1.60000000", "price": "0.73230000", "time": "2025-07-14T18:37:07.278166Z", "fetched_at": "2025-07-14T18:39:31.792785+00:00", "symbol": "ADA-USD"}, {"trade_id": 143595922, "side": "buy", "size": "20.00000000", "price": "0.73230000", "time": "2025-07-14T18:37:07.278166Z", "fetched_at": "2025-07-14T18:39:31.792785+00:00", "symbol": "ADA-USD"}, {"trade_id": 143595921, "side": "buy", "size": "0.63532019", "price": "0.73230000", "time": "2025-07-14T18:37:07.278166Z", "fetched_at": "2025-07-14T18:39:31.792785+00:00", "symbol": "ADA-USD"}, {"trade_id": 143595920, "side": "buy", "size": "817.80000000", "price": "0.73240000", "time": "2025-07-14T18:37:05.320139Z", "fetched_at": "2025-07-14T18:39:31.792785+00:00", "symbol": "ADA-USD"}, {"trade_id": 143595919, "side": "buy", "size": "1.60000000", "price": "0.73240000", "time": "2025-07-14T18:37:05.320139Z", "fetched_at": "2025-07-14T18:39:31.792785+00:00", "symbol": "ADA-USD"}, {"trade_id": 143595918, "side": "buy", "size": "1.60000000", "price": "0.73250000", "time": "2025-07-14T18:37:05.320139Z", "fetched_at": "2025-07-14T18:39:31.792785+00:00", "symbol": "ADA-USD"}, {"trade_id": 143595917, "side": "buy", "size": "144.76532443", "price": "0.73250000", "time": "2025-07-14T18:37:05.320139Z", "fetched_at": "2025-07-14T18:39:31.792785+00:00", "symbol": "ADA-USD"}, {"trade_id": 143595916, "side": "sell", "size": "165.67512300", "price": "0.73260000", "time": "2025-07-14T18:37:04.626538Z", "fetched_at": "2025-07-14T18:39:31.792785+00:00", "symbol": "ADA-USD"}, {"trade_id": 143595915, "side": "sell", "size": "261.88293833", "price": "0.73260000", "time": "2025-07-14T18:37:03.958401Z", "fetched_at": "2025-07-14T18:39:31.792785+00:00", "symbol": "ADA-USD"}, {"trade_id": 143595914, "side": "buy", "size": "1.60000000", "price": "0.73270000", "time": "2025-07-14T18:37:03.200936Z", "fetched_at": "2025-07-14T18:39:31.792785+00:00", "symbol": "ADA-USD"}, {"trade_id": 143595913, "side": "buy", "size": "1.60000000", "price": "0.73280000", "time": "2025-07-14T18:37:01.389725Z", "fetched_at": "2025-07-14T18:39:31.792785+00:00", "symbol": "ADA-USD"}, {"trade_id": 143595912, "side": "buy", "size": "1.60000000", "price": "0.73290000", "time": "2025-07-14T18:37:01.213201Z", "fetched_at": "2025-07-14T18:39:31.792785+00:00", "symbol": "ADA-USD"}, {"trade_id": 143595911, "side": "buy", "size": "270.10886543", "price": "0.73290000", "time": "2025-07-14T18:37:01.213201Z", "fetched_at": "2025-07-14T18:39:31.792785+00:00", "symbol": "ADA-USD"}, {"trade_id": 143595910, "side": "buy", "size": "500.00000000", "price": "0.73290000", "time": "2025-07-14T18:37:01.179849Z", "fetched_at": "2025-07-14T18:39:31.792785+00:00", "symbol": "ADA-USD"}, {"trade_id": 143595909, "side": "buy", "size": "281.45832157", "price": "0.73290000", "time": "2025-07-14T18:37:01.175779Z", "fetched_at": "2025-07-14T18:39:31.792785+00:00", "symbol": "ADA-USD"}, {"trade_id": 143595908, "side": "buy", "size": "697.54901500", "price": "0.73290000", "time": "2025-07-14T18:37:01.175779Z", "fetched_at": "2025-07-14T18:39:31.792785+00:00", "symbol": "ADA-USD"}, {"trade_id": 143595907, "side": "buy", "size": "805.50000000", "price": "0.73300000", "time": "2025-07-14T18:37:00.936274Z", "fetched_at": "2025-07-14T18:39:31.792785+00:00", "symbol": "ADA-USD"}, {"trade_id": 143595906, "side": "buy", "size": "1.60000000", "price": "0.73300000", "time": "2025-07-14T18:37:00.936274Z", "fetched_at": "2025-07-14T18:39:31.792785+00:00", "symbol": "ADA-USD"}, {"trade_id": 143595905, "side": "sell", "size": "1.66867290", "price": "0.73310000", "time": "2025-07-14T18:37:00.120243Z", "fetched_at": "2025-07-14T18:39:31.792785+00:00", "symbol": "ADA-USD"}, {"trade_id": 143595904, "side": "buy", "size": "11.85520921", "price": "0.73310000", "time": "2025-07-14T18:36:57.272364Z", "fetched_at": "2025-07-14T18:39:31.792785+00:00", "symbol": "ADA-USD"}, {"trade_id": 143595903, "side": "buy", "size": "1.02305279", "price": "0.73310000", "time": "2025-07-14T18:36:57.272364Z", "fetched_at": "2025-07-14T18:39:31.792785+00:00", "symbol": "ADA-USD"}, {"trade_id": 143595902, "side": "sell", "size": "210.87987833", "price": "0.73320000", "time": "2025-07-14T18:36:53.846461Z", "fetched_at": "2025-07-14T18:39:31.792785+00:00", "symbol": "ADA-USD"}, {"trade_id": 143595901, "side": "sell", "size": "51.00306000", "price": "0.73320000", "time": "2025-07-14T18:36:53.844761Z", "fetched_at": "2025-07-14T18:39:31.792785+00:00", "symbol": "ADA-USD"}, {"trade_id": 143595900, "side": "sell", "size": "3.28284254", "price": "0.73320000", "time": "2025-07-14T18:36:53.832490Z", "fetched_at": "2025-07-14T18:39:31.792785+00:00", "symbol": "ADA-USD"}, {"trade_id": 143595899, "side": "sell", "size": "11.09413938", "price": "0.73320000", "time": "2025-07-14T18:36:53.832490Z", "fetched_at": "2025-07-14T18:39:31.792785+00:00", "symbol": "ADA-USD"}, {"trade_id": 143595898, "side": "sell", "size": "261.88293833", "price": "0.73320000", "time": "2025-07-14T18:36:53.832490Z", "fetched_at": "2025-07-14T18:39:31.792785+00:00", "symbol": "ADA-USD"}, {"trade_id": 143595897, "side": "sell", "size": "0.08062154", "price": "0.73310000", "time": "2025-07-14T18:36:53.523489Z", "fetched_at": "2025-07-14T18:39:31.792785+00:00", "symbol": "ADA-USD"}, {"trade_id": 143595896, "side": "sell", "size": "0.00000057", "price": "0.73310000", "time": "2025-07-14T18:36:52.909443Z", "fetched_at": "2025-07-14T18:39:31.792785+00:00", "symbol": "ADA-USD"}, {"trade_id": 143595895, "side": "sell", "size": "6.62725063", "price": "0.73310000", "time": "2025-07-14T18:36:51.837298Z", "fetched_at": "2025-07-14T18:39:31.792785+00:00", "symbol": "ADA-USD"}, {"trade_id": 143595894, "side": "buy", "size": "817.40000000", "price": "0.73310000", "time": "2025-07-14T18:36:51.114923Z", "fetched_at": "2025-07-14T18:39:31.792785+00:00", "symbol": "ADA-USD"}, {"trade_id": 143595893, "side": "buy", "size": "1.60000000", "price": "0.73310000", "time": "2025-07-14T18:36:51.114923Z", "fetched_at": "2025-07-14T18:39:31.792785+00:00", "symbol": "ADA-USD"}, {"trade_id": 143595892, "side": "buy", "size": "22.39273882", "price": "0.73310000", "time": "2025-07-14T18:36:51.114923Z", "fetched_at": "2025-07-14T18:39:31.792785+00:00", "symbol": "ADA-USD"}, {"trade_id": 143595891, "side": "buy", "size": "0.00012960", "price": "0.73320000", "time": "2025-07-14T18:36:51.108572Z", "fetched_at": "2025-07-14T18:39:31.792785+00:00", "symbol": "ADA-USD"}, {"trade_id": 143595890, "side": "buy", "size": "1.59987040", "price": "0.73320000", "time": "2025-07-14T18:36:51.107646Z", "fetched_at": "2025-07-14T18:39:31.792785+00:00", "symbol": "ADA-USD"}, {"trade_id": 143595889, "side": "buy", "size": "7.75409393", "price": "0.73320000", "time": "2025-07-14T18:36:51.107646Z", "fetched_at": "2025-07-14T18:39:31.792785+00:00", "symbol": "ADA-USD"}, {"trade_id": 143595888, "side": "buy", "size": "9.29623567", "price": "0.73320000", "time": "2025-07-14T18:36:51.107646Z", "fetched_at": "2025-07-14T18:39:31.792785+00:00", "symbol": "ADA-USD"}, {"trade_id": 143595887, "side": "sell", "size": "6.41104300", "price": "0.73330000", "time": "2025-07-14T18:36:50.395572Z", "fetched_at": "2025-07-14T18:39:31.792785+00:00", "symbol": "ADA-USD"}, {"trade_id": 143595886, "side": "buy", "size": "1.60000000", "price": "0.73330000", "time": "2025-07-14T18:36:50.157991Z", "fetched_at": "2025-07-14T18:39:31.792785+00:00", "symbol": "ADA-USD"}, {"trade_id": 143595885, "side": "buy", "size": "4.11361139", "price": "0.73340000", "time": "2025-07-14T18:36:49.073682Z", "fetched_at": "2025-07-14T18:39:31.792785+00:00", "symbol": "ADA-USD"}, {"trade_id": 143595884, "side": "buy", "size": "1.50000000", "price": "0.73340000", "time": "2025-07-14T18:36:49.073682Z", "fetched_at": "2025-07-14T18:39:31.792785+00:00", "symbol": "ADA-USD"}, {"trade_id": 143595883, "side": "buy", "size": "63.23437761", "price": "0.73340000", "time": "2025-07-14T18:36:49.073682Z", "fetched_at": "2025-07-14T18:39:31.792785+00:00", "symbol": "ADA-USD"}, {"trade_id": 143595882, "side": "buy", "size": "0.00000877", "price": "0.73360000", "time": "2025-07-14T18:36:48.542488Z", "fetched_at": "2025-07-14T18:39:31.792785+00:00", "symbol": "ADA-USD"}, {"trade_id": 143595881, "side": "buy", "size": "13.02395679", "price": "0.73360000", "time": "2025-07-14T18:36:48.541762Z", "fetched_at": "2025-07-14T18:39:31.792785+00:00", "symbol": "ADA-USD"}, {"trade_id": 143595880, "side": "buy", "size": "47.42578321", "price": "0.73360000", "time": "2025-07-14T18:36:48.541762Z", "fetched_at": "2025-07-14T18:39:31.792785+00:00", "symbol": "ADA-USD"}, {"trade_id": 143595879, "side": "sell", "size": "6.74662700", "price": "0.73360000", "time": "2025-07-14T18:36:47.877008Z", "fetched_at": "2025-07-14T18:39:31.792785+00:00", "symbol": "ADA-USD"}, {"trade_id": 143595878, "side": "sell", "size": "1222.16063719", "price": "0.73380000", "time": "2025-07-14T18:36:47.077554Z", "fetched_at": "2025-07-14T18:39:31.792785+00:00", "symbol": "ADA-USD"}, {"trade_id": 143595877, "side": "sell", "size": "1871.95017000", "price": "0.73380000", "time": "2025-07-14T18:36:47.077554Z", "fetched_at": "2025-07-14T18:39:31.792785+00:00", "symbol": "ADA-USD"}, {"trade_id": 143595876, "side": "sell", "size": "824.69330040", "price": "0.73380000", "time": "2025-07-14T18:36:47.077554Z", "fetched_at": "2025-07-14T18:39:31.792785+00:00", "symbol": "ADA-USD"}, {"trade_id": 143595875, "side": "sell", "size": "852.02755847", "price": "0.73380000", "time": "2025-07-14T18:36:47.077554Z", "fetched_at": "2025-07-14T18:39:31.792785+00:00", "symbol": "ADA-USD"}, {"trade_id": 143595874, "side": "sell", "size": "1.50000000", "price": "0.73380000", "time": "2025-07-14T18:36:47.077554Z", "fetched_at": "2025-07-14T18:39:31.792785+00:00", "symbol": "ADA-USD"}, {"trade_id": 143595873, "side": "sell", "size": "412.53674211", "price": "0.73380000", "time": "2025-07-14T18:36:47.077554Z", "fetched_at": "2025-07-14T18:39:31.792785+00:00", "symbol": "ADA-USD"}, {"trade_id": 143595872, "side": "sell", "size": "818.93797285", "price": "0.73380000", "time": "2025-07-14T18:36:47.077554Z", "fetched_at": "2025-07-14T18:39:31.792785+00:00", "symbol": "ADA-USD"}, {"trade_id": 143595871, "side": "sell", "size": "261.88293833", "price": "0.73380000", "time": "2025-07-14T18:36:47.077554Z", "fetched_at": "2025-07-14T18:39:31.792785+00:00", "symbol": "ADA-USD"}, {"trade_id": 143595870, "side": "sell", "size": "310.50000000", "price": "0.73370000", "time": "2025-07-14T18:36:47.077554Z", "fetched_at": "2025-07-14T18:39:31.792785+00:00", "symbol": "ADA-USD"}, {"trade_id": 143595869, "side": "sell", "size": "21.51068065", "price": "0.73370000", "time": "2025-07-14T18:36:47.077554Z", "fetched_at": "2025-07-14T18:39:31.792785+00:00", "symbol": "ADA-USD"}, {"trade_id": 143595868, "side": "sell", "size": "2.18366630", "price": "0.73360000", "time": "2025-07-14T18:36:46.873737Z", "fetched_at": "2025-07-14T18:39:31.792785+00:00", "symbol": "ADA-USD"}, {"trade_id": 143595867, "side": "sell", "size": "3.97366946", "price": "0.73360000", "time": "2025-07-14T18:36:45.219559Z", "fetched_at": "2025-07-14T18:39:31.792785+00:00", "symbol": "ADA-USD"}, {"trade_id": 143595866, "side": "sell", "size": "2085.59834734", "price": "0.73360000", "time": "2025-07-14T18:36:45.213658Z", "fetched_at": "2025-07-14T18:39:31.792785+00:00", "symbol": "ADA-USD"}, {"trade_id": 143595865, "side": "sell", "size": "1.50000000", "price": "0.73360000", "time": "2025-07-14T18:36:45.213658Z", "fetched_at": "2025-07-14T18:39:31.792785+00:00", "symbol": "ADA-USD"}, {"trade_id": 143595864, "side": "sell", "size": "21.51022075", "price": "0.73360000", "time": "2025-07-14T18:36:45.213658Z", "fetched_at": "2025-07-14T18:39:31.792785+00:00", "symbol": "ADA-USD"}, {"trade_id": 143595863, "side": "sell", "size": "817.10000000", "price": "0.73350000", "time": "2025-07-14T18:36:44.618431Z", "fetched_at": "2025-07-14T18:39:31.792785+00:00", "symbol": "ADA-USD"}, {"trade_id": 143595862, "side": "sell", "size": "1039.18939499", "price": "0.73340000", "time": "2025-07-14T18:36:44.318926Z", "fetched_at": "2025-07-14T18:39:31.792785+00:00", "symbol": "ADA-USD"}, {"trade_id": 143595861, "side": "sell", "size": "3861.71060501", "price": "0.73340000", "time": "2025-07-14T18:36:44.306643Z", "fetched_at": "2025-07-14T18:39:31.792785+00:00", "symbol": "ADA-USD"}, {"trade_id": 143595860, "side": "sell", "size": "8.64307550", "price": "0.73340000", "time": "2025-07-14T18:36:44.306643Z", "fetched_at": "2025-07-14T18:39:31.792785+00:00", "symbol": "ADA-USD"}, {"trade_id": 143595859, "side": "sell", "size": "261.88293833", "price": "0.73340000", "time": "2025-07-14T18:36:44.306643Z", "fetched_at": "2025-07-14T18:39:31.792785+00:00", "symbol": "ADA-USD"}, {"trade_id": 143595858, "side": "buy", "size": "1.50000000", "price": "0.73340000", "time": "2025-07-14T18:36:44.151116Z", "fetched_at": "2025-07-14T18:39:31.792785+00:00", "symbol": "ADA-USD"}, {"trade_id": 143595857, "side": "buy", "size": "1.02082483", "price": "0.73350000", "time": "2025-07-14T18:36:43.733127Z", "fetched_at": "2025-07-14T18:39:31.792785+00:00", "symbol": "ADA-USD"}, {"trade_id": 143595856, "side": "sell", "size": "491.79402104", "price": "0.73370000", "time": "2025-07-14T18:36:41.856392Z", "fetched_at": "2025-07-14T18:39:31.792785+00:00", "symbol": "ADA-USD"}, {"trade_id": 143595855, "side": "sell", "size": "50.00000000", "price": "0.73360000", "time": "2025-07-14T18:36:41.856392Z", "fetched_at": "2025-07-14T18:39:31.792785+00:00", "symbol": "ADA-USD"}, {"trade_id": 143595854, "side": "sell", "size": "261.88293833", "price": "0.73360000", "time": "2025-07-14T18:36:41.856392Z", "fetched_at": "2025-07-14T18:39:31.792785+00:00", "symbol": "ADA-USD"}, {"trade_id": 143595853, "side": "sell", "size": "13.02304063", "price": "0.73360000", "time": "2025-07-14T18:36:41.856392Z", "fetched_at": "2025-07-14T18:39:31.792785+00:00", "symbol": "ADA-USD"}, {"trade_id": 143595852, "side": "sell", "size": "261.88293833", "price": "0.73350000", "time": "2025-07-14T18:36:41.659658Z", "fetched_at": "2025-07-14T18:39:31.792785+00:00", "symbol": "ADA-USD"}, {"trade_id": 143595851, "side": "sell", "size": "0.00001330", "price": "0.73350000", "time": "2025-07-14T18:36:41.659658Z", "fetched_at": "2025-07-14T18:39:31.792785+00:00", "symbol": "ADA-USD"}, {"trade_id": 143595850, "side": "sell", "size": "43.02080167", "price": "0.73350000", "time": "2025-07-14T18:36:41.643318Z", "fetched_at": "2025-07-14T18:39:31.792785+00:00", "symbol": "ADA-USD"}, {"trade_id": 143595849, "side": "sell", "size": "261.88293833", "price": "0.73350000", "time": "2025-07-14T18:36:41.643318Z", "fetched_at": "2025-07-14T18:39:31.792785+00:00", "symbol": "ADA-USD"}, {"trade_id": 143595848, "side": "buy", "size": "50.00000000", "price": "0.73350000", "time": "2025-07-14T18:36:40.790488Z", "fetched_at": "2025-07-14T18:39:31.792785+00:00", "symbol": "ADA-USD"}, {"trade_id": 143595847, "side": "buy", "size": "2.02187017", "price": "0.73350000", "time": "2025-07-14T18:36:40.790488Z", "fetched_at": "2025-07-14T18:39:31.792785+00:00", "symbol": "ADA-USD"}, {"trade_id": 143595846, "side": "buy", "size": "624.72480545", "price": "0.73350000", "time": "2025-07-14T18:36:40.790488Z", "fetched_at": "2025-07-14T18:39:31.792785+00:00", "symbol": "ADA-USD"}, {"trade_id": 143595845, "side": "buy", "size": "1.50000000", "price": "0.73350000", "time": "2025-07-14T18:36:40.790488Z", "fetched_at": "2025-07-14T18:39:31.792785+00:00", "symbol": "ADA-USD"}, {"trade_id": 143595844, "side": "buy", "size": "1.50000000", "price": "0.73360000", "time": "2025-07-14T18:36:40.790488Z", "fetched_at": "2025-07-14T18:39:31.792785+00:00", "symbol": "ADA-USD"}, {"trade_id": 143595843, "side": "buy", "size": "6.00000000", "price": "0.73360000", "time": "2025-07-14T18:36:40.790488Z", "fetched_at": "2025-07-14T18:39:31.792785+00:00", "symbol": "ADA-USD"}, {"trade_id": 143595842, "side": "buy", "size": "1.50000000", "price": "0.73370000", "time": "2025-07-14T18:36:39.579907Z", "fetched_at": "2025-07-14T18:39:31.792785+00:00", "symbol": "ADA-USD"}, {"trade_id": 143595841, "side": "buy", "size": "1.50000000", "price": "0.73380000", "time": "2025-07-14T18:36:39.436323Z", "fetched_at": "2025-07-14T18:39:31.792785+00:00", "symbol": "ADA-USD"}, {"trade_id": 143595840, "side": "buy", "size": "0.00000752", "price": "0.73390000", "time": "2025-07-14T18:36:39.421204Z", "fetched_at": "2025-07-14T18:39:31.792785+00:00", "symbol": "ADA-USD"}, {"trade_id": 143595839, "side": "buy", "size": "10.57746408", "price": "0.73390000", "time": "2025-07-14T18:36:39.338546Z", "fetched_at": "2025-07-14T18:39:31.792785+00:00", "symbol": "ADA-USD"}, {"trade_id": 143595838, "side": "buy", "size": "1.50000000", "price": "0.73390000", "time": "2025-07-14T18:36:39.338546Z", "fetched_at": "2025-07-14T18:39:31.792785+00:00", "symbol": "ADA-USD"}, {"trade_id": 143595837, "side": "buy", "size": "77.70975592", "price": "0.73390000", "time": "2025-07-14T18:36:39.338546Z", "fetched_at": "2025-07-14T18:39:31.792785+00:00", "symbol": "ADA-USD"}, {"trade_id": 143595836, "side": "sell", "size": "301.13965496", "price": "0.73410000", "time": "2025-07-14T18:36:39.029724Z", "fetched_at": "2025-07-14T18:39:31.792785+00:00", "symbol": "ADA-USD"}, {"trade_id": 143595835, "side": "sell", "size": "1843.96408599", "price": "0.73410000", "time": "2025-07-14T18:36:39.029724Z", "fetched_at": "2025-07-14T18:39:31.792785+00:00", "symbol": "ADA-USD"}, {"trade_id": 143595834, "side": "sell", "size": "818.93797285", "price": "0.73410000", "time": "2025-07-14T18:36:39.029724Z", "fetched_at": "2025-07-14T18:39:31.792785+00:00", "symbol": "ADA-USD"}, {"trade_id": 143595833, "side": "sell", "size": "677.22828038", "price": "0.73410000", "time": "2025-07-14T18:36:39.029724Z", "fetched_at": "2025-07-14T18:39:31.792785+00:00", "symbol": "ADA-USD"}, {"trade_id": 143595832, "side": "sell", "size": "261.88293833", "price": "0.73410000", "time": "2025-07-14T18:36:39.029724Z", "fetched_at": "2025-07-14T18:39:31.792785+00:00", "symbol": "ADA-USD"}, {"trade_id": 143595831, "side": "sell", "size": "51.00306000", "price": "0.73400000", "time": "2025-07-14T18:36:39.029724Z", "fetched_at": "2025-07-14T18:39:31.792785+00:00", "symbol": "ADA-USD"}, {"trade_id": 143595830, "side": "sell", "size": "13.01066549", "price": "0.73400000", "time": "2025-07-14T18:36:39.029724Z", "fetched_at": "2025-07-14T18:39:31.792785+00:00", "symbol": "ADA-USD"}, {"trade_id": 143595829, "side": "sell", "size": "132.25149700", "price": "0.73400000", "time": "2025-07-14T18:36:38.333360Z", "fetched_at": "2025-07-14T18:39:31.792785+00:00", "symbol": "ADA-USD"}, {"trade_id": 143595828, "side": "buy", "size": "2.48500609", "price": "0.73400000", "time": "2025-07-14T18:36:38.204842Z", "fetched_at": "2025-07-14T18:39:31.792785+00:00", "symbol": "ADA-USD"}, {"trade_id": 143595827, "side": "buy", "size": "97.77540391", "price": "0.73400000", "time": "2025-07-14T18:36:38.204842Z", "fetched_at": "2025-07-14T18:39:31.792785+00:00", "symbol": "ADA-USD"}, {"trade_id": 143595826, "side": "buy", "size": "718.92459609", "price": "0.73400000", "time": "2025-07-14T18:36:38.200086Z", "fetched_at": "2025-07-14T18:39:31.792785+00:00", "symbol": "ADA-USD"}, {"trade_id": 143595825, "side": "buy", "size": "1.50000000", "price": "0.73400000", "time": "2025-07-14T18:36:38.200086Z", "fetched_at": "2025-07-14T18:39:31.792785+00:00", "symbol": "ADA-USD"}, {"trade_id": 143595824, "side": "buy", "size": "1.50000000", "price": "0.73410000", "time": "2025-07-14T18:36:37.854758Z", "fetched_at": "2025-07-14T18:39:31.792785+00:00", "symbol": "ADA-USD"}, {"trade_id": 143595823, "side": "sell", "size": "3.36918100", "price": "0.73430000", "time": "2025-07-14T18:36:36.976903Z", "fetched_at": "2025-07-14T18:39:31.792785+00:00", "symbol": "ADA-USD"}, {"trade_id": 143595822, "side": "sell", "size": "202.97684000", "price": "0.73420000", "time": "2025-07-14T18:36:36.837198Z", "fetched_at": "2025-07-14T18:39:31.792785+00:00", "symbol": "ADA-USD"}, {"trade_id": 143595821, "side": "buy", "size": "50.00000000", "price": "0.73420000", "time": "2025-07-14T18:36:36.831975Z", "fetched_at": "2025-07-14T18:39:31.792785+00:00", "symbol": "ADA-USD"}, {"trade_id": 143595820, "side": "buy", "size": "1.50000000", "price": "0.73420000", "time": "2025-07-14T18:36:36.831975Z", "fetched_at": "2025-07-14T18:39:31.792785+00:00", "symbol": "ADA-USD"}, {"trade_id": 143595819, "side": "buy", "size": "1.97119331", "price": "0.73430000", "time": "2025-07-14T18:36:36.831975Z", "fetched_at": "2025-07-14T18:39:31.792785+00:00", "symbol": "ADA-USD"}, {"trade_id": 143595818, "side": "buy", "size": "1.50000000", "price": "0.73430000", "time": "2025-07-14T18:36:36.831975Z", "fetched_at": "2025-07-14T18:39:31.792785+00:00", "symbol": "ADA-USD"}, {"trade_id": 143595817, "side": "sell", "size": "172.12015000", "price": "0.73440000", "time": "2025-07-14T18:36:36.150604Z", "fetched_at": "2025-07-14T18:39:31.792785+00:00", "symbol": "ADA-USD"}, {"trade_id": 143595816, "side": "sell", "size": "51.00306000", "price": "0.73440000", "time": "2025-07-14T18:36:36.150604Z", "fetched_at": "2025-07-14T18:39:31.792785+00:00", "symbol": "ADA-USD"}, {"trade_id": 143595815, "side": "sell", "size": "50.00000000", "price": "0.73440000", "time": "2025-07-14T18:36:36.150604Z", "fetched_at": "2025-07-14T18:39:31.792785+00:00", "symbol": "ADA-USD"}, {"trade_id": 143595814, "side": "sell", "size": "135.31789000", "price": "0.73440000", "time": "2025-07-14T18:36:36.150604Z", "fetched_at": "2025-07-14T18:39:31.792785+00:00", "symbol": "ADA-USD"}, {"trade_id": 143595813, "side": "buy", "size": "6.34451704", "price": "0.73440000", "time": "2025-07-14T18:36:34.655369Z", "fetched_at": "2025-07-14T18:39:31.792785+00:00", "symbol": "ADA-USD"}, {"trade_id": 143595812, "side": "buy", "size": "164.61059400", "price": "0.73440000", "time": "2025-07-14T18:36:33.372006Z", "fetched_at": "2025-07-14T18:39:31.792785+00:00", "symbol": "ADA-USD"}, {"trade_id": 143595811, "side": "buy", "size": "72.53492301", "price": "0.73440000", "time": "2025-07-14T18:36:32.000529Z", "fetched_at": "2025-07-14T18:39:31.792785+00:00", "symbol": "ADA-USD"}, {"trade_id": 143595810, "side": "buy", "size": "1.50000000", "price": "0.73440000", "time": "2025-07-14T18:36:32.000529Z", "fetched_at": "2025-07-14T18:39:31.792785+00:00", "symbol": "ADA-USD"}, {"trade_id": 143595809, "side": "buy", "size": "13.00800699", "price": "0.73450000", "time": "2025-07-14T18:36:32.000529Z", "fetched_at": "2025-07-14T18:39:31.792785+00:00", "symbol": "ADA-USD"}, {"trade_id": 143595808, "side": "buy", "size": "1.50000000", "price": "0.73450000", "time": "2025-07-14T18:36:32.000529Z", "fetched_at": "2025-07-14T18:39:31.792785+00:00", "symbol": "ADA-USD"}, {"trade_id": 143595807, "side": "sell", "size": "8.24490450", "price": "0.73470000", "time": "2025-07-14T18:36:31.474502Z", "fetched_at": "2025-07-14T18:39:31.792785+00:00", "symbol": "ADA-USD"}, {"trade_id": 143595806, "side": "sell", "size": "5.27542603", "price": "0.73460000", "time": "2025-07-14T18:36:31.474502Z", "fetched_at": "2025-07-14T18:39:31.792785+00:00", "symbol": "ADA-USD"}, {"trade_id": 143595805, "side": "sell", "size": "21.50960947", "price": "0.73460000", "time": "2025-07-14T18:36:31.474502Z", "fetched_at": "2025-07-14T18:39:31.792785+00:00", "symbol": "ADA-USD"}, {"trade_id": 143595804, "side": "sell", "size": "75.73939992", "price": "0.73460000", "time": "2025-07-14T18:36:30.645241Z", "fetched_at": "2025-07-14T18:39:31.792785+00:00", "symbol": "ADA-USD"}, {"trade_id": 143595803, "side": "sell", "size": "12.11449847", "price": "0.73460000", "time": "2025-07-14T18:36:30.645241Z", "fetched_at": "2025-07-14T18:39:31.792785+00:00", "symbol": "ADA-USD"}, {"trade_id": 143595802, "side": "sell", "size": "44.36283461", "price": "0.73460000", "time": "2025-07-14T18:36:30.645241Z", "fetched_at": "2025-07-14T18:39:31.792785+00:00", "symbol": "ADA-USD"}, {"trade_id": 143595801, "side": "buy", "size": "1.50000000", "price": "0.73460000", "time": "2025-07-14T18:36:28.215158Z", "fetched_at": "2025-07-14T18:39:31.792785+00:00", "symbol": "ADA-USD"}, {"trade_id": 143595800, "side": "buy", "size": "13.00446595", "price": "0.73470000", "time": "2025-07-14T18:36:27.339749Z", "fetched_at": "2025-07-14T18:39:31.792785+00:00", "symbol": "ADA-USD"}, {"trade_id": 143595799, "side": "buy", "size": "1.50000000", "price": "0.73470000", "time": "2025-07-14T18:36:27.339749Z", "fetched_at": "2025-07-14T18:39:31.792785+00:00", "symbol": "ADA-USD"}, {"trade_id": 143595798, "side": "buy", "size": "1.02013058", "price": "0.73470000", "time": "2025-07-14T18:36:27.339749Z", "fetched_at": "2025-07-14T18:39:31.792785+00:00", "symbol": "ADA-USD"}, {"trade_id": 143595797, "side": "sell", "size": "4.94657400", "price": "0.73500000", "time": "2025-07-14T18:36:25.868583Z", "fetched_at": "2025-07-14T18:39:31.792785+00:00", "symbol": "ADA-USD"}, {"trade_id": 143595796, "side": "sell", "size": "1.50000000", "price": "0.73500000", "time": "2025-07-14T18:36:25.868583Z", "fetched_at": "2025-07-14T18:39:31.792785+00:00", "symbol": "ADA-USD"}, {"trade_id": 143595795, "side": "buy", "size": "48.13261750", "price": "0.73490000", "time": "2025-07-14T18:36:25.281386Z", "fetched_at": "2025-07-14T18:39:31.792785+00:00", "symbol": "ADA-USD"}, {"trade_id": 143595794, "side": "sell", "size": "93.84069251", "price": "0.73490000", "time": "2025-07-14T18:36:25.264890Z", "fetched_at": "2025-07-14T18:39:31.792785+00:00", "symbol": "ADA-USD"}, {"trade_id": 143595793, "side": "sell", "size": "70.24174678", "price": "0.73490000", "time": "2025-07-14T18:36:25.253721Z", "fetched_at": "2025-07-14T18:39:31.792785+00:00", "symbol": "ADA-USD"}, {"trade_id": 143595792, "side": "sell", "size": "161.17317350", "price": "0.73490000", "time": "2025-07-14T18:36:25.244185Z", "fetched_at": "2025-07-14T18:39:31.792785+00:00", "symbol": "ADA-USD"}, {"trade_id": 143595791, "side": "sell", "size": "846.39120246", "price": "0.73490000", "time": "2025-07-14T18:36:25.232805Z", "fetched_at": "2025-07-14T18:39:31.792785+00:00", "symbol": "ADA-USD"}, {"trade_id": 143595790, "side": "sell", "size": "0.00000757", "price": "0.73480000", "time": "2025-07-14T18:36:25.232805Z", "fetched_at": "2025-07-14T18:39:31.792785+00:00", "symbol": "ADA-USD"}, {"trade_id": 143595789, "side": "sell", "size": "9.20104382", "price": "0.73480000", "time": "2025-07-14T18:36:25.177875Z", "fetched_at": "2025-07-14T18:39:31.792785+00:00", "symbol": "ADA-USD"}, {"trade_id": 143595788, "side": "sell", "size": "36.38436618", "price": "0.73480000", "time": "2025-07-14T18:36:25.177875Z", "fetched_at": "2025-07-14T18:39:31.792785+00:00", "symbol": "ADA-USD"}, {"trade_id": 143595787, "side": "sell", "size": "409.64140938", "price": "0.73490000", "time": "2025-07-14T18:36:24.476180Z", "fetched_at": "2025-07-14T18:39:31.792785+00:00", "symbol": "ADA-USD"}, {"trade_id": 143595786, "side": "sell", "size": "261.88293833", "price": "0.73490000", "time": "2025-07-14T18:36:24.476180Z", "fetched_at": "2025-07-14T18:39:31.792785+00:00", "symbol": "ADA-USD"}, {"trade_id": 143595785, "side": "sell", "size": "21.51056450", "price": "0.73490000", "time": "2025-07-14T18:36:24.476180Z", "fetched_at": "2025-07-14T18:39:31.792785+00:00", "symbol": "ADA-USD"}, {"trade_id": 143595784, "side": "sell", "size": "15.24798714", "price": "0.73480000", "time": "2025-07-14T18:36:24.476180Z", "fetched_at": "2025-07-14T18:39:31.792785+00:00", "symbol": "ADA-USD"}, {"trade_id": 143595783, "side": "sell", "size": "13.00180065", "price": "0.73480000", "time": "2025-07-14T18:36:24.476180Z", "fetched_at": "2025-07-14T18:39:31.792785+00:00", "symbol": "ADA-USD"}, {"trade_id": 143595782, "side": "buy", "size": "2.08451059", "price": "0.73470000", "time": "2025-07-14T18:36:23.344583Z", "fetched_at": "2025-07-14T18:39:31.792785+00:00", "symbol": "ADA-USD"}, {"trade_id": 143595781, "side": "buy", "size": "245.50820026", "price": "0.73460000", "time": "2025-07-14T18:36:22.807623Z", "fetched_at": "2025-07-14T18:39:31.792785+00:00", "symbol": "ADA-USD"}, {"trade_id": 143595780, "side": "buy", "size": "2.09269674", "price": "0.73470000", "time": "2025-07-14T18:36:22.807623Z", "fetched_at": "2025-07-14T18:39:31.792785+00:00", "symbol": "ADA-USD"}, {"trade_id": 143595779, "side": "sell", "size": "10.60091598", "price": "0.73480000", "time": "2025-07-14T18:36:21.825483Z", "fetched_at": "2025-07-14T18:39:31.792785+00:00", "symbol": "ADA-USD"}, {"trade_id": 143595778, "side": "sell", "size": "688.23127441", "price": "0.73480000", "time": "2025-07-14T18:36:21.813446Z", "fetched_at": "2025-07-14T18:39:31.792785+00:00", "symbol": "ADA-USD"}, {"trade_id": 143595777, "side": "buy", "size": "706.29262745", "price": "0.73440000", "time": "2025-07-14T18:36:21.566773Z", "fetched_at": "2025-07-14T18:39:31.792785+00:00", "symbol": "ADA-USD"}, {"trade_id": 143595776, "side": "buy", "size": "728.66950059", "price": "0.73450000", "time": "2025-07-14T18:36:21.566773Z", "fetched_at": "2025-07-14T18:39:31.792785+00:00", "symbol": "ADA-USD"}, {"trade_id": 143595775, "side": "buy", "size": "783.00112440", "price": "0.73450000", "time": "2025-07-14T18:36:21.566773Z", "fetched_at": "2025-07-14T18:39:31.792785+00:00", "symbol": "ADA-USD"}, {"trade_id": 143595774, "side": "buy", "size": "5513.44268680", "price": "0.73450000", "time": "2025-07-14T18:36:21.566773Z", "fetched_at": "2025-07-14T18:39:31.792785+00:00", "symbol": "ADA-USD"}, {"trade_id": 143595773, "side": "buy", "size": "1.50000000", "price": "0.73450000", "time": "2025-07-14T18:36:21.566773Z", "fetched_at": "2025-07-14T18:39:31.792785+00:00", "symbol": "ADA-USD"}, {"trade_id": 143595772, "side": "buy", "size": "860.52846644", "price": "0.73450000", "time": "2025-07-14T18:36:21.566773Z", "fetched_at": "2025-07-14T18:39:31.792785+00:00", "symbol": "ADA-USD"}, {"trade_id": 143595771, "side": "buy", "size": "818.93797285", "price": "0.73450000", "time": "2025-07-14T18:36:21.566773Z", "fetched_at": "2025-07-14T18:39:31.792785+00:00", "symbol": "ADA-USD"}, {"trade_id": 143595770, "side": "buy", "size": "1787.13289000", "price": "0.73450000", "time": "2025-07-14T18:36:21.566773Z", "fetched_at": "2025-07-14T18:39:31.792785+00:00", "symbol": "ADA-USD"}, {"trade_id": 143595769, "side": "buy", "size": "694.33043053", "price": "0.73460000", "time": "2025-07-14T18:36:21.566773Z", "fetched_at": "2025-07-14T18:39:31.792785+00:00", "symbol": "ADA-USD"}, {"trade_id": 143595768, "side": "buy", "size": "500.00000000", "price": "0.73460000", "time": "2025-07-14T18:36:21.566773Z", "fetched_at": "2025-07-14T18:39:31.792785+00:00", "symbol": "ADA-USD"}, {"trade_id": 143595767, "side": "buy", "size": "713.25935384", "price": "0.73460000", "time": "2025-07-14T18:36:21.566773Z", "fetched_at": "2025-07-14T18:39:31.792785+00:00", "symbol": "ADA-USD"}, {"trade_id": 143595766, "side": "buy", "size": "816.40000000", "price": "0.73460000", "time": "2025-07-14T18:36:21.566773Z", "fetched_at": "2025-07-14T18:39:31.792785+00:00", "symbol": "ADA-USD"}, {"trade_id": 143595765, "side": "buy", "size": "680.63178188", "price": "0.73460000", "time": "2025-07-14T18:36:21.566773Z", "fetched_at": "2025-07-14T18:39:31.792785+00:00", "symbol": "ADA-USD"}, {"trade_id": 143595764, "side": "buy", "size": "745.71563094", "price": "0.73460000", "time": "2025-07-14T18:36:21.566773Z", "fetched_at": "2025-07-14T18:39:31.792785+00:00", "symbol": "ADA-USD"}, {"trade_id": 143595763, "side": "buy", "size": "818.93797285", "price": "0.73460000", "time": "2025-07-14T18:36:21.566773Z", "fetched_at": "2025-07-14T18:39:31.792785+00:00", "symbol": "ADA-USD"}, {"trade_id": 143595762, "side": "buy", "size": "1.50000000", "price": "0.73460000", "time": "2025-07-14T18:36:21.566773Z", "fetched_at": "2025-07-14T18:39:31.792785+00:00", "symbol": "ADA-USD"}, {"trade_id": 143595761, "side": "buy", "size": "1787.45211000", "price": "0.73460000", "time": "2025-07-14T18:36:21.566773Z", "fetched_at": "2025-07-14T18:39:31.792785+00:00", "symbol": "ADA-USD"}, {"trade_id": 143595760, "side": "buy", "size": "2.70928743", "price": "0.73470000", "time": "2025-07-14T18:36:21.566773Z", "fetched_at": "2025-07-14T18:39:31.792785+00:00", "symbol": "ADA-USD"}, {"trade_id": 143595759, "side": "buy", "size": "1.50000000", "price": "0.73470000", "time": "2025-07-14T18:36:21.566773Z", "fetched_at": "2025-07-14T18:39:31.792785+00:00", "symbol": "ADA-USD"}, {"trade_id": 143595758, "side": "buy", "size": "8.44946717", "price": "0.73480000", "time": "2025-07-14T18:36:20.598228Z", "fetched_at": "2025-07-14T18:39:31.792785+00:00", "symbol": "ADA-USD"}, {"trade_id": 143595757, "side": "buy", "size": "1.50000000", "price": "0.73480000", "time": "2025-07-14T18:36:20.598228Z", "fetched_at": "2025-07-14T18:39:31.792785+00:00", "symbol": "ADA-USD"}, {"trade_id": 143595756, "side": "buy", "size": "68.39945000", "price": "0.73490000", "time": "2025-07-14T18:36:18.204092Z", "fetched_at": "2025-07-14T18:39:31.792785+00:00", "symbol": "ADA-USD"}, {"trade_id": 143595755, "side": "buy", "size": "19.86933316", "price": "0.73490000", "time": "2025-07-14T18:36:17.430731Z", "fetched_at": "2025-07-14T18:39:31.792785+00:00", "symbol": "ADA-USD"}, {"trade_id": 143595754, "side": "buy", "size": "13.00092684", "price": "0.73490000", "time": "2025-07-14T18:36:17.430731Z", "fetched_at": "2025-07-14T18:39:31.792785+00:00", "symbol": "ADA-USD"}, {"trade_id": 143595753, "side": "buy", "size": "50.00000000", "price": "0.73490000", "time": "2025-07-14T18:36:17.430731Z", "fetched_at": "2025-07-14T18:39:31.792785+00:00", "symbol": "ADA-USD"}, {"trade_id": 143595752, "side": "buy", "size": "1.50000000", "price": "0.73490000", "time": "2025-07-14T18:36:17.430731Z", "fetched_at": "2025-07-14T18:39:31.792785+00:00", "symbol": "ADA-USD"}, {"trade_id": 143595751, "side": "buy", "size": "816.00000000", "price": "0.73500000", "time": "2025-07-14T18:36:17.430731Z", "fetched_at": "2025-07-14T18:39:31.792785+00:00", "symbol": "ADA-USD"}, {"trade_id": 143595750, "side": "buy", "size": "10.00000000", "price": "0.73500000", "time": "2025-07-14T18:36:17.430731Z", "fetched_at": "2025-07-14T18:39:31.792785+00:00", "symbol": "ADA-USD"}, {"trade_id": 143595749, "side": "buy", "size": "1.50000000", "price": "0.73500000", "time": "2025-07-14T18:36:17.430731Z", "fetched_at": "2025-07-14T18:39:31.792785+00:00", "symbol": "ADA-USD"}, {"trade_id": 143595748, "side": "buy", "size": "1.50000000", "price": "0.73510000", "time": "2025-07-14T18:36:16.741484Z", "fetched_at": "2025-07-14T18:39:31.792785+00:00", "symbol": "ADA-USD"}, {"trade_id": 143595747, "side": "buy", "size": "1.01929872", "price": "0.73520000", "time": "2025-07-14T18:36:15.548095Z", "fetched_at": "2025-07-14T18:39:31.792785+00:00", "symbol": "ADA-USD"}, {"trade_id": 143595746, "side": "buy", "size": "1.50000000", "price": "0.73520000", "time": "2025-07-14T18:36:15.548095Z", "fetched_at": "2025-07-14T18:39:31.792785+00:00", "symbol": "ADA-USD"}, {"trade_id": 143595745, "side": "sell", "size": "77.45921799", "price": "0.73530000", "time": "2025-07-14T18:36:15.350559Z", "fetched_at": "2025-07-14T18:39:31.792785+00:00", "symbol": "ADA-USD"}, {"trade_id": 143595744, "side": "sell", "size": "50.00000000", "price": "0.73530000", "time": "2025-07-14T18:36:15.350559Z", "fetched_at": "2025-07-14T18:39:31.792785+00:00", "symbol": "ADA-USD"}, {"trade_id": 143595743, "side": "sell", "size": "310.50000000", "price": "0.73530000", "time": "2025-07-14T18:36:15.350559Z", "fetched_at": "2025-07-14T18:39:31.792785+00:00", "symbol": "ADA-USD"}, {"trade_id": 143595742, "side": "sell", "size": "2.85565381", "price": "0.73530000", "time": "2025-07-14T18:36:15.350559Z", "fetched_at": "2025-07-14T18:39:31.792785+00:00", "symbol": "ADA-USD"}, {"trade_id": 143595741, "side": "sell", "size": "8.64643843", "price": "0.73530000", "time": "2025-07-14T18:36:15.350559Z", "fetched_at": "2025-07-14T18:39:31.792785+00:00", "symbol": "ADA-USD"}, {"trade_id": 143595740, "side": "sell", "size": "26.53488977", "price": "0.73530000", "time": "2025-07-14T18:36:15.350559Z", "fetched_at": "2025-07-14T18:39:31.792785+00:00", "symbol": "ADA-USD"}, {"trade_id": 143595739, "side": "sell", "size": "193.98214140", "price": "0.73530000", "time": "2025-07-14T18:36:12.619485Z", "fetched_at": "2025-07-14T18:39:31.792785+00:00", "symbol": "ADA-USD"}, {"trade_id": 143595738, "side": "sell", "size": "8.03167519", "price": "0.73530000", "time": "2025-07-14T18:36:12.619485Z", "fetched_at": "2025-07-14T18:39:31.792785+00:00", "symbol": "ADA-USD"}, {"trade_id": 143595737, "side": "sell", "size": "310.50000000", "price": "0.73530000", "time": "2025-07-14T18:36:12.619485Z", "fetched_at": "2025-07-14T18:39:31.792785+00:00", "symbol": "ADA-USD"}, {"trade_id": 143595736, "side": "sell", "size": "135.31789000", "price": "0.73530000", "time": "2025-07-14T18:36:12.619485Z", "fetched_at": "2025-07-14T18:39:31.792785+00:00", "symbol": "ADA-USD"}, {"trade_id": 143595735, "side": "sell", "size": "48.23325249", "price": "0.73530000", "time": "2025-07-14T18:36:12.619485Z", "fetched_at": "2025-07-14T18:39:31.792785+00:00", "symbol": "ADA-USD"}, {"trade_id": 143595734, "side": "sell", "size": "50.00000000", "price": "0.73530000", "time": "2025-07-14T18:36:12.619485Z", "fetched_at": "2025-07-14T18:39:31.792785+00:00", "symbol": "ADA-USD"}, {"trade_id": 143595733, "side": "sell", "size": "18.63198092", "price": "0.73530000", "time": "2025-07-14T18:36:12.619485Z", "fetched_at": "2025-07-14T18:39:31.792785+00:00", "symbol": "ADA-USD"}, {"trade_id": 143595732, "side": "sell", "size": "51.00306000", "price": "0.73530000", "time": "2025-07-14T18:36:12.619485Z", "fetched_at": "2025-07-14T18:39:31.792785+00:00", "symbol": "ADA-USD"}, {"trade_id": 143595731, "side": "buy", "size": "12.99385439", "price": "0.73530000", "time": "2025-07-14T18:36:12.138281Z", "fetched_at": "2025-07-14T18:39:31.792785+00:00", "symbol": "ADA-USD"}, {"trade_id": 143595730, "side": "buy", "size": "1.50000000", "price": "0.73530000", "time": "2025-07-14T18:36:12.138281Z", "fetched_at": "2025-07-14T18:39:31.792785+00:00", "symbol": "ADA-USD"}, {"trade_id": 143595729, "side": "buy", "size": "10.00000000", "price": "0.73530000", "time": "2025-07-14T18:36:12.138281Z", "fetched_at": "2025-07-14T18:39:31.792785+00:00", "symbol": "ADA-USD"}, {"trade_id": 143595728, "side": "buy", "size": "1.50000000", "price": "0.73540000", "time": "2025-07-14T18:36:11.999794Z", "fetched_at": "2025-07-14T18:39:31.792785+00:00", "symbol": "ADA-USD"}, {"trade_id": 143595727, "side": "buy", "size": "0.00000323", "price": "0.73550000", "time": "2025-07-14T18:36:11.999794Z", "fetched_at": "2025-07-14T18:39:31.792785+00:00", "symbol": "ADA-USD"}, {"trade_id": 143595726, "side": "buy", "size": "1.49999677", "price": "0.73550000", "time": "2025-07-14T18:36:10.038172Z", "fetched_at": "2025-07-14T18:39:31.792785+00:00", "symbol": "ADA-USD"}, {"trade_id": 143595725, "side": "buy", "size": "10.00000000", "price": "0.73550000", "time": "2025-07-14T18:36:10.038172Z", "fetched_at": "2025-07-14T18:39:31.792785+00:00", "symbol": "ADA-USD"}, {"trade_id": 143595724, "side": "buy", "size": "26.98844323", "price": "0.73550000", "time": "2025-07-14T18:36:10.038172Z", "fetched_at": "2025-07-14T18:39:31.792785+00:00", "symbol": "ADA-USD"}, {"trade_id": 143595723, "side": "buy", "size": "498.06659200", "price": "0.73560000", "time": "2025-07-14T18:36:09.575920Z", "fetched_at": "2025-07-14T18:39:31.792785+00:00", "symbol": "ADA-USD"}, {"trade_id": 143595722, "side": "buy", "size": "1.50000000", "price": "0.73560000", "time": "2025-07-14T18:36:09.575920Z", "fetched_at": "2025-07-14T18:39:31.792785+00:00", "symbol": "ADA-USD"}, {"trade_id": 143595721, "side": "buy", "size": "1.50000000", "price": "0.73570000", "time": "2025-07-14T18:36:09.575920Z", "fetched_at": "2025-07-14T18:39:31.792785+00:00", "symbol": "ADA-USD"}, {"trade_id": 143595720, "side": "buy", "size": "1.01929872", "price": "0.73580000", "time": "2025-07-14T18:36:05.845408Z", "fetched_at": "2025-07-14T18:39:31.792785+00:00", "symbol": "ADA-USD"}, {"trade_id": 143595719, "side": "buy", "size": "1.50000000", "price": "0.73580000", "time": "2025-07-14T18:36:05.845408Z", "fetched_at": "2025-07-14T18:39:31.792785+00:00", "symbol": "ADA-USD"}, {"trade_id": 143595718, "side": "buy", "size": "1.50000000", "price": "0.73590000", "time": "2025-07-14T18:36:05.841258Z", "fetched_at": "2025-07-14T18:39:31.792785+00:00", "symbol": "ADA-USD"}, {"trade_id": 143595717, "side": "buy", "size": "501.06659200", "price": "0.73590000", "time": "2025-07-14T18:36:04.302268Z", "fetched_at": "2025-07-14T18:39:31.792785+00:00", "symbol": "ADA-USD"}, {"trade_id": 143595716, "side": "sell", "size": "12.55482668", "price": "0.73600000", "time": "2025-07-14T18:36:03.170839Z", "fetched_at": "2025-07-14T18:39:31.792785+00:00", "symbol": "ADA-USD"}, {"trade_id": 143595715, "side": "sell", "size": "708.35179298", "price": "0.73600000", "time": "2025-07-14T18:36:02.941469Z", "fetched_at": "2025-07-14T18:39:31.792785+00:00", "symbol": "ADA-USD"}, {"trade_id": 143595714, "side": "buy", "size": "319.28098871", "price": "0.73600000", "time": "2025-07-14T18:36:02.285737Z", "fetched_at": "2025-07-14T18:39:31.792785+00:00", "symbol": "ADA-USD"}, {"trade_id": 143595713, "side": "buy", "size": "616.64656019", "price": "0.73600000", "time": "2025-07-14T18:36:02.285737Z", "fetched_at": "2025-07-14T18:39:31.792785+00:00", "symbol": "ADA-USD"}, {"trade_id": 143595712, "side": "buy", "size": "710.92601949", "price": "0.73600000", "time": "2025-07-14T18:36:02.285737Z", "fetched_at": "2025-07-14T18:39:31.792785+00:00", "symbol": "ADA-USD"}, {"trade_id": 143595711, "side": "buy", "size": "804.33244547", "price": "0.73610000", "time": "2025-07-14T18:36:02.285737Z", "fetched_at": "2025-07-14T18:39:31.792785+00:00", "symbol": "ADA-USD"}, {"trade_id": 143595710, "side": "buy", "size": "51.00306000", "price": "0.73610000", "time": "2025-07-14T18:36:02.285737Z", "fetched_at": "2025-07-14T18:39:31.792785+00:00", "symbol": "ADA-USD"}, {"trade_id": 143595709, "side": "buy", "size": "500.00000000", "price": "0.73610000", "time": "2025-07-14T18:36:02.285737Z", "fetched_at": "2025-07-14T18:39:31.792785+00:00", "symbol": "ADA-USD"}, {"trade_id": 143595708, "side": "buy", "size": "29.95087896", "price": "0.73610000", "time": "2025-07-14T18:36:02.285737Z", "fetched_at": "2025-07-14T18:39:31.792785+00:00", "symbol": "ADA-USD"}, {"trade_id": 143595707, "side": "buy", "size": "70.72494518", "price": "0.73610000", "time": "2025-07-14T18:36:02.285737Z", "fetched_at": "2025-07-14T18:39:31.792785+00:00", "symbol": "ADA-USD"}, {"trade_id": 143595706, "side": "sell", "size": "31.50896700", "price": "0.73620000", "time": "2025-07-14T18:36:01.008691Z", "fetched_at": "2025-07-14T18:39:31.792785+00:00", "symbol": "ADA-USD"}, {"trade_id": 143595705, "side": "sell", "size": "1.50000000", "price": "0.73620000", "time": "2025-07-14T18:36:01.008691Z", "fetched_at": "2025-07-14T18:39:31.792785+00:00", "symbol": "ADA-USD"}, {"trade_id": 143595704, "side": "buy", "size": "68.39945000", "price": "0.73610000", "time": "2025-07-14T18:36:00.380918Z", "fetched_at": "2025-07-14T18:39:31.792785+00:00", "symbol": "ADA-USD"}, {"trade_id": 143595703, "side": "sell", "size": "1.61670884", "price": "0.73580000", "time": "2025-07-14T18:36:00.014684Z", "fetched_at": "2025-07-14T18:39:31.792785+00:00", "symbol": "ADA-USD"}, {"trade_id": 143595702, "side": "sell", "size": "1.69916952", "price": "0.73580000", "time": "2025-07-14T18:36:00.014684Z", "fetched_at": "2025-07-14T18:39:31.792785+00:00", "symbol": "ADA-USD"}, {"trade_id": 143595701, "side": "sell", "size": "43.02249300", "price": "0.73580000", "time": "2025-07-14T18:35:59.849405Z", "fetched_at": "2025-07-14T18:39:31.792785+00:00", "symbol": "ADA-USD"}, {"trade_id": 143595700, "side": "sell", "size": "0.00001700", "price": "0.73580000", "time": "2025-07-14T18:35:59.849405Z", "fetched_at": "2025-07-14T18:39:31.792785+00:00", "symbol": "ADA-USD"}, {"trade_id": 143595699, "side": "sell", "size": "64.53479108", "price": "0.73580000", "time": "2025-07-14T18:35:59.698306Z", "fetched_at": "2025-07-14T18:39:31.792785+00:00", "symbol": "ADA-USD"}, {"trade_id": 143595698, "side": "sell", "size": "2.58144892", "price": "0.73580000", "time": "2025-07-14T18:35:59.698306Z", "fetched_at": "2025-07-14T18:39:31.792785+00:00", "symbol": "ADA-USD"}, {"trade_id": 143595697, "side": "buy", "size": "1.01888330", "price": "0.73590000", "time": "2025-07-14T18:35:58.558802Z", "fetched_at": "2025-07-14T18:39:31.792785+00:00", "symbol": "ADA-USD"}, {"trade_id": 143595696, "side": "buy", "size": "2.44663800", "price": "0.73590000", "time": "2025-07-14T18:35:56.199918Z", "fetched_at": "2025-07-14T18:39:31.792785+00:00", "symbol": "ADA-USD"}, {"trade_id": 143595695, "side": "sell", "size": "5.47605890", "price": "0.73600000", "time": "2025-07-14T18:35:55.262245Z", "fetched_at": "2025-07-14T18:39:31.792785+00:00", "symbol": "ADA-USD"}, {"trade_id": 143595694, "side": "buy", "size": "151.98691300", "price": "0.73580000", "time": "2025-07-14T18:35:54.834788Z", "fetched_at": "2025-07-14T18:39:31.792785+00:00", "symbol": "ADA-USD"}, {"trade_id": 143595693, "side": "buy", "size": "1.50000000", "price": "0.73580000", "time": "2025-07-14T18:35:54.834788Z", "fetched_at": "2025-07-14T18:39:31.792785+00:00", "symbol": "ADA-USD"}, {"trade_id": 143595692, "side": "sell", "size": "131.82718600", "price": "0.73590000", "time": "2025-07-14T18:35:54.166318Z", "fetched_at": "2025-07-14T18:39:31.792785+00:00", "symbol": "ADA-USD"}, {"trade_id": 143595691, "side": "sell", "size": "54.42726822", "price": "0.73590000", "time": "2025-07-14T18:35:53.973517Z", "fetched_at": "2025-07-14T18:39:31.792785+00:00", "symbol": "ADA-USD"}, {"trade_id": 143595690, "side": "sell", "size": "12.72779878", "price": "0.73590000", "time": "2025-07-14T18:35:53.973517Z", "fetched_at": "2025-07-14T18:39:31.792785+00:00", "symbol": "ADA-USD"}, {"trade_id": 143595689, "side": "buy", "size": "1.50000000", "price": "0.73590000", "time": "2025-07-14T18:35:52.847492Z", "fetched_at": "2025-07-14T18:39:31.792785+00:00", "symbol": "ADA-USD"}, {"trade_id": 143595688, "side": "buy", "size": "1.50000000", "price": "0.73600000", "time": "2025-07-14T18:35:52.772005Z", "fetched_at": "2025-07-14T18:39:31.792785+00:00", "symbol": "ADA-USD"}, {"trade_id": 143595687, "side": "buy", "size": "6.11069268", "price": "0.73610000", "time": "2025-07-14T18:35:50.789507Z", "fetched_at": "2025-07-14T18:39:31.792785+00:00", "symbol": "ADA-USD"}, {"trade_id": 143595686, "side": "buy", "size": "813.43270411", "price": "0.73610000", "time": "2025-07-14T18:35:50.484797Z", "fetched_at": "2025-07-14T18:39:31.792785+00:00", "symbol": "ADA-USD"}, {"trade_id": 143595685, "side": "buy", "size": "1.50000000", "price": "0.73610000", "time": "2025-07-14T18:35:50.484797Z", "fetched_at": "2025-07-14T18:39:31.792785+00:00", "symbol": "ADA-USD"}, {"trade_id": 143595684, "side": "buy", "size": "12.97796948", "price": "0.73620000", "time": "2025-07-14T18:35:50.484797Z", "fetched_at": "2025-07-14T18:39:31.792785+00:00", "symbol": "ADA-USD"}, {"trade_id": 143595683, "side": "buy", "size": "1.50000000", "price": "0.73620000", "time": "2025-07-14T18:35:50.484797Z", "fetched_at": "2025-07-14T18:39:31.792785+00:00", "symbol": "ADA-USD"}, {"trade_id": 143595682, "side": "buy", "size": "815.00000000", "price": "0.73630000", "time": "2025-07-14T18:35:49.970400Z", "fetched_at": "2025-07-14T18:39:31.792785+00:00", "symbol": "ADA-USD"}, {"trade_id": 143595681, "side": "buy", "size": "1.50000000", "price": "0.73630000", "time": "2025-07-14T18:35:49.970400Z", "fetched_at": "2025-07-14T18:39:31.792785+00:00", "symbol": "ADA-USD"}, {"trade_id": 143595680, "side": "buy", "size": "1.50000000", "price": "0.73640000", "time": "2025-07-14T18:35:49.847325Z", "fetched_at": "2025-07-14T18:39:31.792785+00:00", "symbol": "ADA-USD"}, {"trade_id": 143595679, "side": "buy", "size": "1.50000000", "price": "0.73650000", "time": "2025-07-14T18:35:49.817385Z", "fetched_at": "2025-07-14T18:39:31.792785+00:00", "symbol": "ADA-USD"}, {"trade_id": 143595678, "side": "buy", "size": "1.50000000", "price": "0.73660000", "time": "2025-07-14T18:35:49.090722Z", "fetched_at": "2025-07-14T18:39:31.792785+00:00", "symbol": "ADA-USD"}, {"trade_id": 143595677, "side": "buy", "size": "1.50000000", "price": "0.73670000", "time": "2025-07-14T18:35:47.481946Z", "fetched_at": "2025-07-14T18:39:31.792785+00:00", "symbol": "ADA-USD"}, {"trade_id": 143595676, "side": "sell", "size": "64.53508341", "price": "0.73680000", "time": "2025-07-14T18:35:45.879033Z", "fetched_at": "2025-07-14T18:39:31.792785+00:00", "symbol": "ADA-USD"}