[{"trade_id": 143543460, "side": "buy", "size": "15.49986595", "price": "0.74600000", "time": "2025-07-14T12:42:28.676677Z", "fetched_at": "2025-07-14T12:42:30.630020+00:00", "symbol": "ADA-USD"}, {"trade_id": 143543459, "side": "buy", "size": "1.95773942", "price": "0.74600000", "time": "2025-07-14T12:42:24.141174Z", "fetched_at": "2025-07-14T12:42:30.630020+00:00", "symbol": "ADA-USD"}, {"trade_id": 143543458, "side": "buy", "size": "15.50160857", "price": "0.74600000", "time": "2025-07-14T12:42:24.141174Z", "fetched_at": "2025-07-14T12:42:30.630020+00:00", "symbol": "ADA-USD"}, {"trade_id": 143543457, "side": "buy", "size": "3.09502878", "price": "0.74620000", "time": "2025-07-14T12:42:21.184981Z", "fetched_at": "2025-07-14T12:42:30.630020+00:00", "symbol": "ADA-USD"}, {"trade_id": 143543456, "side": "sell", "size": "50.76013772", "price": "0.74630000", "time": "2025-07-14T12:42:21.043650Z", "fetched_at": "2025-07-14T12:42:30.630020+00:00", "symbol": "ADA-USD"}, {"trade_id": 143543455, "side": "sell", "size": "45.84099081", "price": "0.74630000", "time": "2025-07-14T12:42:21.043650Z", "fetched_at": "2025-07-14T12:42:30.630020+00:00", "symbol": "ADA-USD"}, {"trade_id": 143543454, "side": "sell", "size": "751.84234108", "price": "0.74630000", "time": "2025-07-14T12:42:21.043650Z", "fetched_at": "2025-07-14T12:42:30.630020+00:00", "symbol": "ADA-USD"}, {"trade_id": 143543453, "side": "sell", "size": "51.00306000", "price": "0.74630000", "time": "2025-07-14T12:42:21.043650Z", "fetched_at": "2025-07-14T12:42:30.630020+00:00", "symbol": "ADA-USD"}, {"trade_id": 143543452, "side": "sell", "size": "58.24898939", "price": "0.74630000", "time": "2025-07-14T12:42:21.043650Z", "fetched_at": "2025-07-14T12:42:30.630020+00:00", "symbol": "ADA-USD"}, {"trade_id": 143543451, "side": "sell", "size": "116.16675000", "price": "0.74630000", "time": "2025-07-14T12:42:21.043650Z", "fetched_at": "2025-07-14T12:42:30.630020+00:00", "symbol": "ADA-USD"}, {"trade_id": 143543450, "side": "sell", "size": "114.70391000", "price": "0.74630000", "time": "2025-07-14T12:42:21.043650Z", "fetched_at": "2025-07-14T12:42:30.630020+00:00", "symbol": "ADA-USD"}, {"trade_id": 143543449, "side": "sell", "size": "113.56989000", "price": "0.74630000", "time": "2025-07-14T12:42:21.043650Z", "fetched_at": "2025-07-14T12:42:30.630020+00:00", "symbol": "ADA-USD"}, {"trade_id": 143543448, "side": "buy", "size": "8.07760122", "price": "0.74630000", "time": "2025-07-14T12:42:20.587608Z", "fetched_at": "2025-07-14T12:42:30.630020+00:00", "symbol": "ADA-USD"}, {"trade_id": 143543447, "side": "sell", "size": "1.32382100", "price": "0.74640000", "time": "2025-07-14T12:42:18.053002Z", "fetched_at": "2025-07-14T12:42:30.630020+00:00", "symbol": "ADA-USD"}, {"trade_id": 143543446, "side": "buy", "size": "17.46764035", "price": "0.74630000", "time": "2025-07-14T12:42:17.177677Z", "fetched_at": "2025-07-14T12:42:30.630020+00:00", "symbol": "ADA-USD"}, {"trade_id": 143543445, "side": "buy", "size": "2.91030959", "price": "0.74630000", "time": "2025-07-14T12:42:17.177677Z", "fetched_at": "2025-07-14T12:42:30.630020+00:00", "symbol": "ADA-USD"}, {"trade_id": 143543444, "side": "sell", "size": "1.50000000", "price": "0.74640000", "time": "2025-07-14T12:42:15.231975Z", "fetched_at": "2025-07-14T12:42:30.630020+00:00", "symbol": "ADA-USD"}, {"trade_id": 143543443, "side": "sell", "size": "1.50000000", "price": "0.74620000", "time": "2025-07-14T12:42:14.918708Z", "fetched_at": "2025-07-14T12:42:30.630020+00:00", "symbol": "ADA-USD"}, {"trade_id": 143543442, "side": "sell", "size": "114.70391000", "price": "0.74610000", "time": "2025-07-14T12:42:14.280175Z", "fetched_at": "2025-07-14T12:42:30.630020+00:00", "symbol": "ADA-USD"}, {"trade_id": 143543441, "side": "buy", "size": "68.39945000", "price": "0.74610000", "time": "2025-07-14T12:42:14.265154Z", "fetched_at": "2025-07-14T12:42:30.630020+00:00", "symbol": "ADA-USD"}, {"trade_id": 143543440, "side": "sell", "size": "172.05586000", "price": "0.74610000", "time": "2025-07-14T12:42:14.255857Z", "fetched_at": "2025-07-14T12:42:30.630020+00:00", "symbol": "ADA-USD"}, {"trade_id": 143543439, "side": "sell", "size": "12.75180004", "price": "0.74610000", "time": "2025-07-14T12:42:14.241217Z", "fetched_at": "2025-07-14T12:42:30.630020+00:00", "symbol": "ADA-USD"}, {"trade_id": 143543438, "side": "sell", "size": "12.75180004", "price": "0.74600000", "time": "2025-07-14T12:42:14.177977Z", "fetched_at": "2025-07-14T12:42:30.630020+00:00", "symbol": "ADA-USD"}, {"trade_id": 143543437, "side": "sell", "size": "1047.75227536", "price": "0.74600000", "time": "2025-07-14T12:42:14.155092Z", "fetched_at": "2025-07-14T12:42:30.630020+00:00", "symbol": "ADA-USD"}, {"trade_id": 143543436, "side": "sell", "size": "50.00000000", "price": "0.74600000", "time": "2025-07-14T12:42:14.155092Z", "fetched_at": "2025-07-14T12:42:30.630020+00:00", "symbol": "ADA-USD"}, {"trade_id": 143543435, "side": "sell", "size": "114.70391000", "price": "0.74590000", "time": "2025-07-14T12:42:14.155092Z", "fetched_at": "2025-07-14T12:42:30.630020+00:00", "symbol": "ADA-USD"}, {"trade_id": 143543434, "side": "sell", "size": "13.02492000", "price": "0.74590000", "time": "2025-07-14T12:42:13.078583Z", "fetched_at": "2025-07-14T12:42:30.630020+00:00", "symbol": "ADA-USD"}, {"trade_id": 143543433, "side": "buy", "size": "244.64923547", "price": "0.74560000", "time": "2025-07-14T12:42:12.341588Z", "fetched_at": "2025-07-14T12:42:30.630020+00:00", "symbol": "ADA-USD"}, {"trade_id": 143543432, "side": "buy", "size": "1.50000000", "price": "0.74560000", "time": "2025-07-14T12:42:12.341588Z", "fetched_at": "2025-07-14T12:42:30.630020+00:00", "symbol": "ADA-USD"}, {"trade_id": 143543431, "side": "buy", "size": "1.50000000", "price": "0.74570000", "time": "2025-07-14T12:42:12.341588Z", "fetched_at": "2025-07-14T12:42:30.630020+00:00", "symbol": "ADA-USD"}, {"trade_id": 143543430, "side": "buy", "size": "13.53432555", "price": "0.74580000", "time": "2025-07-14T12:42:11.504265Z", "fetched_at": "2025-07-14T12:42:30.630020+00:00", "symbol": "ADA-USD"}, {"trade_id": 143543429, "side": "buy", "size": "1.50000000", "price": "0.74580000", "time": "2025-07-14T12:42:11.504265Z", "fetched_at": "2025-07-14T12:42:30.630020+00:00", "symbol": "ADA-USD"}, {"trade_id": 143543428, "side": "buy", "size": "30.99289448", "price": "0.74590000", "time": "2025-07-14T12:42:11.244184Z", "fetched_at": "2025-07-14T12:42:30.630020+00:00", "symbol": "ADA-USD"}, {"trade_id": 143543427, "side": "buy", "size": "1.50000000", "price": "0.74590000", "time": "2025-07-14T12:42:11.244184Z", "fetched_at": "2025-07-14T12:42:30.630020+00:00", "symbol": "ADA-USD"}, {"trade_id": 143543426, "side": "buy", "size": "31.02010723", "price": "0.74600000", "time": "2025-07-14T12:42:07.288284Z", "fetched_at": "2025-07-14T12:42:30.630020+00:00", "symbol": "ADA-USD"}, {"trade_id": 143543425, "side": "buy", "size": "1.50000000", "price": "0.74600000", "time": "2025-07-14T12:42:07.288284Z", "fetched_at": "2025-07-14T12:42:30.630020+00:00", "symbol": "ADA-USD"}, {"trade_id": 143543424, "side": "buy", "size": "1.41134311", "price": "0.74610000", "time": "2025-07-14T12:42:07.018006Z", "fetched_at": "2025-07-14T12:42:30.630020+00:00", "symbol": "ADA-USD"}, {"trade_id": 143543423, "side": "buy", "size": "1.39882099", "price": "0.74610000", "time": "2025-07-14T12:42:06.608361Z", "fetched_at": "2025-07-14T12:42:30.630020+00:00", "symbol": "ADA-USD"}, {"trade_id": 143543422, "side": "sell", "size": "114.70391000", "price": "0.74610000", "time": "2025-07-14T12:42:05.830012Z", "fetched_at": "2025-07-14T12:42:30.630020+00:00", "symbol": "ADA-USD"}, {"trade_id": 143543421, "side": "buy", "size": "1.59155532", "price": "0.74610000", "time": "2025-07-14T12:42:05.822409Z", "fetched_at": "2025-07-14T12:42:30.630020+00:00", "symbol": "ADA-USD"}, {"trade_id": 143543420, "side": "buy", "size": "1.90152309", "price": "0.74620000", "time": "2025-07-14T12:42:01.976668Z", "fetched_at": "2025-07-14T12:42:30.630020+00:00", "symbol": "ADA-USD"}, {"trade_id": 143543419, "side": "sell", "size": "19.91150400", "price": "0.74610000", "time": "2025-07-14T12:42:01.231858Z", "fetched_at": "2025-07-14T12:42:30.630020+00:00", "symbol": "ADA-USD"}, {"trade_id": 143543418, "side": "sell", "size": "170.35484000", "price": "0.74610000", "time": "2025-07-14T12:42:01.122577Z", "fetched_at": "2025-07-14T12:42:30.630020+00:00", "symbol": "ADA-USD"}, {"trade_id": 143543417, "side": "buy", "size": "1.50000000", "price": "0.74610000", "time": "2025-07-14T12:42:01.115919Z", "fetched_at": "2025-07-14T12:42:30.630020+00:00", "symbol": "ADA-USD"}, {"trade_id": 143543416, "side": "buy", "size": "298.50000000", "price": "0.74610000", "time": "2025-07-14T12:42:01.115795Z", "fetched_at": "2025-07-14T12:42:30.630020+00:00", "symbol": "ADA-USD"}, {"trade_id": 143543415, "side": "buy", "size": "1.50000000", "price": "0.74610000", "time": "2025-07-14T12:42:01.115795Z", "fetched_at": "2025-07-14T12:42:30.630020+00:00", "symbol": "ADA-USD"}, {"trade_id": 143543414, "side": "buy", "size": "1.66225998", "price": "0.74620000", "time": "2025-07-14T12:42:01.115795Z", "fetched_at": "2025-07-14T12:42:30.630020+00:00", "symbol": "ADA-USD"}, {"trade_id": 143543413, "side": "buy", "size": "1.79696995", "price": "0.74620000", "time": "2025-07-14T12:42:01.048612Z", "fetched_at": "2025-07-14T12:42:30.630020+00:00", "symbol": "ADA-USD"}, {"trade_id": 143543412, "side": "buy", "size": "1.50000000", "price": "0.74620000", "time": "2025-07-14T12:42:01.048612Z", "fetched_at": "2025-07-14T12:42:30.630020+00:00", "symbol": "ADA-USD"}, {"trade_id": 143543411, "side": "buy", "size": "1.50000000", "price": "0.74630000", "time": "2025-07-14T12:42:00.582065Z", "fetched_at": "2025-07-14T12:42:30.630020+00:00", "symbol": "ADA-USD"}, {"trade_id": 143543410, "side": "buy", "size": "1.50000000", "price": "0.74640000", "time": "2025-07-14T12:42:00.483857Z", "fetched_at": "2025-07-14T12:42:30.630020+00:00", "symbol": "ADA-USD"}, {"trade_id": 143543409, "side": "buy", "size": "30.96664434", "price": "0.74650000", "time": "2025-07-14T12:42:00.392Z", "fetched_at": "2025-07-14T12:42:30.630020+00:00", "symbol": "ADA-USD"}, {"trade_id": 143543408, "side": "sell", "size": "170.35484000", "price": "0.74660000", "time": "2025-07-14T12:41:59.411582Z", "fetched_at": "2025-07-14T12:42:30.630020+00:00", "symbol": "ADA-USD"}, {"trade_id": 143543407, "side": "buy", "size": "685.46393168", "price": "0.74660000", "time": "2025-07-14T12:41:59.402254Z", "fetched_at": "2025-07-14T12:42:30.630020+00:00", "symbol": "ADA-USD"}, {"trade_id": 143543406, "side": "buy", "size": "669.68971826", "price": "0.74660000", "time": "2025-07-14T12:41:59.402254Z", "fetched_at": "2025-07-14T12:42:30.630020+00:00", "symbol": "ADA-USD"}, {"trade_id": 143543405, "side": "buy", "size": "39.73313353", "price": "0.74660000", "time": "2025-07-14T12:41:59.402254Z", "fetched_at": "2025-07-14T12:42:30.630020+00:00", "symbol": "ADA-USD"}, {"trade_id": 143543404, "side": "buy", "size": "12.41162429", "price": "0.74670000", "time": "2025-07-14T12:41:59.402254Z", "fetched_at": "2025-07-14T12:42:30.630020+00:00", "symbol": "ADA-USD"}, {"trade_id": 143543403, "side": "sell", "size": "8.49560927", "price": "0.74660000", "time": "2025-07-14T12:41:58.280674Z", "fetched_at": "2025-07-14T12:42:30.630020+00:00", "symbol": "ADA-USD"}, {"trade_id": 143543402, "side": "sell", "size": "115.95294635", "price": "0.74660000", "time": "2025-07-14T12:41:55.868591Z", "fetched_at": "2025-07-14T12:42:30.630020+00:00", "symbol": "ADA-USD"}, {"trade_id": 143543401, "side": "sell", "size": "1.50000000", "price": "0.74660000", "time": "2025-07-14T12:41:55.868591Z", "fetched_at": "2025-07-14T12:42:30.630020+00:00", "symbol": "ADA-USD"}, {"trade_id": 143543400, "side": "sell", "size": "12.74319465", "price": "0.74650000", "time": "2025-07-14T12:41:55.868591Z", "fetched_at": "2025-07-14T12:42:30.630020+00:00", "symbol": "ADA-USD"}, {"trade_id": 143543399, "side": "sell", "size": "86.37536134", "price": "0.74640000", "time": "2025-07-14T12:41:55.222359Z", "fetched_at": "2025-07-14T12:42:30.630020+00:00", "symbol": "ADA-USD"}, {"trade_id": 143543398, "side": "sell", "size": "1023.62463866", "price": "0.74640000", "time": "2025-07-14T12:41:55.174834Z", "fetched_at": "2025-07-14T12:42:30.630020+00:00", "symbol": "ADA-USD"}, {"trade_id": 143543397, "side": "buy", "size": "1.51684935", "price": "0.74630000", "time": "2025-07-14T12:41:48.945525Z", "fetched_at": "2025-07-14T12:42:30.630020+00:00", "symbol": "ADA-USD"}, {"trade_id": 143543396, "side": "buy", "size": "6.47101988", "price": "0.74640000", "time": "2025-07-14T12:41:47.990038Z", "fetched_at": "2025-07-14T12:42:30.630020+00:00", "symbol": "ADA-USD"}, {"trade_id": 143543395, "side": "sell", "size": "15.09292000", "price": "0.74640000", "time": "2025-07-14T12:41:43.784349Z", "fetched_at": "2025-07-14T12:42:30.630020+00:00", "symbol": "ADA-USD"}, {"trade_id": 143543394, "side": "sell", "size": "1.50000000", "price": "0.74640000", "time": "2025-07-14T12:41:43.784349Z", "fetched_at": "2025-07-14T12:42:30.630020+00:00", "symbol": "ADA-USD"}, {"trade_id": 143543393, "side": "buy", "size": "15.49008308", "price": "0.74620000", "time": "2025-07-14T12:41:43.783451Z", "fetched_at": "2025-07-14T12:42:30.630020+00:00", "symbol": "ADA-USD"}, {"trade_id": 143543392, "side": "buy", "size": "12.74421333", "price": "0.74630000", "time": "2025-07-14T12:41:43.783451Z", "fetched_at": "2025-07-14T12:42:30.630020+00:00", "symbol": "ADA-USD"}, {"trade_id": 143543391, "side": "sell", "size": "4.79350958", "price": "0.74630000", "time": "2025-07-14T12:41:41.889775Z", "fetched_at": "2025-07-14T12:42:30.630020+00:00", "symbol": "ADA-USD"}, {"trade_id": 143543390, "side": "sell", "size": "1.50000000", "price": "0.74630000", "time": "2025-07-14T12:41:41.889775Z", "fetched_at": "2025-07-14T12:42:30.630020+00:00", "symbol": "ADA-USD"}, {"trade_id": 143543389, "side": "buy", "size": "5.73850800", "price": "0.74620000", "time": "2025-07-14T12:41:41.643107Z", "fetched_at": "2025-07-14T12:42:30.630020+00:00", "symbol": "ADA-USD"}, {"trade_id": 143543388, "side": "sell", "size": "4.25556842", "price": "0.74620000", "time": "2025-07-14T12:41:41.270417Z", "fetched_at": "2025-07-14T12:42:30.630020+00:00", "symbol": "ADA-USD"}, {"trade_id": 143543387, "side": "sell", "size": "1.50000000", "price": "0.74620000", "time": "2025-07-14T12:41:41.270417Z", "fetched_at": "2025-07-14T12:42:30.630020+00:00", "symbol": "ADA-USD"}, {"trade_id": 143543386, "side": "sell", "size": "1.50000000", "price": "0.74610000", "time": "2025-07-14T12:41:41.216164Z", "fetched_at": "2025-07-14T12:42:30.630020+00:00", "symbol": "ADA-USD"}, {"trade_id": 143543385, "side": "sell", "size": "792.28959173", "price": "0.74610000", "time": "2025-07-14T12:41:41.216164Z", "fetched_at": "2025-07-14T12:42:30.630020+00:00", "symbol": "ADA-USD"}, {"trade_id": 143543384, "side": "sell", "size": "428.15067299", "price": "0.74610000", "time": "2025-07-14T12:41:41.215993Z", "fetched_at": "2025-07-14T12:42:30.630020+00:00", "symbol": "ADA-USD"}, {"trade_id": 143543383, "side": "sell", "size": "51.00306000", "price": "0.74610000", "time": "2025-07-14T12:41:41.213172Z", "fetched_at": "2025-07-14T12:42:30.630020+00:00", "symbol": "ADA-USD"}, {"trade_id": 143543382, "side": "sell", "size": "3740.62249875", "price": "0.74610000", "time": "2025-07-14T12:41:41.209636Z", "fetched_at": "2025-07-14T12:42:30.630020+00:00", "symbol": "ADA-USD"}, {"trade_id": 143543381, "side": "sell", "size": "6241.02395281", "price": "0.74610000", "time": "2025-07-14T12:41:41.209400Z", "fetched_at": "2025-07-14T12:42:30.630020+00:00", "symbol": "ADA-USD"}, {"trade_id": 143543380, "side": "sell", "size": "214.05243551", "price": "0.74610000", "time": "2025-07-14T12:41:41.192043Z", "fetched_at": "2025-07-14T12:42:30.630020+00:00", "symbol": "ADA-USD"}, {"trade_id": 143543379, "side": "sell", "size": "343.83410192", "price": "0.74610000", "time": "2025-07-14T12:41:41.159794Z", "fetched_at": "2025-07-14T12:42:30.630020+00:00", "symbol": "ADA-USD"}, {"trade_id": 143543378, "side": "sell", "size": "302.63530912", "price": "0.74610000", "time": "2025-07-14T12:41:41.119049Z", "fetched_at": "2025-07-14T12:42:30.630020+00:00", "symbol": "ADA-USD"}, {"trade_id": 143543377, "side": "sell", "size": "243.89756791", "price": "0.74610000", "time": "2025-07-14T12:41:41.093910Z", "fetched_at": "2025-07-14T12:42:30.630020+00:00", "symbol": "ADA-USD"}, {"trade_id": 143543376, "side": "sell", "size": "203.63901162", "price": "0.74610000", "time": "2025-07-14T12:41:41.057751Z", "fetched_at": "2025-07-14T12:42:30.630020+00:00", "symbol": "ADA-USD"}, {"trade_id": 143543375, "side": "sell", "size": "130.51204544", "price": "0.74610000", "time": "2025-07-14T12:41:41.017647Z", "fetched_at": "2025-07-14T12:42:30.630020+00:00", "symbol": "ADA-USD"}, {"trade_id": 143543374, "side": "sell", "size": "145.09617102", "price": "0.74610000", "time": "2025-07-14T12:41:40.971098Z", "fetched_at": "2025-07-14T12:42:30.630020+00:00", "symbol": "ADA-USD"}, {"trade_id": 143543373, "side": "sell", "size": "163.34390660", "price": "0.74610000", "time": "2025-07-14T12:41:40.949790Z", "fetched_at": "2025-07-14T12:42:30.630020+00:00", "symbol": "ADA-USD"}, {"trade_id": 143543372, "side": "sell", "size": "138.27189036", "price": "0.74610000", "time": "2025-07-14T12:41:40.915699Z", "fetched_at": "2025-07-14T12:42:30.630020+00:00", "symbol": "ADA-USD"}, {"trade_id": 143543371, "side": "sell", "size": "233.59353555", "price": "0.74610000", "time": "2025-07-14T12:41:40.839400Z", "fetched_at": "2025-07-14T12:42:30.630020+00:00", "symbol": "ADA-USD"}, {"trade_id": 143543370, "side": "sell", "size": "244.62685000", "price": "0.74610000", "time": "2025-07-14T12:41:40.826720Z", "fetched_at": "2025-07-14T12:42:30.630020+00:00", "symbol": "ADA-USD"}, {"trade_id": 143543369, "side": "sell", "size": "347.45361487", "price": "0.74610000", "time": "2025-07-14T12:41:40.818900Z", "fetched_at": "2025-07-14T12:42:30.630020+00:00", "symbol": "ADA-USD"}, {"trade_id": 143543368, "side": "sell", "size": "769.83851774", "price": "0.74610000", "time": "2025-07-14T12:41:40.806311Z", "fetched_at": "2025-07-14T12:42:30.630020+00:00", "symbol": "ADA-USD"}, {"trade_id": 143543367, "side": "sell", "size": "1.50000000", "price": "0.74600000", "time": "2025-07-14T12:41:39.785531Z", "fetched_at": "2025-07-14T12:42:30.630020+00:00", "symbol": "ADA-USD"}, {"trade_id": 143543366, "side": "sell", "size": "51.37209000", "price": "0.74590000", "time": "2025-07-14T12:41:39.691677Z", "fetched_at": "2025-07-14T12:42:30.630020+00:00", "symbol": "ADA-USD"}, {"trade_id": 143543365, "side": "sell", "size": "6.49023528", "price": "0.74590000", "time": "2025-07-14T12:41:39.219055Z", "fetched_at": "2025-07-14T12:42:30.630020+00:00", "symbol": "ADA-USD"}, {"trade_id": 143543364, "side": "sell", "size": "114.70391000", "price": "0.74590000", "time": "2025-07-14T12:41:39.219055Z", "fetched_at": "2025-07-14T12:42:30.630020+00:00", "symbol": "ADA-USD"}, {"trade_id": 143543363, "side": "sell", "size": "11.56701872", "price": "0.74590000", "time": "2025-07-14T12:41:39.219055Z", "fetched_at": "2025-07-14T12:42:30.630020+00:00", "symbol": "ADA-USD"}, {"trade_id": 143543362, "side": "sell", "size": "0.66558600", "price": "0.74590000", "time": "2025-07-14T12:41:38.413220Z", "fetched_at": "2025-07-14T12:42:30.630020+00:00", "symbol": "ADA-USD"}, {"trade_id": 143543361, "side": "buy", "size": "35.85348137", "price": "0.74580000", "time": "2025-07-14T12:41:36.278664Z", "fetched_at": "2025-07-14T12:42:30.630020+00:00", "symbol": "ADA-USD"}, {"trade_id": 143543360, "side": "sell", "size": "12.75430365", "price": "0.74590000", "time": "2025-07-14T12:41:36.255217Z", "fetched_at": "2025-07-14T12:42:30.630020+00:00", "symbol": "ADA-USD"}, {"trade_id": 143543359, "side": "sell", "size": "1.50000000", "price": "0.74590000", "time": "2025-07-14T12:41:36.255217Z", "fetched_at": "2025-07-14T12:42:30.630020+00:00", "symbol": "ADA-USD"}, {"trade_id": 143543358, "side": "sell", "size": "0.00000550", "price": "0.74580000", "time": "2025-07-14T12:41:36.210835Z", "fetched_at": "2025-07-14T12:42:30.630020+00:00", "symbol": "ADA-USD"}, {"trade_id": 143543357, "side": "sell", "size": "35.04881000", "price": "0.74580000", "time": "2025-07-14T12:41:36.208687Z", "fetched_at": "2025-07-14T12:42:30.630020+00:00", "symbol": "ADA-USD"}, {"trade_id": 143543356, "side": "sell", "size": "1.50000000", "price": "0.74580000", "time": "2025-07-14T12:41:36.208687Z", "fetched_at": "2025-07-14T12:42:30.630020+00:00", "symbol": "ADA-USD"}, {"trade_id": 143543355, "side": "sell", "size": "114.70391000", "price": "0.74570000", "time": "2025-07-14T12:41:35.475361Z", "fetched_at": "2025-07-14T12:42:30.630020+00:00", "symbol": "ADA-USD"}, {"trade_id": 143543354, "side": "sell", "size": "114.70391000", "price": "0.74570000", "time": "2025-07-14T12:41:35.357928Z", "fetched_at": "2025-07-14T12:42:30.630020+00:00", "symbol": "ADA-USD"}, {"trade_id": 143543353, "side": "sell", "size": "114.70391000", "price": "0.74570000", "time": "2025-07-14T12:41:35.334966Z", "fetched_at": "2025-07-14T12:42:30.630020+00:00", "symbol": "ADA-USD"}, {"trade_id": 143543352, "side": "sell", "size": "114.70391000", "price": "0.74570000", "time": "2025-07-14T12:41:35.312979Z", "fetched_at": "2025-07-14T12:42:30.630020+00:00", "symbol": "ADA-USD"}, {"trade_id": 143543351, "side": "sell", "size": "172.05586000", "price": "0.74570000", "time": "2025-07-14T12:41:34.302858Z", "fetched_at": "2025-07-14T12:42:30.630020+00:00", "symbol": "ADA-USD"}, {"trade_id": 143543350, "side": "sell", "size": "1.50000000", "price": "0.74570000", "time": "2025-07-14T12:41:34.199672Z", "fetched_at": "2025-07-14T12:42:30.630020+00:00", "symbol": "ADA-USD"}, {"trade_id": 143543349, "side": "buy", "size": "68.39945000", "price": "0.74560000", "time": "2025-07-14T12:41:34.176138Z", "fetched_at": "2025-07-14T12:42:30.630020+00:00", "symbol": "ADA-USD"}, {"trade_id": 143543348, "side": "buy", "size": "1.50000000", "price": "0.74540000", "time": "2025-07-14T12:41:33.125375Z", "fetched_at": "2025-07-14T12:42:30.630020+00:00", "symbol": "ADA-USD"}, {"trade_id": 143543347, "side": "buy", "size": "15.50462776", "price": "0.74550000", "time": "2025-07-14T12:41:32.760761Z", "fetched_at": "2025-07-14T12:42:30.630020+00:00", "symbol": "ADA-USD"}, {"trade_id": 143543346, "side": "buy", "size": "1.50000000", "price": "0.74550000", "time": "2025-07-14T12:41:32.760761Z", "fetched_at": "2025-07-14T12:42:30.630020+00:00", "symbol": "ADA-USD"}, {"trade_id": 143543345, "side": "sell", "size": "63.51593900", "price": "0.74570000", "time": "2025-07-14T12:41:31.393832Z", "fetched_at": "2025-07-14T12:42:30.630020+00:00", "symbol": "ADA-USD"}, {"trade_id": 143543344, "side": "buy", "size": "404.66622000", "price": "0.74560000", "time": "2025-07-14T12:41:30.304959Z", "fetched_at": "2025-07-14T12:42:30.630020+00:00", "symbol": "ADA-USD"}, {"trade_id": 143543343, "side": "buy", "size": "1.50000000", "price": "0.74560000", "time": "2025-07-14T12:41:30.304959Z", "fetched_at": "2025-07-14T12:42:30.630020+00:00", "symbol": "ADA-USD"}, {"trade_id": 143543342, "side": "buy", "size": "16.17272361", "price": "0.74570000", "time": "2025-07-14T12:41:28.776766Z", "fetched_at": "2025-07-14T12:42:30.630020+00:00", "symbol": "ADA-USD"}, {"trade_id": 143543341, "side": "buy", "size": "1.50000000", "price": "0.74570000", "time": "2025-07-14T12:41:28.776766Z", "fetched_at": "2025-07-14T12:42:30.630020+00:00", "symbol": "ADA-USD"}, {"trade_id": 143543340, "side": "buy", "size": "3352.93309675", "price": "0.74580000", "time": "2025-07-14T12:41:25.971236Z", "fetched_at": "2025-07-14T12:42:30.630020+00:00", "symbol": "ADA-USD"}, {"trade_id": 143543339, "side": "buy", "size": "669.32338913", "price": "0.74580000", "time": "2025-07-14T12:41:25.926802Z", "fetched_at": "2025-07-14T12:42:30.630020+00:00", "symbol": "ADA-USD"}, {"trade_id": 143543338, "side": "buy", "size": "1.50000000", "price": "0.74580000", "time": "2025-07-14T12:41:25.926802Z", "fetched_at": "2025-07-14T12:42:30.630020+00:00", "symbol": "ADA-USD"}, {"trade_id": 143543337, "side": "buy", "size": "1.50000000", "price": "0.74590000", "time": "2025-07-14T12:41:25.926802Z", "fetched_at": "2025-07-14T12:42:30.630020+00:00", "symbol": "ADA-USD"}, {"trade_id": 143543336, "side": "buy", "size": "889.12934128", "price": "0.74600000", "time": "2025-07-14T12:41:25.786551Z", "fetched_at": "2025-07-14T12:42:30.630020+00:00", "symbol": "ADA-USD"}, {"trade_id": 143543335, "side": "buy", "size": "404.66555154", "price": "0.74600000", "time": "2025-07-14T12:41:25.786551Z", "fetched_at": "2025-07-14T12:42:30.630020+00:00", "symbol": "ADA-USD"}, {"trade_id": 143543334, "side": "buy", "size": "51.00306000", "price": "0.74600000", "time": "2025-07-14T12:41:25.783530Z", "fetched_at": "2025-07-14T12:42:30.630020+00:00", "symbol": "ADA-USD"}, {"trade_id": 143543333, "side": "buy", "size": "44.33138846", "price": "0.74600000", "time": "2025-07-14T12:41:25.774842Z", "fetched_at": "2025-07-14T12:42:30.630020+00:00", "symbol": "ADA-USD"}, {"trade_id": 143543332, "side": "buy", "size": "642.18359337", "price": "0.74600000", "time": "2025-07-14T12:41:25.774842Z", "fetched_at": "2025-07-14T12:42:30.630020+00:00", "symbol": "ADA-USD"}, {"trade_id": 143543331, "side": "buy", "size": "310.50000000", "price": "0.74600000", "time": "2025-07-14T12:41:25.774842Z", "fetched_at": "2025-07-14T12:42:30.630020+00:00", "symbol": "ADA-USD"}, {"trade_id": 143543330, "side": "buy", "size": "1.50000000", "price": "0.74600000", "time": "2025-07-14T12:41:25.774842Z", "fetched_at": "2025-07-14T12:42:30.630020+00:00", "symbol": "ADA-USD"}, {"trade_id": 143543329, "side": "buy", "size": "1.48501817", "price": "0.74610000", "time": "2025-07-14T12:41:25.774842Z", "fetched_at": "2025-07-14T12:42:30.630020+00:00", "symbol": "ADA-USD"}, {"trade_id": 143543328, "side": "buy", "size": "16.34360761", "price": "0.74620000", "time": "2025-07-14T12:41:24.264244Z", "fetched_at": "2025-07-14T12:42:30.630020+00:00", "symbol": "ADA-USD"}, {"trade_id": 143543327, "side": "buy", "size": "1.67950461", "price": "0.74620000", "time": "2025-07-14T12:41:24.264244Z", "fetched_at": "2025-07-14T12:42:30.630020+00:00", "symbol": "ADA-USD"}, {"trade_id": 143543326, "side": "buy", "size": "1.50000000", "price": "0.74620000", "time": "2025-07-14T12:41:24.264244Z", "fetched_at": "2025-07-14T12:42:30.630020+00:00", "symbol": "ADA-USD"}, {"trade_id": 143543325, "side": "buy", "size": "2.06578153", "price": "0.74630000", "time": "2025-07-14T12:41:21.662024Z", "fetched_at": "2025-07-14T12:42:30.630020+00:00", "symbol": "ADA-USD"}, {"trade_id": 143543324, "side": "buy", "size": "13.98164277", "price": "0.74630000", "time": "2025-07-14T12:41:21.662024Z", "fetched_at": "2025-07-14T12:42:30.630020+00:00", "symbol": "ADA-USD"}, {"trade_id": 143543323, "side": "buy", "size": "1.50000000", "price": "0.74630000", "time": "2025-07-14T12:41:21.662024Z", "fetched_at": "2025-07-14T12:42:30.630020+00:00", "symbol": "ADA-USD"}, {"trade_id": 143543322, "side": "sell", "size": "170.35484000", "price": "0.74640000", "time": "2025-07-14T12:41:21.040737Z", "fetched_at": "2025-07-14T12:42:30.630020+00:00", "symbol": "ADA-USD"}, {"trade_id": 143543321, "side": "buy", "size": "669.88123269", "price": "0.74640000", "time": "2025-07-14T12:41:21.035870Z", "fetched_at": "2025-07-14T12:42:30.630020+00:00", "symbol": "ADA-USD"}, {"trade_id": 143543320, "side": "buy", "size": "981.50000000", "price": "0.74640000", "time": "2025-07-14T12:41:21.035870Z", "fetched_at": "2025-07-14T12:42:30.630020+00:00", "symbol": "ADA-USD"}, {"trade_id": 143543319, "side": "buy", "size": "50.00000000", "price": "0.74650000", "time": "2025-07-14T12:41:21.035870Z", "fetched_at": "2025-07-14T12:42:30.630020+00:00", "symbol": "ADA-USD"}, {"trade_id": 143543318, "side": "buy", "size": "2.43018465", "price": "0.74650000", "time": "2025-07-14T12:41:21.035870Z", "fetched_at": "2025-07-14T12:42:30.630020+00:00", "symbol": "ADA-USD"}, {"trade_id": 143543317, "side": "buy", "size": "15.50555927", "price": "0.74650000", "time": "2025-07-14T12:41:16.394129Z", "fetched_at": "2025-07-14T12:42:30.630020+00:00", "symbol": "ADA-USD"}, {"trade_id": 143543316, "side": "buy", "size": "6.66333614", "price": "0.74650000", "time": "2025-07-14T12:41:16.394129Z", "fetched_at": "2025-07-14T12:42:30.630020+00:00", "symbol": "ADA-USD"}, {"trade_id": 143543315, "side": "buy", "size": "12.73909243", "price": "0.74660000", "time": "2025-07-14T12:41:15.541760Z", "fetched_at": "2025-07-14T12:42:30.630020+00:00", "symbol": "ADA-USD"}, {"trade_id": 143543314, "side": "buy", "size": "15.47997857", "price": "0.74670000", "time": "2025-07-14T12:41:14.984852Z", "fetched_at": "2025-07-14T12:42:30.630020+00:00", "symbol": "ADA-USD"}, {"trade_id": 143543313, "side": "sell", "size": "8.88845059", "price": "0.74670000", "time": "2025-07-14T12:41:13.280245Z", "fetched_at": "2025-07-14T12:42:30.630020+00:00", "symbol": "ADA-USD"}, {"trade_id": 143543312, "side": "sell", "size": "102.10685758", "price": "0.74670000", "time": "2025-07-14T12:41:12.312452Z", "fetched_at": "2025-07-14T12:42:30.630020+00:00", "symbol": "ADA-USD"}, {"trade_id": 143543311, "side": "sell", "size": "12.73807759", "price": "0.74670000", "time": "2025-07-14T12:41:12.300797Z", "fetched_at": "2025-07-14T12:42:30.630020+00:00", "symbol": "ADA-USD"}, {"trade_id": 143543310, "side": "sell", "size": "41.76336197", "price": "0.74670000", "time": "2025-07-14T12:41:12.300797Z", "fetched_at": "2025-07-14T12:42:30.630020+00:00", "symbol": "ADA-USD"}, {"trade_id": 143543309, "side": "sell", "size": "744.43139206", "price": "0.74670000", "time": "2025-07-14T12:41:12.289488Z", "fetched_at": "2025-07-14T12:42:30.630020+00:00", "symbol": "ADA-USD"}, {"trade_id": 143543308, "side": "sell", "size": "1.50000000", "price": "0.74670000", "time": "2025-07-14T12:41:12.289488Z", "fetched_at": "2025-07-14T12:42:30.630020+00:00", "symbol": "ADA-USD"}, {"trade_id": 143543307, "side": "buy", "size": "12.73909243", "price": "0.74660000", "time": "2025-07-14T12:41:12.009235Z", "fetched_at": "2025-07-14T12:42:30.630020+00:00", "symbol": "ADA-USD"}, {"trade_id": 143543306, "side": "sell", "size": "740.68344467", "price": "0.74660000", "time": "2025-07-14T12:41:11.393978Z", "fetched_at": "2025-07-14T12:42:30.630020+00:00", "symbol": "ADA-USD"}, {"trade_id": 143543305, "side": "sell", "size": "1.50000000", "price": "0.74660000", "time": "2025-07-14T12:41:11.393978Z", "fetched_at": "2025-07-14T12:42:30.630020+00:00", "symbol": "ADA-USD"}, {"trade_id": 143543304, "side": "sell", "size": "148.31800546", "price": "0.74660000", "time": "2025-07-14T12:41:09.036576Z", "fetched_at": "2025-07-14T12:42:30.630020+00:00", "symbol": "ADA-USD"}, {"trade_id": 143543303, "side": "sell", "size": "50.00000000", "price": "0.74650000", "time": "2025-07-14T12:41:09.036576Z", "fetched_at": "2025-07-14T12:42:30.630020+00:00", "symbol": "ADA-USD"}, {"trade_id": 143543302, "side": "sell", "size": "51.00306000", "price": "0.74650000", "time": "2025-07-14T12:41:09.036576Z", "fetched_at": "2025-07-14T12:42:30.630020+00:00", "symbol": "ADA-USD"}, {"trade_id": 143543301, "side": "sell", "size": "638.78044366", "price": "0.74650000", "time": "2025-07-14T12:41:09.036576Z", "fetched_at": "2025-07-14T12:42:30.630020+00:00", "symbol": "ADA-USD"}, {"trade_id": 143543300, "side": "sell", "size": "113.56989000", "price": "0.74650000", "time": "2025-07-14T12:41:09.036576Z", "fetched_at": "2025-07-14T12:42:30.630020+00:00", "symbol": "ADA-USD"}, {"trade_id": 143543299, "side": "sell", "size": "69.59381088", "price": "0.74650000", "time": "2025-07-14T12:41:09.036576Z", "fetched_at": "2025-07-14T12:42:30.630020+00:00", "symbol": "ADA-USD"}, {"trade_id": 143543298, "side": "sell", "size": "114.70391000", "price": "0.74650000", "time": "2025-07-14T12:41:09.036576Z", "fetched_at": "2025-07-14T12:42:30.630020+00:00", "symbol": "ADA-USD"}, {"trade_id": 143543297, "side": "sell", "size": "116.16675000", "price": "0.74650000", "time": "2025-07-14T12:41:09.036576Z", "fetched_at": "2025-07-14T12:42:30.630020+00:00", "symbol": "ADA-USD"}, {"trade_id": 143543296, "side": "buy", "size": "4.39129818", "price": "0.74650000", "time": "2025-07-14T12:41:07.340873Z", "fetched_at": "2025-07-14T12:42:30.630020+00:00", "symbol": "ADA-USD"}, {"trade_id": 143543295, "side": "sell", "size": "12.74665907", "price": "0.74650000", "time": "2025-07-14T12:41:06.907941Z", "fetched_at": "2025-07-14T12:42:30.630020+00:00", "symbol": "ADA-USD"}, {"trade_id": 143543294, "side": "sell", "size": "1.50000000", "price": "0.74650000", "time": "2025-07-14T12:41:06.907941Z", "fetched_at": "2025-07-14T12:42:30.630020+00:00", "symbol": "ADA-USD"}, {"trade_id": 143543293, "side": "sell", "size": "1.50000000", "price": "0.74640000", "time": "2025-07-14T12:41:06.792569Z", "fetched_at": "2025-07-14T12:42:30.630020+00:00", "symbol": "ADA-USD"}, {"trade_id": 143543292, "side": "sell", "size": "12.74996308", "price": "0.74630000", "time": "2025-07-14T12:41:06.749865Z", "fetched_at": "2025-07-14T12:42:30.630020+00:00", "symbol": "ADA-USD"}, {"trade_id": 143543291, "side": "sell", "size": "1.50000000", "price": "0.74630000", "time": "2025-07-14T12:41:06.749865Z", "fetched_at": "2025-07-14T12:42:30.630020+00:00", "symbol": "ADA-USD"}, {"trade_id": 143543290, "side": "buy", "size": "1.55735069", "price": "0.74610000", "time": "2025-07-14T12:41:06.478579Z", "fetched_at": "2025-07-14T12:42:30.630020+00:00", "symbol": "ADA-USD"}, {"trade_id": 143543289, "side": "buy", "size": "738.84449246", "price": "0.74590000", "time": "2025-07-14T12:41:05.124470Z", "fetched_at": "2025-07-14T12:42:30.630020+00:00", "symbol": "ADA-USD"}, {"trade_id": 143543288, "side": "buy", "size": "1.50000000", "price": "0.74590000", "time": "2025-07-14T12:41:05.124470Z", "fetched_at": "2025-07-14T12:42:30.630020+00:00", "symbol": "ADA-USD"}, {"trade_id": 143543287, "side": "buy", "size": "1.65678456", "price": "0.74600000", "time": "2025-07-14T12:41:03.384743Z", "fetched_at": "2025-07-14T12:42:30.630020+00:00", "symbol": "ADA-USD"}, {"trade_id": 143543286, "side": "buy", "size": "1.50000000", "price": "0.74600000", "time": "2025-07-14T12:41:03.384743Z", "fetched_at": "2025-07-14T12:42:30.630020+00:00", "symbol": "ADA-USD"}, {"trade_id": 143543285, "side": "buy", "size": "24.82940230", "price": "0.74620000", "time": "2025-07-14T12:41:02.510763Z", "fetched_at": "2025-07-14T12:42:30.630020+00:00", "symbol": "ADA-USD"}, {"trade_id": 143543284, "side": "buy", "size": "1.99828813", "price": "0.74620000", "time": "2025-07-14T12:41:02.510763Z", "fetched_at": "2025-07-14T12:42:30.630020+00:00", "symbol": "ADA-USD"}, {"trade_id": 143543283, "side": "sell", "size": "4.15900919", "price": "0.74620000", "time": "2025-07-14T12:41:00.968778Z", "fetched_at": "2025-07-14T12:42:30.630020+00:00", "symbol": "ADA-USD"}, {"trade_id": 143543282, "side": "sell", "size": "64.24044081", "price": "0.74620000", "time": "2025-07-14T12:41:00.968778Z", "fetched_at": "2025-07-14T12:42:30.630020+00:00", "symbol": "ADA-USD"}, {"trade_id": 143543281, "side": "buy", "size": "1.50000000", "price": "0.74620000", "time": "2025-07-14T12:41:00.951376Z", "fetched_at": "2025-07-14T12:42:30.630020+00:00", "symbol": "ADA-USD"}, {"trade_id": 143543280, "side": "buy", "size": "50.00000000", "price": "0.74630000", "time": "2025-07-14T12:41:00.871444Z", "fetched_at": "2025-07-14T12:42:30.630020+00:00", "symbol": "ADA-USD"}, {"trade_id": 143543279, "side": "buy", "size": "675.70582563", "price": "0.74630000", "time": "2025-07-14T12:41:00.871444Z", "fetched_at": "2025-07-14T12:42:30.630020+00:00", "symbol": "ADA-USD"}, {"trade_id": 143543278, "side": "buy", "size": "1.50000000", "price": "0.74640000", "time": "2025-07-14T12:41:00.871444Z", "fetched_at": "2025-07-14T12:42:30.630020+00:00", "symbol": "ADA-USD"}, {"trade_id": 143543277, "side": "buy", "size": "6.15807099", "price": "0.74650000", "time": "2025-07-14T12:40:56.069803Z", "fetched_at": "2025-07-14T12:42:30.630020+00:00", "symbol": "ADA-USD"}, {"trade_id": 143543276, "side": "buy", "size": "1.50000000", "price": "0.74650000", "time": "2025-07-14T12:40:56.069803Z", "fetched_at": "2025-07-14T12:42:30.630020+00:00", "symbol": "ADA-USD"}, {"trade_id": 143543275, "side": "sell", "size": "170.35484000", "price": "0.74660000", "time": "2025-07-14T12:40:55.764875Z", "fetched_at": "2025-07-14T12:42:30.630020+00:00", "symbol": "ADA-USD"}, {"trade_id": 143543274, "side": "buy", "size": "981.50000000", "price": "0.74660000", "time": "2025-07-14T12:40:55.759080Z", "fetched_at": "2025-07-14T12:42:30.630020+00:00", "symbol": "ADA-USD"}, {"trade_id": 143543273, "side": "buy", "size": "1.04499620", "price": "0.74660000", "time": "2025-07-14T12:40:55.759080Z", "fetched_at": "2025-07-14T12:42:30.630020+00:00", "symbol": "ADA-USD"}, {"trade_id": 143543272, "side": "buy", "size": "18.08310900", "price": "0.74660000", "time": "2025-07-14T12:40:55.411899Z", "fetched_at": "2025-07-14T12:42:30.630020+00:00", "symbol": "ADA-USD"}, {"trade_id": 143543271, "side": "buy", "size": "2.06137331", "price": "0.74670000", "time": "2025-07-14T12:40:53.902482Z", "fetched_at": "2025-07-14T12:42:30.630020+00:00", "symbol": "ADA-USD"}, {"trade_id": 143543270, "side": "buy", "size": "61.92660669", "price": "0.74670000", "time": "2025-07-14T12:40:53.851349Z", "fetched_at": "2025-07-14T12:42:30.630020+00:00", "symbol": "ADA-USD"}, {"trade_id": 143543269, "side": "buy", "size": "2.06137331", "price": "0.74670000", "time": "2025-07-14T12:40:53.851349Z", "fetched_at": "2025-07-14T12:42:30.630020+00:00", "symbol": "ADA-USD"}, {"trade_id": 143543268, "side": "buy", "size": "0.00001531", "price": "0.74670000", "time": "2025-07-14T12:40:51.336658Z", "fetched_at": "2025-07-14T12:42:30.630020+00:00", "symbol": "ADA-USD"}, {"trade_id": 143543267, "side": "buy", "size": "2.47887110", "price": "0.74670000", "time": "2025-07-14T12:40:51.333060Z", "fetched_at": "2025-07-14T12:42:30.630020+00:00", "symbol": "ADA-USD"}, {"trade_id": 143543266, "side": "buy", "size": "30.98459890", "price": "0.74670000", "time": "2025-07-14T12:40:51.333060Z", "fetched_at": "2025-07-14T12:42:30.630020+00:00", "symbol": "ADA-USD"}, {"trade_id": 143543265, "side": "buy", "size": "10.27474212", "price": "0.74690000", "time": "2025-07-14T12:40:50.351947Z", "fetched_at": "2025-07-14T12:42:30.630020+00:00", "symbol": "ADA-USD"}, {"trade_id": 143543264, "side": "sell", "size": "1.14551539", "price": "0.74700000", "time": "2025-07-14T12:40:49.846483Z", "fetched_at": "2025-07-14T12:42:30.630020+00:00", "symbol": "ADA-USD"}, {"trade_id": 143543263, "side": "sell", "size": "1.50000000", "price": "0.74700000", "time": "2025-07-14T12:40:49.846483Z", "fetched_at": "2025-07-14T12:42:30.630020+00:00", "symbol": "ADA-USD"}, {"trade_id": 143543262, "side": "sell", "size": "12.73633555", "price": "0.74690000", "time": "2025-07-14T12:40:49.797235Z", "fetched_at": "2025-07-14T12:42:30.630020+00:00", "symbol": "ADA-USD"}, {"trade_id": 143543261, "side": "sell", "size": "654.47126172", "price": "0.74690000", "time": "2025-07-14T12:40:49.797235Z", "fetched_at": "2025-07-14T12:42:30.630020+00:00", "symbol": "ADA-USD"}, {"trade_id": 143543260, "side": "sell", "size": "1.50000000", "price": "0.74690000", "time": "2025-07-14T12:40:49.797235Z", "fetched_at": "2025-07-14T12:42:30.630020+00:00", "symbol": "ADA-USD"}, {"trade_id": 143543259, "side": "sell", "size": "125.63027700", "price": "0.74680000", "time": "2025-07-14T12:40:47.532621Z", "fetched_at": "2025-07-14T12:42:30.630020+00:00", "symbol": "ADA-USD"}, {"trade_id": 143543258, "side": "sell", "size": "1.50000000", "price": "0.74680000", "time": "2025-07-14T12:40:47.532621Z", "fetched_at": "2025-07-14T12:42:30.630020+00:00", "symbol": "ADA-USD"}, {"trade_id": 143543257, "side": "sell", "size": "1.50000000", "price": "0.74670000", "time": "2025-07-14T12:40:47.418886Z", "fetched_at": "2025-07-14T12:42:30.630020+00:00", "symbol": "ADA-USD"}, {"trade_id": 143543256, "side": "sell", "size": "650.05988825", "price": "0.74660000", "time": "2025-07-14T12:40:43.620568Z", "fetched_at": "2025-07-14T12:42:30.630020+00:00", "symbol": "ADA-USD"}, {"trade_id": 143543255, "side": "sell", "size": "1.50000000", "price": "0.74660000", "time": "2025-07-14T12:40:43.620568Z", "fetched_at": "2025-07-14T12:42:30.630020+00:00", "symbol": "ADA-USD"}, {"trade_id": 143543254, "side": "buy", "size": "26.41554099", "price": "0.74650000", "time": "2025-07-14T12:40:43.312189Z", "fetched_at": "2025-07-14T12:42:30.630020+00:00", "symbol": "ADA-USD"}, {"trade_id": 143543253, "side": "buy", "size": "17.65671249", "price": "0.74650000", "time": "2025-07-14T12:40:43.312189Z", "fetched_at": "2025-07-14T12:42:30.630020+00:00", "symbol": "ADA-USD"}, {"trade_id": 143543252, "side": "sell", "size": "68.74110848", "price": "0.74650000", "time": "2025-07-14T12:40:43.241362Z", "fetched_at": "2025-07-14T12:42:30.630020+00:00", "symbol": "ADA-USD"}, {"trade_id": 143543251, "side": "sell", "size": "234.18206309", "price": "0.74650000", "time": "2025-07-14T12:40:43.227892Z", "fetched_at": "2025-07-14T12:42:30.630020+00:00", "symbol": "ADA-USD"}, {"trade_id": 143543250, "side": "sell", "size": "178.72277041", "price": "0.74650000", "time": "2025-07-14T12:40:43.192544Z", "fetched_at": "2025-07-14T12:42:30.630020+00:00", "symbol": "ADA-USD"}, {"trade_id": 143543249, "side": "sell", "size": "12.74739692", "price": "0.74650000", "time": "2025-07-14T12:40:43.192544Z", "fetched_at": "2025-07-14T12:42:30.630020+00:00", "symbol": "ADA-USD"}, {"trade_id": 143543248, "side": "sell", "size": "1.50000000", "price": "0.74650000", "time": "2025-07-14T12:40:43.192544Z", "fetched_at": "2025-07-14T12:42:30.630020+00:00", "symbol": "ADA-USD"}, {"trade_id": 143543247, "side": "sell", "size": "519.74214428", "price": "0.74650000", "time": "2025-07-14T12:40:43.192544Z", "fetched_at": "2025-07-14T12:42:30.630020+00:00", "symbol": "ADA-USD"}, {"trade_id": 143543246, "side": "sell", "size": "1.50000000", "price": "0.74640000", "time": "2025-07-14T12:40:43.088411Z", "fetched_at": "2025-07-14T12:42:30.630020+00:00", "symbol": "ADA-USD"}, {"trade_id": 143543245, "side": "sell", "size": "1.50000000", "price": "0.74630000", "time": "2025-07-14T12:40:42.923300Z", "fetched_at": "2025-07-14T12:42:30.630020+00:00", "symbol": "ADA-USD"}, {"trade_id": 143543244, "side": "sell", "size": "64.78814263", "price": "0.74620000", "time": "2025-07-14T12:40:42.543451Z", "fetched_at": "2025-07-14T12:42:30.630020+00:00", "symbol": "ADA-USD"}, {"trade_id": 143543243, "side": "sell", "size": "679.37279675", "price": "0.74620000", "time": "2025-07-14T12:40:42.529986Z", "fetched_at": "2025-07-14T12:42:30.630020+00:00", "symbol": "ADA-USD"}, {"trade_id": 143543242, "side": "sell", "size": "702.25778238", "price": "0.74610000", "time": "2025-07-14T12:40:41.790959Z", "fetched_at": "2025-07-14T12:42:30.630020+00:00", "symbol": "ADA-USD"}, {"trade_id": 143543241, "side": "sell", "size": "19.90349800", "price": "0.74620000", "time": "2025-07-14T12:40:40.274232Z", "fetched_at": "2025-07-14T12:42:30.630020+00:00", "symbol": "ADA-USD"}, {"trade_id": 143543240, "side": "sell", "size": "663.03019221", "price": "0.74610000", "time": "2025-07-14T12:40:40.195840Z", "fetched_at": "2025-07-14T12:42:30.630020+00:00", "symbol": "ADA-USD"}, {"trade_id": 143543239, "side": "buy", "size": "1000.00000000", "price": "0.74610000", "time": "2025-07-14T12:40:36.107092Z", "fetched_at": "2025-07-14T12:42:30.630020+00:00", "symbol": "ADA-USD"}, {"trade_id": 143543238, "side": "buy", "size": "26.01684985", "price": "0.74610000", "time": "2025-07-14T12:40:36.107092Z", "fetched_at": "2025-07-14T12:42:30.630020+00:00", "symbol": "ADA-USD"}, {"trade_id": 143543237, "side": "buy", "size": "111.38609662", "price": "0.74600000", "time": "2025-07-14T12:40:34.782484Z", "fetched_at": "2025-07-14T12:42:30.630020+00:00", "symbol": "ADA-USD"}, {"trade_id": 143543236, "side": "buy", "size": "1.50000000", "price": "0.74600000", "time": "2025-07-14T12:40:34.782484Z", "fetched_at": "2025-07-14T12:42:30.630020+00:00", "symbol": "ADA-USD"}, {"trade_id": 143543235, "side": "buy", "size": "18.57054938", "price": "0.74600000", "time": "2025-07-14T12:40:34.782484Z", "fetched_at": "2025-07-14T12:42:30.630020+00:00", "symbol": "ADA-USD"}, {"trade_id": 143543234, "side": "sell", "size": "1.50000000", "price": "0.74620000", "time": "2025-07-14T12:40:34.229368Z", "fetched_at": "2025-07-14T12:42:30.630020+00:00", "symbol": "ADA-USD"}, {"trade_id": 143543233, "side": "buy", "size": "21.49144500", "price": "0.74600000", "time": "2025-07-14T12:40:34.037099Z", "fetched_at": "2025-07-14T12:42:30.630020+00:00", "symbol": "ADA-USD"}, {"trade_id": 143543232, "side": "sell", "size": "694.04442790", "price": "0.74610000", "time": "2025-07-14T12:40:33.962615Z", "fetched_at": "2025-07-14T12:42:30.630020+00:00", "symbol": "ADA-USD"}, {"trade_id": 143543231, "side": "sell", "size": "43.75470060", "price": "0.74600000", "time": "2025-07-14T12:40:31.182781Z", "fetched_at": "2025-07-14T12:42:30.630020+00:00", "symbol": "ADA-USD"}, {"trade_id": 143543230, "side": "sell", "size": "705.22564955", "price": "0.74600000", "time": "2025-07-14T12:40:31.166366Z", "fetched_at": "2025-07-14T12:42:30.630020+00:00", "symbol": "ADA-USD"}, {"trade_id": 143543229, "side": "buy", "size": "1.50000000", "price": "0.74600000", "time": "2025-07-14T12:40:30.098909Z", "fetched_at": "2025-07-14T12:42:30.630020+00:00", "symbol": "ADA-USD"}, {"trade_id": 143543228, "side": "buy", "size": "4867.40000000", "price": "0.74600000", "time": "2025-07-14T12:40:30.098909Z", "fetched_at": "2025-07-14T12:42:30.630020+00:00", "symbol": "ADA-USD"}, {"trade_id": 143543227, "side": "buy", "size": "500.00000000", "price": "0.74610000", "time": "2025-07-14T12:40:30.093376Z", "fetched_at": "2025-07-14T12:42:30.630020+00:00", "symbol": "ADA-USD"}, {"trade_id": 143543226, "side": "buy", "size": "15.49189116", "price": "0.74610000", "time": "2025-07-14T12:40:30.093376Z", "fetched_at": "2025-07-14T12:42:30.630020+00:00", "symbol": "ADA-USD"}, {"trade_id": 143543225, "side": "buy", "size": "1.39583799", "price": "0.74620000", "time": "2025-07-14T12:40:29.297062Z", "fetched_at": "2025-07-14T12:42:30.630020+00:00", "symbol": "ADA-USD"}, {"trade_id": 143543224, "side": "buy", "size": "1.39565095", "price": "0.74630000", "time": "2025-07-14T12:40:28.986270Z", "fetched_at": "2025-07-14T12:42:30.630020+00:00", "symbol": "ADA-USD"}, {"trade_id": 143543223, "side": "buy", "size": "3.25942091", "price": "0.74640000", "time": "2025-07-14T12:40:28.589453Z", "fetched_at": "2025-07-14T12:42:30.630020+00:00", "symbol": "ADA-USD"}, {"trade_id": 143543222, "side": "buy", "size": "3.25942091", "price": "0.74640000", "time": "2025-07-14T12:40:28.581559Z", "fetched_at": "2025-07-14T12:42:30.630020+00:00", "symbol": "ADA-USD"}, {"trade_id": 143543221, "side": "buy", "size": "3.27231699", "price": "0.74640000", "time": "2025-07-14T12:40:28.560562Z", "fetched_at": "2025-07-14T12:42:30.630020+00:00", "symbol": "ADA-USD"}, {"trade_id": 143543220, "side": "buy", "size": "40.84752369", "price": "0.74640000", "time": "2025-07-14T12:40:28.560562Z", "fetched_at": "2025-07-14T12:42:30.630020+00:00", "symbol": "ADA-USD"}, {"trade_id": 143543219, "side": "sell", "size": "1.50000000", "price": "0.74640000", "time": "2025-07-14T12:40:27.466191Z", "fetched_at": "2025-07-14T12:42:30.630020+00:00", "symbol": "ADA-USD"}, {"trade_id": 143543218, "side": "sell", "size": "185.76566508", "price": "0.74630000", "time": "2025-07-14T12:40:27.427581Z", "fetched_at": "2025-07-14T12:42:30.630020+00:00", "symbol": "ADA-USD"}, {"trade_id": 143543217, "side": "sell", "size": "802.36400659", "price": "0.74620000", "time": "2025-07-14T12:40:27.412131Z", "fetched_at": "2025-07-14T12:42:30.630020+00:00", "symbol": "ADA-USD"}, {"trade_id": 143543216, "side": "sell", "size": "12.75008998", "price": "0.74610000", "time": "2025-07-14T12:40:27.286662Z", "fetched_at": "2025-07-14T12:42:30.630020+00:00", "symbol": "ADA-USD"}, {"trade_id": 143543215, "side": "sell", "size": "943.17054452", "price": "0.74610000", "time": "2025-07-14T12:40:27.286662Z", "fetched_at": "2025-07-14T12:42:30.630020+00:00", "symbol": "ADA-USD"}, {"trade_id": 143543214, "side": "sell", "size": "3921.92945548", "price": "0.74610000", "time": "2025-07-14T12:40:27.284157Z", "fetched_at": "2025-07-14T12:42:30.630020+00:00", "symbol": "ADA-USD"}, {"trade_id": 143543213, "side": "buy", "size": "67.03183000", "price": "0.74590000", "time": "2025-07-14T12:40:26.817273Z", "fetched_at": "2025-07-14T12:42:30.630020+00:00", "symbol": "ADA-USD"}, {"trade_id": 143543212, "side": "buy", "size": "15.49778790", "price": "0.74590000", "time": "2025-07-14T12:40:19.423539Z", "fetched_at": "2025-07-14T12:42:30.630020+00:00", "symbol": "ADA-USD"}, {"trade_id": 143543211, "side": "buy", "size": "1.50000000", "price": "0.74590000", "time": "2025-07-14T12:40:19.423539Z", "fetched_at": "2025-07-14T12:42:30.630020+00:00", "symbol": "ADA-USD"}, {"trade_id": 143543210, "side": "buy", "size": "1.50000000", "price": "0.74600000", "time": "2025-07-14T12:40:16.566756Z", "fetched_at": "2025-07-14T12:42:30.630020+00:00", "symbol": "ADA-USD"}, {"trade_id": 143543209, "side": "sell", "size": "111.84845390", "price": "0.74610000", "time": "2025-07-14T12:40:15.061929Z", "fetched_at": "2025-07-14T12:42:30.630020+00:00", "symbol": "ADA-USD"}, {"trade_id": 143543208, "side": "sell", "size": "672.20390700", "price": "0.74610000", "time": "2025-07-14T12:40:14.966317Z", "fetched_at": "2025-07-14T12:42:30.630020+00:00", "symbol": "ADA-USD"}, {"trade_id": 143543207, "side": "buy", "size": "1.50000000", "price": "0.74610000", "time": "2025-07-14T12:40:14.506539Z", "fetched_at": "2025-07-14T12:42:30.630020+00:00", "symbol": "ADA-USD"}, {"trade_id": 143543206, "side": "sell", "size": "26.01218000", "price": "0.74620000", "time": "2025-07-14T12:40:12.984299Z", "fetched_at": "2025-07-14T12:42:30.630020+00:00", "symbol": "ADA-USD"}, {"trade_id": 143543205, "side": "buy", "size": "1.50000000", "price": "0.74620000", "time": "2025-07-14T12:40:12.645052Z", "fetched_at": "2025-07-14T12:42:30.630020+00:00", "symbol": "ADA-USD"}, {"trade_id": 143543204, "side": "buy", "size": "15.49108937", "price": "0.74630000", "time": "2025-07-14T12:40:12.249318Z", "fetched_at": "2025-07-14T12:42:30.630020+00:00", "symbol": "ADA-USD"}, {"trade_id": 143543203, "side": "buy", "size": "1.50000000", "price": "0.74630000", "time": "2025-07-14T12:40:12.249318Z", "fetched_at": "2025-07-14T12:42:30.630020+00:00", "symbol": "ADA-USD"}, {"trade_id": 143543202, "side": "sell", "size": "512.00000000", "price": "0.74640000", "time": "2025-07-14T12:40:11.405140Z", "fetched_at": "2025-07-14T12:42:30.630020+00:00", "symbol": "ADA-USD"}, {"trade_id": 143543201, "side": "buy", "size": "1.50000000", "price": "0.74640000", "time": "2025-07-14T12:40:10.413550Z", "fetched_at": "2025-07-14T12:42:30.630020+00:00", "symbol": "ADA-USD"}, {"trade_id": 143543200, "side": "buy", "size": "1.50000000", "price": "0.74650000", "time": "2025-07-14T12:40:08.725076Z", "fetched_at": "2025-07-14T12:42:30.630020+00:00", "symbol": "ADA-USD"}, {"trade_id": 143543199, "side": "buy", "size": "1.50000000", "price": "0.74660000", "time": "2025-07-14T12:40:07.966279Z", "fetched_at": "2025-07-14T12:42:30.630020+00:00", "symbol": "ADA-USD"}, {"trade_id": 143543198, "side": "buy", "size": "1.50000000", "price": "0.74670000", "time": "2025-07-14T12:40:07.847897Z", "fetched_at": "2025-07-14T12:42:30.630020+00:00", "symbol": "ADA-USD"}, {"trade_id": 143543197, "side": "buy", "size": "15.47978039", "price": "0.74680000", "time": "2025-07-14T12:40:07.576800Z", "fetched_at": "2025-07-14T12:42:30.630020+00:00", "symbol": "ADA-USD"}, {"trade_id": 143543196, "side": "buy", "size": "1.50000000", "price": "0.74680000", "time": "2025-07-14T12:40:07.576800Z", "fetched_at": "2025-07-14T12:42:30.630020+00:00", "symbol": "ADA-USD"}, {"trade_id": 143543195, "side": "buy", "size": "1.50000000", "price": "0.74690000", "time": "2025-07-14T12:40:04.880160Z", "fetched_at": "2025-07-14T12:42:30.630020+00:00", "symbol": "ADA-USD"}, {"trade_id": 143543194, "side": "buy", "size": "1.50000000", "price": "0.74700000", "time": "2025-07-14T12:40:04.604753Z", "fetched_at": "2025-07-14T12:42:30.630020+00:00", "symbol": "ADA-USD"}, {"trade_id": 143543193, "side": "buy", "size": "15.47463525", "price": "0.74710000", "time": "2025-07-14T12:40:03.683402Z", "fetched_at": "2025-07-14T12:42:30.630020+00:00", "symbol": "ADA-USD"}, {"trade_id": 143543192, "side": "buy", "size": "1.50000000", "price": "0.74710000", "time": "2025-07-14T12:40:03.683402Z", "fetched_at": "2025-07-14T12:42:30.630020+00:00", "symbol": "ADA-USD"}, {"trade_id": 143543191, "side": "buy", "size": "50.90269000", "price": "0.74730000", "time": "2025-07-14T12:40:02.366179Z", "fetched_at": "2025-07-14T12:42:30.630020+00:00", "symbol": "ADA-USD"}, {"trade_id": 143543190, "side": "buy", "size": "1.50000000", "price": "0.74720000", "time": "2025-07-14T12:40:00.602986Z", "fetched_at": "2025-07-14T12:42:30.630020+00:00", "symbol": "ADA-USD"}, {"trade_id": 143543189, "side": "buy", "size": "1.37660200", "price": "0.74730000", "time": "2025-07-14T12:40:00.305737Z", "fetched_at": "2025-07-14T12:42:30.630020+00:00", "symbol": "ADA-USD"}, {"trade_id": 143543188, "side": "buy", "size": "0.12339800", "price": "0.74730000", "time": "2025-07-14T12:39:57.431058Z", "fetched_at": "2025-07-14T12:42:30.630020+00:00", "symbol": "ADA-USD"}, {"trade_id": 143543187, "side": "buy", "size": "19.60248862", "price": "0.74740000", "time": "2025-07-14T12:39:57.301442Z", "fetched_at": "2025-07-14T12:42:30.630020+00:00", "symbol": "ADA-USD"}, {"trade_id": 143543186, "side": "buy", "size": "1.50000000", "price": "0.74740000", "time": "2025-07-14T12:39:57.301442Z", "fetched_at": "2025-07-14T12:42:30.630020+00:00", "symbol": "ADA-USD"}, {"trade_id": 143543185, "side": "sell", "size": "46.29258500", "price": "0.74750000", "time": "2025-07-14T12:39:56.071130Z", "fetched_at": "2025-07-14T12:42:30.630020+00:00", "symbol": "ADA-USD"}, {"trade_id": 143543184, "side": "buy", "size": "1.50000000", "price": "0.74750000", "time": "2025-07-14T12:39:54.850386Z", "fetched_at": "2025-07-14T12:42:30.630020+00:00", "symbol": "ADA-USD"}, {"trade_id": 143543183, "side": "sell", "size": "26.41554099", "price": "0.74770000", "time": "2025-07-14T12:39:54.295995Z", "fetched_at": "2025-07-14T12:42:30.630020+00:00", "symbol": "ADA-USD"}, {"trade_id": 143543182, "side": "sell", "size": "47.50068695", "price": "0.74760000", "time": "2025-07-14T12:39:53.089596Z", "fetched_at": "2025-07-14T12:42:30.630020+00:00", "symbol": "ADA-USD"}, {"trade_id": 143543181, "side": "buy", "size": "1.50000000", "price": "0.74760000", "time": "2025-07-14T12:39:52.713457Z", "fetched_at": "2025-07-14T12:42:30.630020+00:00", "symbol": "ADA-USD"}, {"trade_id": 143543180, "side": "buy", "size": "1.50000000", "price": "0.74770000", "time": "2025-07-14T12:39:51.946330Z", "fetched_at": "2025-07-14T12:42:30.630020+00:00", "symbol": "ADA-USD"}, {"trade_id": 143543179, "side": "buy", "size": "1.50000000", "price": "0.74780000", "time": "2025-07-14T12:39:51.860123Z", "fetched_at": "2025-07-14T12:42:30.630020+00:00", "symbol": "ADA-USD"}, {"trade_id": 143543178, "side": "buy", "size": "2.13486795", "price": "0.74790000", "time": "2025-07-14T12:39:51.738867Z", "fetched_at": "2025-07-14T12:42:30.630020+00:00", "symbol": "ADA-USD"}, {"trade_id": 143543177, "side": "buy", "size": "1.50000000", "price": "0.74790000", "time": "2025-07-14T12:39:51.738867Z", "fetched_at": "2025-07-14T12:42:30.630020+00:00", "symbol": "ADA-USD"}, {"trade_id": 143543176, "side": "buy", "size": "407.67370556", "price": "0.74790000", "time": "2025-07-14T12:39:51.738867Z", "fetched_at": "2025-07-14T12:42:30.630020+00:00", "symbol": "ADA-USD"}, {"trade_id": 143543175, "side": "buy", "size": "2.13458254", "price": "0.74800000", "time": "2025-07-14T12:39:51.336109Z", "fetched_at": "2025-07-14T12:42:30.630020+00:00", "symbol": "ADA-USD"}, {"trade_id": 143543174, "side": "buy", "size": "50.00000000", "price": "0.74800000", "time": "2025-07-14T12:39:51.281017Z", "fetched_at": "2025-07-14T12:42:30.630020+00:00", "symbol": "ADA-USD"}, {"trade_id": 143543173, "side": "buy", "size": "1241.09324341", "price": "0.74800000", "time": "2025-07-14T12:39:51.281017Z", "fetched_at": "2025-07-14T12:42:30.630020+00:00", "symbol": "ADA-USD"}, {"trade_id": 143543172, "side": "buy", "size": "1.50000000", "price": "0.74800000", "time": "2025-07-14T12:39:51.281017Z", "fetched_at": "2025-07-14T12:42:30.630020+00:00", "symbol": "ADA-USD"}, {"trade_id": 143543171, "side": "buy", "size": "4.79071177", "price": "0.74800000", "time": "2025-07-14T12:39:51.281017Z", "fetched_at": "2025-07-14T12:42:30.630020+00:00", "symbol": "ADA-USD"}, {"trade_id": 143543170, "side": "buy", "size": "11.32482288", "price": "0.74810000", "time": "2025-07-14T12:39:51.281017Z", "fetched_at": "2025-07-14T12:42:30.630020+00:00", "symbol": "ADA-USD"}, {"trade_id": 143543169, "side": "buy", "size": "2.13262931", "price": "0.74810000", "time": "2025-07-14T12:39:51.281017Z", "fetched_at": "2025-07-14T12:42:30.630020+00:00", "symbol": "ADA-USD"}, {"trade_id": 143543168, "side": "buy", "size": "15.45275958", "price": "0.74830000", "time": "2025-07-14T12:39:50.536798Z", "fetched_at": "2025-07-14T12:42:30.630020+00:00", "symbol": "ADA-USD"}, {"trade_id": 143543167, "side": "buy", "size": "2.57517165", "price": "0.74830000", "time": "2025-07-14T12:39:50.536798Z", "fetched_at": "2025-07-14T12:42:30.630020+00:00", "symbol": "ADA-USD"}, {"trade_id": 143543166, "side": "buy", "size": "12.71270079", "price": "0.74820000", "time": "2025-07-14T12:39:48.653285Z", "fetched_at": "2025-07-14T12:42:30.630020+00:00", "symbol": "ADA-USD"}, {"trade_id": 143543165, "side": "buy", "size": "500.00000000", "price": "0.74820000", "time": "2025-07-14T12:39:48.653285Z", "fetched_at": "2025-07-14T12:42:30.630020+00:00", "symbol": "ADA-USD"}, {"trade_id": 143543164, "side": "buy", "size": "47.62100761", "price": "0.74830000", "time": "2025-07-14T12:39:48.598852Z", "fetched_at": "2025-07-14T12:42:30.630020+00:00", "symbol": "ADA-USD"}, {"trade_id": 143543163, "side": "buy", "size": "12.71100191", "price": "0.74830000", "time": "2025-07-14T12:39:48.598852Z", "fetched_at": "2025-07-14T12:42:30.630020+00:00", "symbol": "ADA-USD"}, {"trade_id": 143543162, "side": "sell", "size": "6.30499879", "price": "0.74840000", "time": "2025-07-14T12:39:47.812223Z", "fetched_at": "2025-07-14T12:42:30.630020+00:00", "symbol": "ADA-USD"}, {"trade_id": 143543161, "side": "buy", "size": "11.51660218", "price": "0.74830000", "time": "2025-07-14T12:39:44.203615Z", "fetched_at": "2025-07-14T12:42:30.630020+00:00", "symbol": "ADA-USD"}, {"trade_id": 143543160, "side": "buy", "size": "46.34050514", "price": "0.74830000", "time": "2025-07-14T12:39:44.203615Z", "fetched_at": "2025-07-14T12:42:30.630020+00:00", "symbol": "ADA-USD"}, {"trade_id": 143543159, "side": "sell", "size": "1.50000000", "price": "0.74840000", "time": "2025-07-14T12:39:42.615178Z", "fetched_at": "2025-07-14T12:42:30.630020+00:00", "symbol": "ADA-USD"}, {"trade_id": 143543158, "side": "sell", "size": "55.38080684", "price": "0.74840000", "time": "2025-07-14T12:39:42.615178Z", "fetched_at": "2025-07-14T12:42:30.630020+00:00", "symbol": "ADA-USD"}, {"trade_id": 143543157, "side": "sell", "size": "1.50000000", "price": "0.74830000", "time": "2025-07-14T12:39:42.246017Z", "fetched_at": "2025-07-14T12:42:30.630020+00:00", "symbol": "ADA-USD"}, {"trade_id": 143543156, "side": "sell", "size": "20.66606378", "price": "0.74830000", "time": "2025-07-14T12:39:42.246017Z", "fetched_at": "2025-07-14T12:42:30.630020+00:00", "symbol": "ADA-USD"}, {"trade_id": 143543155, "side": "sell", "size": "2.32096456", "price": "0.74820000", "time": "2025-07-14T12:39:42.196469Z", "fetched_at": "2025-07-14T12:42:30.630020+00:00", "symbol": "ADA-USD"}, {"trade_id": 143543154, "side": "sell", "size": "2.35120247", "price": "0.74820000", "time": "2025-07-14T12:39:42.185439Z", "fetched_at": "2025-07-14T12:42:30.630020+00:00", "symbol": "ADA-USD"}, {"trade_id": 143543153, "side": "sell", "size": "1.50000000", "price": "0.74820000", "time": "2025-07-14T12:39:41.796501Z", "fetched_at": "2025-07-14T12:42:30.630020+00:00", "symbol": "ADA-USD"}, {"trade_id": 143543152, "side": "sell", "size": "43.33313480", "price": "0.74820000", "time": "2025-07-14T12:39:41.796501Z", "fetched_at": "2025-07-14T12:42:30.630020+00:00", "symbol": "ADA-USD"}, {"trade_id": 143543151, "side": "sell", "size": "4.62027361", "price": "0.74810000", "time": "2025-07-14T12:39:37.269344Z", "fetched_at": "2025-07-14T12:42:30.630020+00:00", "symbol": "ADA-USD"}, {"trade_id": 143543150, "side": "sell", "size": "1.50000000", "price": "0.74810000", "time": "2025-07-14T12:39:37.269344Z", "fetched_at": "2025-07-14T12:42:30.630020+00:00", "symbol": "ADA-USD"}, {"trade_id": 143543149, "side": "sell", "size": "13.86979797", "price": "0.74810000", "time": "2025-07-14T12:39:37.269344Z", "fetched_at": "2025-07-14T12:42:30.630020+00:00", "symbol": "ADA-USD"}, {"trade_id": 143543148, "side": "sell", "size": "0.14562700", "price": "0.74810000", "time": "2025-07-14T12:39:36.143390Z", "fetched_at": "2025-07-14T12:42:30.630020+00:00", "symbol": "ADA-USD"}, {"trade_id": 143543147, "side": "sell", "size": "50.00000000", "price": "0.74800000", "time": "2025-07-14T12:39:33.927310Z", "fetched_at": "2025-07-14T12:42:30.630020+00:00", "symbol": "ADA-USD"}, {"trade_id": 143543146, "side": "sell", "size": "9.75206897", "price": "0.74800000", "time": "2025-07-14T12:39:33.927310Z", "fetched_at": "2025-07-14T12:42:30.630020+00:00", "symbol": "ADA-USD"}, {"trade_id": 143543145, "side": "sell", "size": "1.50000000", "price": "0.74800000", "time": "2025-07-14T12:39:33.927310Z", "fetched_at": "2025-07-14T12:42:30.630020+00:00", "symbol": "ADA-USD"}, {"trade_id": 143543144, "side": "sell", "size": "12.71765116", "price": "0.74790000", "time": "2025-07-14T12:39:32.838653Z", "fetched_at": "2025-07-14T12:42:30.630020+00:00", "symbol": "ADA-USD"}, {"trade_id": 143543143, "side": "sell", "size": "12.72017393", "price": "0.74790000", "time": "2025-07-14T12:39:26.571002Z", "fetched_at": "2025-07-14T12:42:30.630020+00:00", "symbol": "ADA-USD"}, {"trade_id": 143543142, "side": "sell", "size": "1.50000000", "price": "0.74790000", "time": "2025-07-14T12:39:26.571002Z", "fetched_at": "2025-07-14T12:42:30.630020+00:00", "symbol": "ADA-USD"}, {"trade_id": 143543141, "side": "sell", "size": "26.98999291", "price": "0.74770000", "time": "2025-07-14T12:39:25.437065Z", "fetched_at": "2025-07-14T12:42:30.630020+00:00", "symbol": "ADA-USD"}, {"trade_id": 143543140, "side": "buy", "size": "11.60300435", "price": "0.74750000", "time": "2025-07-14T12:39:25.385320Z", "fetched_at": "2025-07-14T12:42:30.630020+00:00", "symbol": "ADA-USD"}, {"trade_id": 143543139, "side": "buy", "size": "6000.00000000", "price": "0.74750000", "time": "2025-07-14T12:39:25.385320Z", "fetched_at": "2025-07-14T12:42:30.630020+00:00", "symbol": "ADA-USD"}, {"trade_id": 143543138, "side": "buy", "size": "668.79799765", "price": "0.74760000", "time": "2025-07-14T12:39:25.385320Z", "fetched_at": "2025-07-14T12:42:30.630020+00:00", "symbol": "ADA-USD"}, {"trade_id": 143543137, "side": "buy", "size": "50.00000000", "price": "0.74760000", "time": "2025-07-14T12:39:25.385320Z", "fetched_at": "2025-07-14T12:42:30.630020+00:00", "symbol": "ADA-USD"}, {"trade_id": 143543136, "side": "buy", "size": "981.50000000", "price": "0.74760000", "time": "2025-07-14T12:39:25.385320Z", "fetched_at": "2025-07-14T12:42:30.630020+00:00", "symbol": "ADA-USD"}, {"trade_id": 143543135, "side": "buy", "size": "310.50000000", "price": "0.74770000", "time": "2025-07-14T12:39:25.385320Z", "fetched_at": "2025-07-14T12:42:30.630020+00:00", "symbol": "ADA-USD"}, {"trade_id": 143543134, "side": "sell", "size": "35.98665722", "price": "0.74770000", "time": "2025-07-14T12:39:24.712021Z", "fetched_at": "2025-07-14T12:42:30.630020+00:00", "symbol": "ADA-USD"}, {"trade_id": 143543133, "side": "sell", "size": "3140.12318911", "price": "0.74770000", "time": "2025-07-14T12:39:24.270786Z", "fetched_at": "2025-07-14T12:42:30.630020+00:00", "symbol": "ADA-USD"}, {"trade_id": 143543132, "side": "sell", "size": "802.36400659", "price": "0.74770000", "time": "2025-07-14T12:39:24.270786Z", "fetched_at": "2025-07-14T12:42:30.630020+00:00", "symbol": "ADA-USD"}, {"trade_id": 143543131, "side": "sell", "size": "690.56325730", "price": "0.74770000", "time": "2025-07-14T12:39:24.270786Z", "fetched_at": "2025-07-14T12:42:30.630020+00:00", "symbol": "ADA-USD"}, {"trade_id": 143543130, "side": "sell", "size": "47.98220962", "price": "0.74760000", "time": "2025-07-14T12:39:20.801959Z", "fetched_at": "2025-07-14T12:42:30.630020+00:00", "symbol": "ADA-USD"}, {"trade_id": 143543129, "side": "sell", "size": "291.51307722", "price": "0.74770000", "time": "2025-07-14T12:39:19.431891Z", "fetched_at": "2025-07-14T12:42:30.630020+00:00", "symbol": "ADA-USD"}, {"trade_id": 143543128, "side": "sell", "size": "701.22532368", "price": "0.74770000", "time": "2025-07-14T12:39:19.431891Z", "fetched_at": "2025-07-14T12:42:30.630020+00:00", "symbol": "ADA-USD"}, {"trade_id": 143543127, "side": "sell", "size": "205.64900502", "price": "0.74770000", "time": "2025-07-14T12:39:19.431891Z", "fetched_at": "2025-07-14T12:42:30.630020+00:00", "symbol": "ADA-USD"}, {"trade_id": 143543126, "side": "sell", "size": "50.00000000", "price": "0.74760000", "time": "2025-07-14T12:39:19.431891Z", "fetched_at": "2025-07-14T12:42:30.630020+00:00", "symbol": "ADA-USD"}, {"trade_id": 143543125, "side": "sell", "size": "310.40292808", "price": "0.74760000", "time": "2025-07-14T12:39:19.431891Z", "fetched_at": "2025-07-14T12:42:30.630020+00:00", "symbol": "ADA-USD"}, {"trade_id": 143543124, "side": "sell", "size": "0.09707192", "price": "0.74760000", "time": "2025-07-14T12:39:19.392174Z", "fetched_at": "2025-07-14T12:42:30.630020+00:00", "symbol": "ADA-USD"}, {"trade_id": 143543123, "side": "sell", "size": "104.85099498", "price": "0.74770000", "time": "2025-07-14T12:39:19.372648Z", "fetched_at": "2025-07-14T12:42:30.630020+00:00", "symbol": "ADA-USD"}, {"trade_id": 143543122, "side": "sell", "size": "50.00000000", "price": "0.74770000", "time": "2025-07-14T12:39:19.372648Z", "fetched_at": "2025-07-14T12:42:30.630020+00:00", "symbol": "ADA-USD"}, {"trade_id": 143543121, "side": "sell", "size": "63.97627950", "price": "0.74770000", "time": "2025-07-14T12:39:19.372648Z", "fetched_at": "2025-07-14T12:42:30.630020+00:00", "symbol": "ADA-USD"}, {"trade_id": 143543120, "side": "buy", "size": "143.77441700", "price": "0.74750000", "time": "2025-07-14T12:39:18.246721Z", "fetched_at": "2025-07-14T12:42:30.630020+00:00", "symbol": "ADA-USD"}, {"trade_id": 143543119, "side": "buy", "size": "1.44790597", "price": "0.74750000", "time": "2025-07-14T12:39:15.693320Z", "fetched_at": "2025-07-14T12:42:30.630020+00:00", "symbol": "ADA-USD"}, {"trade_id": 143543118, "side": "buy", "size": "1.50000000", "price": "0.74750000", "time": "2025-07-14T12:39:15.686006Z", "fetched_at": "2025-07-14T12:42:30.630020+00:00", "symbol": "ADA-USD"}, {"trade_id": 143543117, "side": "buy", "size": "1.44771230", "price": "0.74760000", "time": "2025-07-14T12:39:15.552051Z", "fetched_at": "2025-07-14T12:42:30.630020+00:00", "symbol": "ADA-USD"}, {"trade_id": 143543116, "side": "buy", "size": "1.50000000", "price": "0.74760000", "time": "2025-07-14T12:39:15.552051Z", "fetched_at": "2025-07-14T12:42:30.630020+00:00", "symbol": "ADA-USD"}, {"trade_id": 143543115, "side": "buy", "size": "1.44882662", "price": "0.74770000", "time": "2025-07-14T12:39:15.206473Z", "fetched_at": "2025-07-14T12:42:30.630020+00:00", "symbol": "ADA-USD"}, {"trade_id": 143543114, "side": "sell", "size": "198.52941200", "price": "0.74780000", "time": "2025-07-14T12:39:14.146636Z", "fetched_at": "2025-07-14T12:42:30.630020+00:00", "symbol": "ADA-USD"}, {"trade_id": 143543113, "side": "sell", "size": "64.97619700", "price": "0.74750000", "time": "2025-07-14T12:39:12.580186Z", "fetched_at": "2025-07-14T12:42:30.630020+00:00", "symbol": "ADA-USD"}, {"trade_id": 143543112, "side": "buy", "size": "1.50000000", "price": "0.74750000", "time": "2025-07-14T12:39:12.073143Z", "fetched_at": "2025-07-14T12:42:30.630020+00:00", "symbol": "ADA-USD"}, {"trade_id": 143543111, "side": "buy", "size": "1.56459591", "price": "0.74760000", "time": "2025-07-14T12:39:11.995563Z", "fetched_at": "2025-07-14T12:42:30.630020+00:00", "symbol": "ADA-USD"}, {"trade_id": 143543110, "side": "buy", "size": "104.14466774", "price": "0.74750000", "time": "2025-07-14T12:39:11.805486Z", "fetched_at": "2025-07-14T12:42:30.630020+00:00", "symbol": "ADA-USD"}, {"trade_id": 143543109, "side": "buy", "size": "15.83172819", "price": "0.74760000", "time": "2025-07-14T12:39:11.805486Z", "fetched_at": "2025-07-14T12:42:30.630020+00:00", "symbol": "ADA-USD"}, {"trade_id": 143543108, "side": "buy", "size": "1.80366807", "price": "0.74760000", "time": "2025-07-14T12:39:11.805486Z", "fetched_at": "2025-07-14T12:42:30.630020+00:00", "symbol": "ADA-USD"}, {"trade_id": 143543107, "side": "buy", "size": "1.50000000", "price": "0.74760000", "time": "2025-07-14T12:39:11.805486Z", "fetched_at": "2025-07-14T12:42:30.630020+00:00", "symbol": "ADA-USD"}, {"trade_id": 143543106, "side": "buy", "size": "2.86637769", "price": "0.74770000", "time": "2025-07-14T12:39:11.464637Z", "fetched_at": "2025-07-14T12:42:30.630020+00:00", "symbol": "ADA-USD"}, {"trade_id": 143543105, "side": "buy", "size": "13.82907583", "price": "0.74770000", "time": "2025-07-14T12:39:11.464637Z", "fetched_at": "2025-07-14T12:42:30.630020+00:00", "symbol": "ADA-USD"}, {"trade_id": 143543104, "side": "buy", "size": "15.70099907", "price": "0.74770000", "time": "2025-07-14T12:39:11.464637Z", "fetched_at": "2025-07-14T12:42:30.630020+00:00", "symbol": "ADA-USD"}, {"trade_id": 143543103, "side": "buy", "size": "1.50000000", "price": "0.74770000", "time": "2025-07-14T12:39:11.464637Z", "fetched_at": "2025-07-14T12:42:30.630020+00:00", "symbol": "ADA-USD"}, {"trade_id": 143543102, "side": "buy", "size": "2.86599438", "price": "0.74780000", "time": "2025-07-14T12:39:11.391875Z", "fetched_at": "2025-07-14T12:42:30.630020+00:00", "symbol": "ADA-USD"}, {"trade_id": 143543101, "side": "buy", "size": "1.50000000", "price": "0.74780000", "time": "2025-07-14T12:39:11.391875Z", "fetched_at": "2025-07-14T12:42:30.630020+00:00", "symbol": "ADA-USD"}, {"trade_id": 143543100, "side": "buy", "size": "4859.80000000", "price": "0.74790000", "time": "2025-07-14T12:39:11.031260Z", "fetched_at": "2025-07-14T12:42:30.630020+00:00", "symbol": "ADA-USD"}, {"trade_id": 143543099, "side": "buy", "size": "48.03162733", "price": "0.74790000", "time": "2025-07-14T12:39:11.031260Z", "fetched_at": "2025-07-14T12:42:30.630020+00:00", "symbol": "ADA-USD"}, {"trade_id": 143543098, "side": "buy", "size": "4.66807744", "price": "0.74800000", "time": "2025-07-14T12:39:11.031260Z", "fetched_at": "2025-07-14T12:42:30.630020+00:00", "symbol": "ADA-USD"}, {"trade_id": 143543097, "side": "sell", "size": "1.32370600", "price": "0.74810000", "time": "2025-07-14T12:39:09.690685Z", "fetched_at": "2025-07-14T12:42:30.630020+00:00", "symbol": "ADA-USD"}, {"trade_id": 143543096, "side": "sell", "size": "1.50000000", "price": "0.74800000", "time": "2025-07-14T12:39:09.650826Z", "fetched_at": "2025-07-14T12:42:30.630020+00:00", "symbol": "ADA-USD"}, {"trade_id": 143543095, "side": "sell", "size": "12.71674742", "price": "0.74790000", "time": "2025-07-14T12:39:09.112071Z", "fetched_at": "2025-07-14T12:42:30.630020+00:00", "symbol": "ADA-USD"}, {"trade_id": 143543094, "side": "buy", "size": "1.59547569", "price": "0.74780000", "time": "2025-07-14T12:39:07.259480Z", "fetched_at": "2025-07-14T12:42:30.630020+00:00", "symbol": "ADA-USD"}, {"trade_id": 143543093, "side": "sell", "size": "100.35846145", "price": "0.74790000", "time": "2025-07-14T12:39:06.781140Z", "fetched_at": "2025-07-14T12:42:30.630020+00:00", "symbol": "ADA-USD"}, {"trade_id": 143543092, "side": "sell", "size": "116.16675000", "price": "0.74790000", "time": "2025-07-14T12:39:06.781140Z", "fetched_at": "2025-07-14T12:42:30.630020+00:00", "symbol": "ADA-USD"}, {"trade_id": 143543091, "side": "sell", "size": "69.29116355", "price": "0.74790000", "time": "2025-07-14T12:39:06.781140Z", "fetched_at": "2025-07-14T12:42:30.630020+00:00", "symbol": "ADA-USD"}, {"trade_id": 143543090, "side": "buy", "size": "49.35365690", "price": "0.74790000", "time": "2025-07-14T12:39:06.325068Z", "fetched_at": "2025-07-14T12:42:30.630020+00:00", "symbol": "ADA-USD"}, {"trade_id": 143543089, "side": "buy", "size": "2.14328350", "price": "0.74790000", "time": "2025-07-14T12:39:06.325068Z", "fetched_at": "2025-07-14T12:42:30.630020+00:00", "symbol": "ADA-USD"}, {"trade_id": 143543088, "side": "buy", "size": "97.52405676", "price": "0.74790000", "time": "2025-07-14T12:39:04.291164Z", "fetched_at": "2025-07-14T12:42:30.630020+00:00", "symbol": "ADA-USD"}, {"trade_id": 143543087, "side": "buy", "size": "3.98129324", "price": "0.74790000", "time": "2025-07-14T12:39:04.291164Z", "fetched_at": "2025-07-14T12:42:30.630020+00:00", "symbol": "ADA-USD"}, {"trade_id": 143543086, "side": "sell", "size": "63.96107405", "price": "0.74780000", "time": "2025-07-14T12:39:03.550233Z", "fetched_at": "2025-07-14T12:42:30.630020+00:00", "symbol": "ADA-USD"}, {"trade_id": 143543085, "side": "buy", "size": "781.96754777", "price": "0.74780000", "time": "2025-07-14T12:39:03.530514Z", "fetched_at": "2025-07-14T12:42:30.630020+00:00", "symbol": "ADA-USD"}, {"trade_id": 143543084, "side": "buy", "size": "261.88293833", "price": "0.74780000", "time": "2025-07-14T12:39:03.530514Z", "fetched_at": "2025-07-14T12:42:30.630020+00:00", "symbol": "ADA-USD"}, {"trade_id": 143543083, "side": "buy", "size": "653.79105065", "price": "0.74780000", "time": "2025-07-14T12:39:03.530514Z", "fetched_at": "2025-07-14T12:42:30.630020+00:00", "symbol": "ADA-USD"}, {"trade_id": 143543082, "side": "buy", "size": "1.50000000", "price": "0.74780000", "time": "2025-07-14T12:39:03.530514Z", "fetched_at": "2025-07-14T12:42:30.630020+00:00", "symbol": "ADA-USD"}, {"trade_id": 143543081, "side": "buy", "size": "310.50000000", "price": "0.74780000", "time": "2025-07-14T12:39:03.530514Z", "fetched_at": "2025-07-14T12:42:30.630020+00:00", "symbol": "ADA-USD"}, {"trade_id": 143543080, "side": "buy", "size": "13.58637039", "price": "0.74780000", "time": "2025-07-14T12:39:03.530514Z", "fetched_at": "2025-07-14T12:42:30.630020+00:00", "symbol": "ADA-USD"}, {"trade_id": 143543079, "side": "buy", "size": "668.53068276", "price": "0.74790000", "time": "2025-07-14T12:39:03.530514Z", "fetched_at": "2025-07-14T12:42:30.630020+00:00", "symbol": "ADA-USD"}, {"trade_id": 143543078, "side": "buy", "size": "310.50000000", "price": "0.74790000", "time": "2025-07-14T12:39:03.530514Z", "fetched_at": "2025-07-14T12:42:30.630020+00:00", "symbol": "ADA-USD"}, {"trade_id": 143543077, "side": "buy", "size": "15.45554218", "price": "0.74790000", "time": "2025-07-14T12:39:03.530514Z", "fetched_at": "2025-07-14T12:42:30.630020+00:00", "symbol": "ADA-USD"}, {"trade_id": 143543076, "side": "buy", "size": "1.77062679", "price": "0.74800000", "time": "2025-07-14T12:39:03.530297Z", "fetched_at": "2025-07-14T12:42:30.630020+00:00", "symbol": "ADA-USD"}, {"trade_id": 143543075, "side": "buy", "size": "981.50000000", "price": "0.74800000", "time": "2025-07-14T12:39:03.530297Z", "fetched_at": "2025-07-14T12:42:30.630020+00:00", "symbol": "ADA-USD"}, {"trade_id": 143543074, "side": "buy", "size": "1.91029845", "price": "0.74800000", "time": "2025-07-14T12:39:00.669270Z", "fetched_at": "2025-07-14T12:42:30.630020+00:00", "symbol": "ADA-USD"}, {"trade_id": 143543073, "side": "buy", "size": "329.63379168", "price": "0.74800000", "time": "2025-07-14T12:39:00.669270Z", "fetched_at": "2025-07-14T12:42:30.630020+00:00", "symbol": "ADA-USD"}, {"trade_id": 143543072, "side": "sell", "size": "1.50000000", "price": "0.74800000", "time": "2025-07-14T12:38:58.143616Z", "fetched_at": "2025-07-14T12:42:30.630020+00:00", "symbol": "ADA-USD"}, {"trade_id": 143543071, "side": "sell", "size": "1.50000000", "price": "0.74790000", "time": "2025-07-14T12:38:57.125273Z", "fetched_at": "2025-07-14T12:42:30.630020+00:00", "symbol": "ADA-USD"}, {"trade_id": 143543070, "side": "sell", "size": "1.50000000", "price": "0.74780000", "time": "2025-07-14T12:38:55.105653Z", "fetched_at": "2025-07-14T12:42:30.630020+00:00", "symbol": "ADA-USD"}, {"trade_id": 143543069, "side": "sell", "size": "1.50000000", "price": "0.74770000", "time": "2025-07-14T12:38:54.425120Z", "fetched_at": "2025-07-14T12:42:30.630020+00:00", "symbol": "ADA-USD"}, {"trade_id": 143543068, "side": "sell", "size": "286.23850565", "price": "0.74770000", "time": "2025-07-14T12:38:54.425120Z", "fetched_at": "2025-07-14T12:42:30.630020+00:00", "symbol": "ADA-USD"}, {"trade_id": 143543067, "side": "sell", "size": "1065.82023133", "price": "0.74770000", "time": "2025-07-14T12:38:54.420529Z", "fetched_at": "2025-07-14T12:42:30.630020+00:00", "symbol": "ADA-USD"}, {"trade_id": 143543066, "side": "sell", "size": "129.26121306", "price": "0.74770000", "time": "2025-07-14T12:38:54.420517Z", "fetched_at": "2025-07-14T12:42:30.630020+00:00", "symbol": "ADA-USD"}, {"trade_id": 143543065, "side": "sell", "size": "278.24030280", "price": "0.74770000", "time": "2025-07-14T12:38:54.408548Z", "fetched_at": "2025-07-14T12:42:30.630020+00:00", "symbol": "ADA-USD"}, {"trade_id": 143543064, "side": "sell", "size": "652.63470460", "price": "0.74770000", "time": "2025-07-14T12:38:54.398031Z", "fetched_at": "2025-07-14T12:42:30.630020+00:00", "symbol": "ADA-USD"}, {"trade_id": 143543063, "side": "sell", "size": "84.33977000", "price": "0.74770000", "time": "2025-07-14T12:38:54.395042Z", "fetched_at": "2025-07-14T12:42:30.630020+00:00", "symbol": "ADA-USD"}, {"trade_id": 143543062, "side": "sell", "size": "1442.85385747", "price": "0.74770000", "time": "2025-07-14T12:38:54.391570Z", "fetched_at": "2025-07-14T12:42:30.630020+00:00", "symbol": "ADA-USD"}, {"trade_id": 143543061, "side": "sell", "size": "178.51716000", "price": "0.74770000", "time": "2025-07-14T12:38:54.288370Z", "fetched_at": "2025-07-14T12:42:30.630020+00:00", "symbol": "ADA-USD"}, {"trade_id": 143543060, "side": "sell", "size": "214.32017889", "price": "0.74770000", "time": "2025-07-14T12:38:54.284909Z", "fetched_at": "2025-07-14T12:42:30.630020+00:00", "symbol": "ADA-USD"}, {"trade_id": 143543059, "side": "sell", "size": "153.84559000", "price": "0.74770000", "time": "2025-07-14T12:38:54.276716Z", "fetched_at": "2025-07-14T12:42:30.630020+00:00", "symbol": "ADA-USD"}, {"trade_id": 143543058, "side": "sell", "size": "79.73648662", "price": "0.74770000", "time": "2025-07-14T12:38:54.273561Z", "fetched_at": "2025-07-14T12:42:30.630020+00:00", "symbol": "ADA-USD"}, {"trade_id": 143543057, "side": "sell", "size": "166.46975000", "price": "0.74770000", "time": "2025-07-14T12:38:54.187612Z", "fetched_at": "2025-07-14T12:42:30.630020+00:00", "symbol": "ADA-USD"}, {"trade_id": 143543056, "side": "sell", "size": "51.00306000", "price": "0.74770000", "time": "2025-07-14T12:38:54.186967Z", "fetched_at": "2025-07-14T12:42:30.630020+00:00", "symbol": "ADA-USD"}, {"trade_id": 143543055, "side": "sell", "size": "1235.56727299", "price": "0.74770000", "time": "2025-07-14T12:38:54.183806Z", "fetched_at": "2025-07-14T12:42:30.630020+00:00", "symbol": "ADA-USD"}, {"trade_id": 143543054, "side": "sell", "size": "1877.50129171", "price": "0.74770000", "time": "2025-07-14T12:38:54.183194Z", "fetched_at": "2025-07-14T12:42:30.630020+00:00", "symbol": "ADA-USD"}, {"trade_id": 143543053, "side": "sell", "size": "931.50000000", "price": "0.74770000", "time": "2025-07-14T12:38:54.176715Z", "fetched_at": "2025-07-14T12:42:30.630020+00:00", "symbol": "ADA-USD"}, {"trade_id": 143543052, "side": "sell", "size": "1019.09800000", "price": "0.74770000", "time": "2025-07-14T12:38:54.175334Z", "fetched_at": "2025-07-14T12:42:30.630020+00:00", "symbol": "ADA-USD"}, {"trade_id": 143543051, "side": "sell", "size": "2414.48318664", "price": "0.74770000", "time": "2025-07-14T12:38:54.172627Z", "fetched_at": "2025-07-14T12:42:30.630020+00:00", "symbol": "ADA-USD"}, {"trade_id": 143543050, "side": "sell", "size": "1325.59861227", "price": "0.74770000", "time": "2025-07-14T12:38:54.171514Z", "fetched_at": "2025-07-14T12:42:30.630020+00:00", "symbol": "ADA-USD"}, {"trade_id": 143543049, "side": "sell", "size": "472.97082597", "price": "0.74770000", "time": "2025-07-14T12:38:54.170836Z", "fetched_at": "2025-07-14T12:42:30.630020+00:00", "symbol": "ADA-USD"}, {"trade_id": 143543048, "side": "sell", "size": "124.33513661", "price": "0.74760000", "time": "2025-07-14T12:38:53.976323Z", "fetched_at": "2025-07-14T12:42:30.630020+00:00", "symbol": "ADA-USD"}, {"trade_id": 143543047, "side": "buy", "size": "62.95208524", "price": "0.74750000", "time": "2025-07-14T12:38:53.646294Z", "fetched_at": "2025-07-14T12:42:30.630020+00:00", "symbol": "ADA-USD"}, {"trade_id": 143543046, "side": "buy", "size": "24.15354736", "price": "0.74750000", "time": "2025-07-14T12:38:53.646294Z", "fetched_at": "2025-07-14T12:42:30.630020+00:00", "symbol": "ADA-USD"}, {"trade_id": 143543045, "side": "buy", "size": "2.39436740", "price": "0.74760000", "time": "2025-07-14T12:38:53.646294Z", "fetched_at": "2025-07-14T12:42:30.630020+00:00", "symbol": "ADA-USD"}, {"trade_id": 143543044, "side": "buy", "size": "310.50000000", "price": "0.74760000", "time": "2025-07-14T12:38:53.646294Z", "fetched_at": "2025-07-14T12:42:30.630020+00:00", "symbol": "ADA-USD"}, {"trade_id": 143543043, "side": "sell", "size": "1325.68382833", "price": "0.74760000", "time": "2025-07-14T12:38:53.221362Z", "fetched_at": "2025-07-14T12:42:30.630020+00:00", "symbol": "ADA-USD"}, {"trade_id": 143543042, "side": "buy", "size": "5.76179263", "price": "0.74740000", "time": "2025-07-14T12:38:51.399537Z", "fetched_at": "2025-07-14T12:42:30.630020+00:00", "symbol": "ADA-USD"}, {"trade_id": 143543041, "side": "buy", "size": "1.50000000", "price": "0.74740000", "time": "2025-07-14T12:38:51.399537Z", "fetched_at": "2025-07-14T12:42:30.630020+00:00", "symbol": "ADA-USD"}, {"trade_id": 143543040, "side": "sell", "size": "68.39945000", "price": "0.74750000", "time": "2025-07-14T12:38:51.370695Z", "fetched_at": "2025-07-14T12:42:30.630020+00:00", "symbol": "ADA-USD"}, {"trade_id": 143543039, "side": "sell", "size": "174.25012000", "price": "0.74750000", "time": "2025-07-14T12:38:51.369933Z", "fetched_at": "2025-07-14T12:42:30.630020+00:00", "symbol": "ADA-USD"}, {"trade_id": 143543038, "side": "buy", "size": "664.90608532", "price": "0.74750000", "time": "2025-07-14T12:38:51.364727Z", "fetched_at": "2025-07-14T12:42:30.630020+00:00", "symbol": "ADA-USD"}, {"trade_id": 143543037, "side": "buy", "size": "6000.00000000", "price": "0.74750000", "time": "2025-07-14T12:38:51.364727Z", "fetched_at": "2025-07-14T12:42:30.630020+00:00", "symbol": "ADA-USD"}, {"trade_id": 143543036, "side": "buy", "size": "24.14617673", "price": "0.74750000", "time": "2025-07-14T12:38:51.364727Z", "fetched_at": "2025-07-14T12:42:30.630020+00:00", "symbol": "ADA-USD"}, {"trade_id": 143543035, "side": "buy", "size": "30.92121455", "price": "0.74760000", "time": "2025-07-14T12:38:51.364727Z", "fetched_at": "2025-07-14T12:42:30.630020+00:00", "symbol": "ADA-USD"}, {"trade_id": 143543034, "side": "buy", "size": "5.74967108", "price": "0.74760000", "time": "2025-07-14T12:38:51.364727Z", "fetched_at": "2025-07-14T12:42:30.630020+00:00", "symbol": "ADA-USD"}, {"trade_id": 143543033, "side": "sell", "size": "4.80277400", "price": "0.74770000", "time": "2025-07-14T12:38:48.582974Z", "fetched_at": "2025-07-14T12:42:30.630020+00:00", "symbol": "ADA-USD"}, {"trade_id": 143543032, "side": "sell", "size": "1.50000000", "price": "0.74770000", "time": "2025-07-14T12:38:48.582974Z", "fetched_at": "2025-07-14T12:42:30.630020+00:00", "symbol": "ADA-USD"}, {"trade_id": 143543031, "side": "buy", "size": "100.67126440", "price": "0.74740000", "time": "2025-07-14T12:38:42.558456Z", "fetched_at": "2025-07-14T12:42:30.630020+00:00", "symbol": "ADA-USD"}, {"trade_id": 143543030, "side": "buy", "size": "310.50000000", "price": "0.74750000", "time": "2025-07-14T12:38:42.558456Z", "fetched_at": "2025-07-14T12:42:30.630020+00:00", "symbol": "ADA-USD"}, {"trade_id": 143543029, "side": "buy", "size": "12.72290360", "price": "0.74760000", "time": "2025-07-14T12:38:42.558456Z", "fetched_at": "2025-07-14T12:42:30.630020+00:00", "symbol": "ADA-USD"}, {"trade_id": 143543028, "side": "sell", "size": "1.50000000", "price": "0.74760000", "time": "2025-07-14T12:38:41.524507Z", "fetched_at": "2025-07-14T12:42:30.630020+00:00", "symbol": "ADA-USD"}, {"trade_id": 143543027, "side": "sell", "size": "1.50000000", "price": "0.74750000", "time": "2025-07-14T12:38:41.342729Z", "fetched_at": "2025-07-14T12:42:30.630020+00:00", "symbol": "ADA-USD"}, {"trade_id": 143543026, "side": "sell", "size": "1.50000000", "price": "0.74740000", "time": "2025-07-14T12:38:41.034985Z", "fetched_at": "2025-07-14T12:42:30.630020+00:00", "symbol": "ADA-USD"}, {"trade_id": 143543025, "side": "sell", "size": "1.50000000", "price": "0.74730000", "time": "2025-07-14T12:38:40.348873Z", "fetched_at": "2025-07-14T12:42:30.630020+00:00", "symbol": "ADA-USD"}, {"trade_id": 143543024, "side": "sell", "size": "1.50000000", "price": "0.74720000", "time": "2025-07-14T12:38:40.090604Z", "fetched_at": "2025-07-14T12:42:30.630020+00:00", "symbol": "ADA-USD"}, {"trade_id": 143543023, "side": "buy", "size": "26.60666100", "price": "0.74710000", "time": "2025-07-14T12:38:39.908513Z", "fetched_at": "2025-07-14T12:42:30.630020+00:00", "symbol": "ADA-USD"}, {"trade_id": 143543022, "side": "sell", "size": "1.50000000", "price": "0.74710000", "time": "2025-07-14T12:38:39.703850Z", "fetched_at": "2025-07-14T12:42:30.630020+00:00", "symbol": "ADA-USD"}, {"trade_id": 143543021, "side": "sell", "size": "2.26780191", "price": "0.74700000", "time": "2025-07-14T12:38:39.252120Z", "fetched_at": "2025-07-14T12:42:30.630020+00:00", "symbol": "ADA-USD"}, {"trade_id": 143543020, "side": "sell", "size": "3821.34472001", "price": "0.74700000", "time": "2025-07-14T12:38:39.252120Z", "fetched_at": "2025-07-14T12:42:30.630020+00:00", "symbol": "ADA-USD"}, {"trade_id": 143543019, "side": "sell", "size": "130.24166100", "price": "0.74700000", "time": "2025-07-14T12:38:38.710670Z", "fetched_at": "2025-07-14T12:42:30.630020+00:00", "symbol": "ADA-USD"}, {"trade_id": 143543018, "side": "sell", "size": "138.01151899", "price": "0.74700000", "time": "2025-07-14T12:38:38.392208Z", "fetched_at": "2025-07-14T12:42:30.630020+00:00", "symbol": "ADA-USD"}, {"trade_id": 143543017, "side": "sell", "size": "785.70210000", "price": "0.74700000", "time": "2025-07-14T12:38:38.337951Z", "fetched_at": "2025-07-14T12:42:30.630020+00:00", "symbol": "ADA-USD"}, {"trade_id": 143543016, "side": "sell", "size": "1.50000000", "price": "0.74700000", "time": "2025-07-14T12:38:38.337951Z", "fetched_at": "2025-07-14T12:42:30.630020+00:00", "symbol": "ADA-USD"}, {"trade_id": 143543015, "side": "sell", "size": "0.98791334", "price": "0.74690000", "time": "2025-07-14T12:38:33.050163Z", "fetched_at": "2025-07-14T12:42:30.630020+00:00", "symbol": "ADA-USD"}, {"trade_id": 143543014, "side": "sell", "size": "5.32203766", "price": "0.74690000", "time": "2025-07-14T12:38:33.050163Z", "fetched_at": "2025-07-14T12:42:30.630020+00:00", "symbol": "ADA-USD"}, {"trade_id": 143543013, "side": "sell", "size": "1.50000000", "price": "0.74690000", "time": "2025-07-14T12:38:33.050163Z", "fetched_at": "2025-07-14T12:42:30.630020+00:00", "symbol": "ADA-USD"}, {"trade_id": 143543012, "side": "sell", "size": "1.50000000", "price": "0.74680000", "time": "2025-07-14T12:38:32.686634Z", "fetched_at": "2025-07-14T12:42:30.630020+00:00", "symbol": "ADA-USD"}, {"trade_id": 143543011, "side": "sell", "size": "1.50000000", "price": "0.74670000", "time": "2025-07-14T12:38:28.824259Z", "fetched_at": "2025-07-14T12:42:30.630020+00:00", "symbol": "ADA-USD"}, {"trade_id": 143543010, "side": "sell", "size": "1.50000000", "price": "0.74660000", "time": "2025-07-14T12:38:28.587197Z", "fetched_at": "2025-07-14T12:42:30.630020+00:00", "symbol": "ADA-USD"}, {"trade_id": 143543009, "side": "sell", "size": "1.50000000", "price": "0.74650000", "time": "2025-07-14T12:38:28.412188Z", "fetched_at": "2025-07-14T12:42:30.630020+00:00", "symbol": "ADA-USD"}, {"trade_id": 143543008, "side": "sell", "size": "1.50000000", "price": "0.74640000", "time": "2025-07-14T12:38:27.970923Z", "fetched_at": "2025-07-14T12:42:30.630020+00:00", "symbol": "ADA-USD"}, {"trade_id": 143543007, "side": "sell", "size": "88.29709866", "price": "0.74640000", "time": "2025-07-14T12:38:27.091653Z", "fetched_at": "2025-07-14T12:42:30.630020+00:00", "symbol": "ADA-USD"}, {"trade_id": 143543006, "side": "sell", "size": "10.20290134", "price": "0.74630000", "time": "2025-07-14T12:38:27.091653Z", "fetched_at": "2025-07-14T12:42:30.630020+00:00", "symbol": "ADA-USD"}, {"trade_id": 143543005, "side": "sell", "size": "1.50000000", "price": "0.74630000", "time": "2025-07-14T12:38:27.091653Z", "fetched_at": "2025-07-14T12:42:30.630020+00:00", "symbol": "ADA-USD"}, {"trade_id": 143543004, "side": "buy", "size": "1003.07821259", "price": "0.74610000", "time": "2025-07-14T12:38:26.363787Z", "fetched_at": "2025-07-14T12:42:30.630020+00:00", "symbol": "ADA-USD"}, {"trade_id": 143543003, "side": "buy", "size": "310.50000000", "price": "0.74610000", "time": "2025-07-14T12:38:26.363787Z", "fetched_at": "2025-07-14T12:42:30.630020+00:00", "symbol": "ADA-USD"}, {"trade_id": 143543002, "side": "buy", "size": "32.13977485", "price": "0.74620000", "time": "2025-07-14T12:38:26.363787Z", "fetched_at": "2025-07-14T12:42:30.630020+00:00", "symbol": "ADA-USD"}, {"trade_id": 143543001, "side": "buy", "size": "9.03312756", "price": "0.74620000", "time": "2025-07-14T12:38:26.363787Z", "fetched_at": "2025-07-14T12:42:30.630020+00:00", "symbol": "ADA-USD"}, {"trade_id": 143543000, "side": "sell", "size": "64.38379566", "price": "0.74620000", "time": "2025-07-14T12:38:23.689007Z", "fetched_at": "2025-07-14T12:42:30.630020+00:00", "symbol": "ADA-USD"}, {"trade_id": 143542999, "side": "sell", "size": "1.50000000", "price": "0.74620000", "time": "2025-07-14T12:38:23.689007Z", "fetched_at": "2025-07-14T12:42:30.630020+00:00", "symbol": "ADA-USD"}, {"trade_id": 143542998, "side": "sell", "size": "10.26435934", "price": "0.74610000", "time": "2025-07-14T12:38:23.689007Z", "fetched_at": "2025-07-14T12:42:30.630020+00:00", "symbol": "ADA-USD"}, {"trade_id": 143542997, "side": "sell", "size": "1108.10010551", "price": "0.74610000", "time": "2025-07-14T12:38:21.262638Z", "fetched_at": "2025-07-14T12:42:30.630020+00:00", "symbol": "ADA-USD"}, {"trade_id": 143542996, "side": "sell", "size": "1.50000000", "price": "0.74610000", "time": "2025-07-14T12:38:21.262638Z", "fetched_at": "2025-07-14T12:42:30.630020+00:00", "symbol": "ADA-USD"}, {"trade_id": 143542995, "side": "sell", "size": "1.50000000", "price": "0.74600000", "time": "2025-07-14T12:38:21.259559Z", "fetched_at": "2025-07-14T12:42:30.630020+00:00", "symbol": "ADA-USD"}, {"trade_id": 143542994, "side": "sell", "size": "12.75511903", "price": "0.74590000", "time": "2025-07-14T12:38:21.106629Z", "fetched_at": "2025-07-14T12:42:30.630020+00:00", "symbol": "ADA-USD"}, {"trade_id": 143542993, "side": "sell", "size": "1.50000000", "price": "0.74590000", "time": "2025-07-14T12:38:21.106629Z", "fetched_at": "2025-07-14T12:42:30.630020+00:00", "symbol": "ADA-USD"}, {"trade_id": 143542992, "side": "sell", "size": "1.50000000", "price": "0.74580000", "time": "2025-07-14T12:38:20.814525Z", "fetched_at": "2025-07-14T12:42:30.630020+00:00", "symbol": "ADA-USD"}, {"trade_id": 143542991, "side": "buy", "size": "9.48857060", "price": "0.74560000", "time": "2025-07-14T12:38:17.599284Z", "fetched_at": "2025-07-14T12:42:30.630020+00:00", "symbol": "ADA-USD"}, {"trade_id": 143542990, "side": "buy", "size": "40.25345540", "price": "0.74560000", "time": "2025-07-14T12:38:17.599284Z", "fetched_at": "2025-07-14T12:42:30.630020+00:00", "symbol": "ADA-USD"}, {"trade_id": 143542989, "side": "buy", "size": "51.00306000", "price": "0.74570000", "time": "2025-07-14T12:38:17.599284Z", "fetched_at": "2025-07-14T12:42:30.630020+00:00", "symbol": "ADA-USD"}, {"trade_id": 143542988, "side": "sell", "size": "1.50000000", "price": "0.74570000", "time": "2025-07-14T12:38:15.988243Z", "fetched_at": "2025-07-14T12:42:30.630020+00:00", "symbol": "ADA-USD"}, {"trade_id": 143542987, "side": "sell", "size": "1.50000000", "price": "0.74560000", "time": "2025-07-14T12:38:15.623625Z", "fetched_at": "2025-07-14T12:42:30.630020+00:00", "symbol": "ADA-USD"}, {"trade_id": 143542986, "side": "buy", "size": "2.66413173", "price": "0.74550000", "time": "2025-07-14T12:38:12.901684Z", "fetched_at": "2025-07-14T12:42:30.630020+00:00", "symbol": "ADA-USD"}, {"trade_id": 143542985, "side": "sell", "size": "174.25012000", "price": "0.74540000", "time": "2025-07-14T12:38:10.646679Z", "fetched_at": "2025-07-14T12:42:30.630020+00:00", "symbol": "ADA-USD"}, {"trade_id": 143542984, "side": "sell", "size": "170.35484000", "price": "0.74540000", "time": "2025-07-14T12:38:10.646679Z", "fetched_at": "2025-07-14T12:42:30.630020+00:00", "symbol": "ADA-USD"}, {"trade_id": 143542983, "side": "buy", "size": "1231.55760100", "price": "0.74540000", "time": "2025-07-14T12:38:10.641621Z", "fetched_at": "2025-07-14T12:42:30.630020+00:00", "symbol": "ADA-USD"}, {"trade_id": 143542982, "side": "buy", "size": "981.50000000", "price": "0.74540000", "time": "2025-07-14T12:38:10.641621Z", "fetched_at": "2025-07-14T12:42:30.630020+00:00", "symbol": "ADA-USD"}, {"trade_id": 143542981, "side": "buy", "size": "261.88293833", "price": "0.74540000", "time": "2025-07-14T12:38:10.641621Z", "fetched_at": "2025-07-14T12:42:30.630020+00:00", "symbol": "ADA-USD"}, {"trade_id": 143542980, "side": "buy", "size": "310.50000000", "price": "0.74540000", "time": "2025-07-14T12:38:10.641621Z", "fetched_at": "2025-07-14T12:42:30.630020+00:00", "symbol": "ADA-USD"}, {"trade_id": 143542979, "side": "buy", "size": "3.79955233", "price": "0.74550000", "time": "2025-07-14T12:38:10.641607Z", "fetched_at": "2025-07-14T12:42:30.630020+00:00", "symbol": "ADA-USD"}, {"trade_id": 143542978, "side": "sell", "size": "116.27341142", "price": "0.74540000", "time": "2025-07-14T12:38:07.062322Z", "fetched_at": "2025-07-14T12:42:30.630020+00:00", "symbol": "ADA-USD"}, {"trade_id": 143542977, "side": "sell", "size": "79.66205946", "price": "0.74540000", "time": "2025-07-14T12:38:07.062322Z", "fetched_at": "2025-07-14T12:42:30.630020+00:00", "symbol": "ADA-USD"}, {"trade_id": 143542976, "side": "buy", "size": "7.69678536", "price": "0.74540000", "time": "2025-07-14T12:38:06.477508Z", "fetched_at": "2025-07-14T12:42:30.630020+00:00", "symbol": "ADA-USD"}, {"trade_id": 143542975, "side": "buy", "size": "9.43050711", "price": "0.74540000", "time": "2025-07-14T12:38:06.477508Z", "fetched_at": "2025-07-14T12:42:30.630020+00:00", "symbol": "ADA-USD"}, {"trade_id": 143542974, "side": "sell", "size": "1.50000000", "price": "0.74560000", "time": "2025-07-14T12:38:04.448214Z", "fetched_at": "2025-07-14T12:42:30.630020+00:00", "symbol": "ADA-USD"}, {"trade_id": 143542973, "side": "sell", "size": "12.76113402", "price": "0.74550000", "time": "2025-07-14T12:38:04.156869Z", "fetched_at": "2025-07-14T12:42:30.630020+00:00", "symbol": "ADA-USD"}, {"trade_id": 143542972, "side": "sell", "size": "0.16867874", "price": "0.74550000", "time": "2025-07-14T12:38:04.156869Z", "fetched_at": "2025-07-14T12:42:30.630020+00:00", "symbol": "ADA-USD"}, {"trade_id": 143542971, "side": "sell", "size": "869.79568017", "price": "0.74540000", "time": "2025-07-14T12:38:04.125340Z", "fetched_at": "2025-07-14T12:42:30.630020+00:00", "symbol": "ADA-USD"}, {"trade_id": 143542970, "side": "buy", "size": "46.53219747", "price": "0.74540000", "time": "2025-07-14T12:37:59.897683Z", "fetched_at": "2025-07-14T12:42:30.630020+00:00", "symbol": "ADA-USD"}, {"trade_id": 143542969, "side": "buy", "size": "12.39948137", "price": "0.74540000", "time": "2025-07-14T12:37:59.897683Z", "fetched_at": "2025-07-14T12:42:30.630020+00:00", "symbol": "ADA-USD"}, {"trade_id": 143542968, "side": "sell", "size": "1.33132126", "price": "0.74550000", "time": "2025-07-14T12:37:58.529205Z", "fetched_at": "2025-07-14T12:42:30.630020+00:00", "symbol": "ADA-USD"}, {"trade_id": 143542967, "side": "buy", "size": "12.76045443", "price": "0.74540000", "time": "2025-07-14T12:37:56.827308Z", "fetched_at": "2025-07-14T12:42:30.630020+00:00", "symbol": "ADA-USD"}, {"trade_id": 143542966, "side": "buy", "size": "46.53313657", "price": "0.74540000", "time": "2025-07-14T12:37:56.827308Z", "fetched_at": "2025-07-14T12:42:30.630020+00:00", "symbol": "ADA-USD"}, {"trade_id": 143542965, "side": "sell", "size": "10.05102831", "price": "0.74540000", "time": "2025-07-14T12:37:54.457215Z", "fetched_at": "2025-07-14T12:42:30.630020+00:00", "symbol": "ADA-USD"}, {"trade_id": 143542964, "side": "sell", "size": "59.88851886", "price": "0.74540000", "time": "2025-07-14T12:37:53.413285Z", "fetched_at": "2025-07-14T12:42:30.630020+00:00", "symbol": "ADA-USD"}, {"trade_id": 143542963, "side": "sell", "size": "12.61148114", "price": "0.74540000", "time": "2025-07-14T12:37:53.413285Z", "fetched_at": "2025-07-14T12:42:30.630020+00:00", "symbol": "ADA-USD"}, {"trade_id": 143542962, "side": "sell", "size": "1.50000000", "price": "0.74540000", "time": "2025-07-14T12:37:53.413285Z", "fetched_at": "2025-07-14T12:42:30.630020+00:00", "symbol": "ADA-USD"}, {"trade_id": 143542961, "side": "buy", "size": "44.41121550", "price": "0.74520000", "time": "2025-07-14T12:37:51.574817Z", "fetched_at": "2025-07-14T12:42:30.630020+00:00", "symbol": "ADA-USD"}, {"trade_id": 143542960, "side": "buy", "size": "4.11328650", "price": "0.74530000", "time": "2025-07-14T12:37:51.574817Z", "fetched_at": "2025-07-14T12:42:30.630020+00:00", "symbol": "ADA-USD"}, {"trade_id": 143542959, "side": "buy", "size": "12.76216655", "price": "0.74530000", "time": "2025-07-14T12:37:47.355989Z", "fetched_at": "2025-07-14T12:42:30.630020+00:00", "symbol": "ADA-USD"}, {"trade_id": 143542958, "side": "sell", "size": "0.00008966", "price": "0.74530000", "time": "2025-07-14T12:37:45.306422Z", "fetched_at": "2025-07-14T12:42:30.630020+00:00", "symbol": "ADA-USD"}, {"trade_id": 143542957, "side": "sell", "size": "12.46390000", "price": "0.74530000", "time": "2025-07-14T12:37:45.240608Z", "fetched_at": "2025-07-14T12:42:30.630020+00:00", "symbol": "ADA-USD"}, {"trade_id": 143542956, "side": "sell", "size": "1.50000000", "price": "0.74530000", "time": "2025-07-14T12:37:45.240608Z", "fetched_at": "2025-07-14T12:42:30.630020+00:00", "symbol": "ADA-USD"}, {"trade_id": 143542955, "side": "sell", "size": "1.50000000", "price": "0.74520000", "time": "2025-07-14T12:37:45.184699Z", "fetched_at": "2025-07-14T12:42:30.630020+00:00", "symbol": "ADA-USD"}, {"trade_id": 143542954, "side": "buy", "size": "218.46136394", "price": "0.74490000", "time": "2025-07-14T12:37:40.797919Z", "fetched_at": "2025-07-14T12:42:30.630020+00:00", "symbol": "ADA-USD"}, {"trade_id": 143542953, "side": "buy", "size": "5.09021406", "price": "0.74500000", "time": "2025-07-14T12:37:40.797919Z", "fetched_at": "2025-07-14T12:42:30.630020+00:00", "symbol": "ADA-USD"}, {"trade_id": 143542952, "side": "sell", "size": "128.90599600", "price": "0.74510000", "time": "2025-07-14T12:37:37.860208Z", "fetched_at": "2025-07-14T12:42:30.630020+00:00", "symbol": "ADA-USD"}