[{"trade_id": 143594785, "side": "sell", "size": "12.46503027", "price": "0.73650000", "time": "2025-07-14T18:23:20.095736Z", "fetched_at": "2025-07-14T18:23:24.908355+00:00", "symbol": "ADA-USD"}, {"trade_id": 143594784, "side": "buy", "size": "1.50000000", "price": "0.73650000", "time": "2025-07-14T18:23:19.836588Z", "fetched_at": "2025-07-14T18:23:24.908355+00:00", "symbol": "ADA-USD"}, {"trade_id": 143594783, "side": "buy", "size": "1.50000000", "price": "0.73660000", "time": "2025-07-14T18:23:19.741787Z", "fetched_at": "2025-07-14T18:23:24.908355+00:00", "symbol": "ADA-USD"}, {"trade_id": 143594782, "side": "buy", "size": "1.50000000", "price": "0.73670000", "time": "2025-07-14T18:23:17.496892Z", "fetched_at": "2025-07-14T18:23:24.908355+00:00", "symbol": "ADA-USD"}, {"trade_id": 143594781, "side": "buy", "size": "12.85286961", "price": "0.73680000", "time": "2025-07-14T18:23:17.329535Z", "fetched_at": "2025-07-14T18:23:24.908355+00:00", "symbol": "ADA-USD"}, {"trade_id": 143594780, "side": "buy", "size": "1.50000000", "price": "0.73680000", "time": "2025-07-14T18:23:17.329535Z", "fetched_at": "2025-07-14T18:23:24.908355+00:00", "symbol": "ADA-USD"}, {"trade_id": 143594779, "side": "sell", "size": "12.08514792", "price": "0.73700000", "time": "2025-07-14T18:23:14.213711Z", "fetched_at": "2025-07-14T18:23:24.908355+00:00", "symbol": "ADA-USD"}, {"trade_id": 143594778, "side": "sell", "size": "213.01640000", "price": "0.73700000", "time": "2025-07-14T18:23:11.690333Z", "fetched_at": "2025-07-14T18:23:24.908355+00:00", "symbol": "ADA-USD"}, {"trade_id": 143594777, "side": "buy", "size": "12.84938172", "price": "0.73700000", "time": "2025-07-14T18:23:11.685963Z", "fetched_at": "2025-07-14T18:23:24.908355+00:00", "symbol": "ADA-USD"}, {"trade_id": 143594776, "side": "sell", "size": "3.35914917", "price": "0.73690000", "time": "2025-07-14T18:23:10.809303Z", "fetched_at": "2025-07-14T18:23:24.908355+00:00", "symbol": "ADA-USD"}, {"trade_id": 143594775, "side": "sell", "size": "39.66646672", "price": "0.73690000", "time": "2025-07-14T18:23:10.804992Z", "fetched_at": "2025-07-14T18:23:24.908355+00:00", "symbol": "ADA-USD"}, {"trade_id": 143594774, "side": "sell", "size": "11.33659328", "price": "0.73690000", "time": "2025-07-14T18:23:10.804992Z", "fetched_at": "2025-07-14T18:23:24.908355+00:00", "symbol": "ADA-USD"}, {"trade_id": 143594773, "side": "buy", "size": "66.72774893", "price": "0.73680000", "time": "2025-07-14T18:23:08.590396Z", "fetched_at": "2025-07-14T18:23:24.908355+00:00", "symbol": "ADA-USD"}, {"trade_id": 143594772, "side": "buy", "size": "1.50000000", "price": "0.73680000", "time": "2025-07-14T18:23:08.590396Z", "fetched_at": "2025-07-14T18:23:24.908355+00:00", "symbol": "ADA-USD"}, {"trade_id": 143594771, "side": "buy", "size": "6.25189707", "price": "0.73690000", "time": "2025-07-14T18:23:08.590396Z", "fetched_at": "2025-07-14T18:23:24.908355+00:00", "symbol": "ADA-USD"}, {"trade_id": 143594770, "side": "buy", "size": "1.50000000", "price": "0.73690000", "time": "2025-07-14T18:23:08.590396Z", "fetched_at": "2025-07-14T18:23:24.908355+00:00", "symbol": "ADA-USD"}, {"trade_id": 143594769, "side": "buy", "size": "12.84763849", "price": "0.73710000", "time": "2025-07-14T18:23:08.085125Z", "fetched_at": "2025-07-14T18:23:24.908355+00:00", "symbol": "ADA-USD"}, {"trade_id": 143594768, "side": "buy", "size": "74.00936100", "price": "0.73690000", "time": "2025-07-14T18:23:01.878469Z", "fetched_at": "2025-07-14T18:23:24.908355+00:00", "symbol": "ADA-USD"}, {"trade_id": 143594767, "side": "sell", "size": "50.57167770", "price": "0.73700000", "time": "2025-07-14T18:23:01.593248Z", "fetched_at": "2025-07-14T18:23:24.908355+00:00", "symbol": "ADA-USD"}, {"trade_id": 143594766, "side": "sell", "size": "1.50000000", "price": "0.73700000", "time": "2025-07-14T18:23:00.702721Z", "fetched_at": "2025-07-14T18:23:24.908355+00:00", "symbol": "ADA-USD"}, {"trade_id": 143594765, "side": "sell", "size": "21.51231538", "price": "0.73700000", "time": "2025-07-14T18:23:00.702721Z", "fetched_at": "2025-07-14T18:23:24.908355+00:00", "symbol": "ADA-USD"}, {"trade_id": 143594764, "side": "sell", "size": "16.68906000", "price": "0.73690000", "time": "2025-07-14T18:22:58.388496Z", "fetched_at": "2025-07-14T18:23:24.908355+00:00", "symbol": "ADA-USD"}, {"trade_id": 143594763, "side": "sell", "size": "142.01094000", "price": "0.73690000", "time": "2025-07-14T18:22:58.388496Z", "fetched_at": "2025-07-14T18:23:24.908355+00:00", "symbol": "ADA-USD"}, {"trade_id": 143594762, "side": "buy", "size": "1.50000000", "price": "0.73680000", "time": "2025-07-14T18:22:55.563755Z", "fetched_at": "2025-07-14T18:23:24.908355+00:00", "symbol": "ADA-USD"}, {"trade_id": 143594761, "side": "buy", "size": "1.50000000", "price": "0.73690000", "time": "2025-07-14T18:22:55.336745Z", "fetched_at": "2025-07-14T18:23:24.908355+00:00", "symbol": "ADA-USD"}, {"trade_id": 143594760, "side": "buy", "size": "0.86137300", "price": "0.73700000", "time": "2025-07-14T18:22:54.795840Z", "fetched_at": "2025-07-14T18:23:24.908355+00:00", "symbol": "ADA-USD"}, {"trade_id": 143594759, "side": "sell", "size": "73.40244071", "price": "0.73720000", "time": "2025-07-14T18:22:52.727322Z", "fetched_at": "2025-07-14T18:23:24.908355+00:00", "symbol": "ADA-USD"}, {"trade_id": 143594758, "side": "sell", "size": "124.71438253", "price": "0.73710000", "time": "2025-07-14T18:22:52.727322Z", "fetched_at": "2025-07-14T18:23:24.908355+00:00", "symbol": "ADA-USD"}, {"trade_id": 143594757, "side": "sell", "size": "1.88317676", "price": "0.73710000", "time": "2025-07-14T18:22:52.727322Z", "fetched_at": "2025-07-14T18:23:24.908355+00:00", "symbol": "ADA-USD"}, {"trade_id": 143594756, "side": "buy", "size": "131.22000000", "price": "0.73710000", "time": "2025-07-14T18:22:51.172041Z", "fetched_at": "2025-07-14T18:23:24.908355+00:00", "symbol": "ADA-USD"}, {"trade_id": 143594755, "side": "buy", "size": "1.50000000", "price": "0.73710000", "time": "2025-07-14T18:22:51.172041Z", "fetched_at": "2025-07-14T18:23:24.908355+00:00", "symbol": "ADA-USD"}, {"trade_id": 143594754, "side": "sell", "size": "1.68417421", "price": "0.73730000", "time": "2025-07-14T18:22:48.253735Z", "fetched_at": "2025-07-14T18:23:24.908355+00:00", "symbol": "ADA-USD"}, {"trade_id": 143594753, "side": "sell", "size": "2.24556561", "price": "0.73730000", "time": "2025-07-14T18:22:46.291443Z", "fetched_at": "2025-07-14T18:23:24.908355+00:00", "symbol": "ADA-USD"}, {"trade_id": 143594752, "side": "sell", "size": "1.50000000", "price": "0.73730000", "time": "2025-07-14T18:22:45.838369Z", "fetched_at": "2025-07-14T18:23:24.908355+00:00", "symbol": "ADA-USD"}, {"trade_id": 143594751, "side": "sell", "size": "13.95905218", "price": "0.73720000", "time": "2025-07-14T18:22:44.459317Z", "fetched_at": "2025-07-14T18:23:24.908355+00:00", "symbol": "ADA-USD"}, {"trade_id": 143594750, "side": "sell", "size": "3.19273250", "price": "0.73710000", "time": "2025-07-14T18:22:44.459317Z", "fetched_at": "2025-07-14T18:23:24.908355+00:00", "symbol": "ADA-USD"}, {"trade_id": 143594749, "side": "sell", "size": "8.70469133", "price": "0.73710000", "time": "2025-07-14T18:22:42.686754Z", "fetched_at": "2025-07-14T18:23:24.908355+00:00", "symbol": "ADA-USD"}, {"trade_id": 143594748, "side": "sell", "size": "21.51117537", "price": "0.73710000", "time": "2025-07-14T18:22:42.686754Z", "fetched_at": "2025-07-14T18:23:24.908355+00:00", "symbol": "ADA-USD"}, {"trade_id": 143594747, "side": "sell", "size": "2.71635298", "price": "0.73710000", "time": "2025-07-14T18:22:42.686754Z", "fetched_at": "2025-07-14T18:23:24.908355+00:00", "symbol": "ADA-USD"}, {"trade_id": 143594746, "side": "buy", "size": "0.63862700", "price": "0.73700000", "time": "2025-07-14T18:22:42.428239Z", "fetched_at": "2025-07-14T18:23:24.908355+00:00", "symbol": "ADA-USD"}, {"trade_id": 143594745, "side": "sell", "size": "0.27773451", "price": "0.73710000", "time": "2025-07-14T18:22:40.762745Z", "fetched_at": "2025-07-14T18:23:24.908355+00:00", "symbol": "ADA-USD"}, {"trade_id": 143594744, "side": "sell", "size": "100.52671637", "price": "0.73720000", "time": "2025-07-14T18:22:40.744485Z", "fetched_at": "2025-07-14T18:23:24.908355+00:00", "symbol": "ADA-USD"}, {"trade_id": 143594743, "side": "sell", "size": "21.51586015", "price": "0.73710000", "time": "2025-07-14T18:22:40.744485Z", "fetched_at": "2025-07-14T18:23:24.908355+00:00", "symbol": "ADA-USD"}, {"trade_id": 143594742, "side": "sell", "size": "539.46834929", "price": "0.73710000", "time": "2025-07-14T18:22:40.744485Z", "fetched_at": "2025-07-14T18:23:24.908355+00:00", "symbol": "ADA-USD"}, {"trade_id": 143594741, "side": "sell", "size": "120.11215632", "price": "0.73710000", "time": "2025-07-14T18:22:40.216691Z", "fetched_at": "2025-07-14T18:23:24.908355+00:00", "symbol": "ADA-USD"}, {"trade_id": 143594740, "side": "sell", "size": "12.84325332", "price": "0.73710000", "time": "2025-07-14T18:22:40.216691Z", "fetched_at": "2025-07-14T18:23:24.908355+00:00", "symbol": "ADA-USD"}, {"trade_id": 143594739, "side": "sell", "size": "3.72631604", "price": "0.73710000", "time": "2025-07-14T18:22:40.216691Z", "fetched_at": "2025-07-14T18:23:24.908355+00:00", "symbol": "ADA-USD"}, {"trade_id": 143594738, "side": "sell", "size": "0.26580061", "price": "0.73710000", "time": "2025-07-14T18:22:38.168860Z", "fetched_at": "2025-07-14T18:23:24.908355+00:00", "symbol": "ADA-USD"}, {"trade_id": 143594737, "side": "sell", "size": "104.94981705", "price": "0.73720000", "time": "2025-07-14T18:22:38.140563Z", "fetched_at": "2025-07-14T18:23:24.908355+00:00", "symbol": "ADA-USD"}, {"trade_id": 143594736, "side": "sell", "size": "202.97684000", "price": "0.73720000", "time": "2025-07-14T18:22:38.140563Z", "fetched_at": "2025-07-14T18:23:24.908355+00:00", "symbol": "ADA-USD"}, {"trade_id": 143594735, "side": "sell", "size": "4.03748634", "price": "0.73720000", "time": "2025-07-14T18:22:38.140563Z", "fetched_at": "2025-07-14T18:23:24.908355+00:00", "symbol": "ADA-USD"}, {"trade_id": 143594734, "side": "sell", "size": "135.31789000", "price": "0.73710000", "time": "2025-07-14T18:22:38.140563Z", "fetched_at": "2025-07-14T18:23:24.908355+00:00", "symbol": "ADA-USD"}, {"trade_id": 143594733, "side": "sell", "size": "142.01094000", "price": "0.73710000", "time": "2025-07-14T18:22:38.140563Z", "fetched_at": "2025-07-14T18:23:24.908355+00:00", "symbol": "ADA-USD"}, {"trade_id": 143594732, "side": "sell", "size": "51.00306000", "price": "0.73710000", "time": "2025-07-14T18:22:38.140563Z", "fetched_at": "2025-07-14T18:23:24.908355+00:00", "symbol": "ADA-USD"}, {"trade_id": 143594731, "side": "buy", "size": "1.50000000", "price": "0.73710000", "time": "2025-07-14T18:22:38.128697Z", "fetched_at": "2025-07-14T18:23:24.908355+00:00", "symbol": "ADA-USD"}, {"trade_id": 143594730, "side": "buy", "size": "12.84589573", "price": "0.73720000", "time": "2025-07-14T18:22:38.122896Z", "fetched_at": "2025-07-14T18:23:24.908355+00:00", "symbol": "ADA-USD"}, {"trade_id": 143594729, "side": "buy", "size": "68.39945000", "price": "0.73720000", "time": "2025-07-14T18:22:38.120266Z", "fetched_at": "2025-07-14T18:23:24.908355+00:00", "symbol": "ADA-USD"}, {"trade_id": 143594728, "side": "buy", "size": "4545.93543475", "price": "0.73720000", "time": "2025-07-14T18:22:38.114740Z", "fetched_at": "2025-07-14T18:23:24.908355+00:00", "symbol": "ADA-USD"}, {"trade_id": 143594727, "side": "buy", "size": "1.50000000", "price": "0.73720000", "time": "2025-07-14T18:22:38.114740Z", "fetched_at": "2025-07-14T18:23:24.908355+00:00", "symbol": "ADA-USD"}, {"trade_id": 143594726, "side": "sell", "size": "45.18179944", "price": "0.73750000", "time": "2025-07-14T18:22:37.295284Z", "fetched_at": "2025-07-14T18:23:24.908355+00:00", "symbol": "ADA-USD"}, {"trade_id": 143594725, "side": "sell", "size": "2.39271213", "price": "0.73740000", "time": "2025-07-14T18:22:37.295284Z", "fetched_at": "2025-07-14T18:23:24.908355+00:00", "symbol": "ADA-USD"}, {"trade_id": 143594724, "side": "sell", "size": "5.14134343", "price": "0.73740000", "time": "2025-07-14T18:22:37.295284Z", "fetched_at": "2025-07-14T18:23:24.908355+00:00", "symbol": "ADA-USD"}, {"trade_id": 143594723, "side": "buy", "size": "1.50000000", "price": "0.73740000", "time": "2025-07-14T18:22:35.823636Z", "fetched_at": "2025-07-14T18:23:24.908355+00:00", "symbol": "ADA-USD"}, {"trade_id": 143594722, "side": "sell", "size": "3985.45539468", "price": "0.73760000", "time": "2025-07-14T18:22:35.536163Z", "fetched_at": "2025-07-14T18:23:24.908355+00:00", "symbol": "ADA-USD"}, {"trade_id": 143594721, "side": "sell", "size": "830.03603660", "price": "0.73760000", "time": "2025-07-14T18:22:35.536163Z", "fetched_at": "2025-07-14T18:23:24.908355+00:00", "symbol": "ADA-USD"}, {"trade_id": 143594720, "side": "sell", "size": "261.88293833", "price": "0.73760000", "time": "2025-07-14T18:22:35.536163Z", "fetched_at": "2025-07-14T18:23:24.908355+00:00", "symbol": "ADA-USD"}, {"trade_id": 143594719, "side": "sell", "size": "135.31789000", "price": "0.73750000", "time": "2025-07-14T18:22:35.536163Z", "fetched_at": "2025-07-14T18:23:24.908355+00:00", "symbol": "ADA-USD"}, {"trade_id": 143594718, "side": "sell", "size": "142.01094000", "price": "0.73750000", "time": "2025-07-14T18:22:35.536163Z", "fetched_at": "2025-07-14T18:23:24.908355+00:00", "symbol": "ADA-USD"}, {"trade_id": 143594717, "side": "sell", "size": "51.00306000", "price": "0.73750000", "time": "2025-07-14T18:22:35.536163Z", "fetched_at": "2025-07-14T18:23:24.908355+00:00", "symbol": "ADA-USD"}, {"trade_id": 143594716, "side": "sell", "size": "105.79864278", "price": "0.73750000", "time": "2025-07-14T18:22:35.536163Z", "fetched_at": "2025-07-14T18:23:24.908355+00:00", "symbol": "ADA-USD"}, {"trade_id": 143594715, "side": "sell", "size": "204.70135722", "price": "0.73750000", "time": "2025-07-14T18:22:35.504877Z", "fetched_at": "2025-07-14T18:23:24.908355+00:00", "symbol": "ADA-USD"}, {"trade_id": 143594714, "side": "sell", "size": "51.00306000", "price": "0.73750000", "time": "2025-07-14T18:22:35.504877Z", "fetched_at": "2025-07-14T18:23:24.908355+00:00", "symbol": "ADA-USD"}, {"trade_id": 143594713, "side": "sell", "size": "6.10923019", "price": "0.73750000", "time": "2025-07-14T18:22:35.504877Z", "fetched_at": "2025-07-14T18:23:24.908355+00:00", "symbol": "ADA-USD"}, {"trade_id": 143594712, "side": "sell", "size": "1640.94453064", "price": "0.73760000", "time": "2025-07-14T18:22:35.478865Z", "fetched_at": "2025-07-14T18:23:24.908355+00:00", "symbol": "ADA-USD"}, {"trade_id": 143594711, "side": "sell", "size": "3263.26903238", "price": "0.73760000", "time": "2025-07-14T18:22:35.478865Z", "fetched_at": "2025-07-14T18:23:24.908355+00:00", "symbol": "ADA-USD"}, {"trade_id": 143594710, "side": "sell", "size": "830.03603660", "price": "0.73760000", "time": "2025-07-14T18:22:35.478865Z", "fetched_at": "2025-07-14T18:23:24.908355+00:00", "symbol": "ADA-USD"}, {"trade_id": 143594709, "side": "sell", "size": "1789.73396000", "price": "0.73760000", "time": "2025-07-14T18:22:35.478865Z", "fetched_at": "2025-07-14T18:23:24.908355+00:00", "symbol": "ADA-USD"}, {"trade_id": 143594708, "side": "sell", "size": "1653.81569000", "price": "0.73760000", "time": "2025-07-14T18:22:35.478865Z", "fetched_at": "2025-07-14T18:23:24.908355+00:00", "symbol": "ADA-USD"}, {"trade_id": 143594707, "side": "sell", "size": "261.88293833", "price": "0.73760000", "time": "2025-07-14T18:22:35.478865Z", "fetched_at": "2025-07-14T18:23:24.908355+00:00", "symbol": "ADA-USD"}, {"trade_id": 143594706, "side": "sell", "size": "310.50000000", "price": "0.73760000", "time": "2025-07-14T18:22:35.478865Z", "fetched_at": "2025-07-14T18:23:24.908355+00:00", "symbol": "ADA-USD"}, {"trade_id": 143594705, "side": "sell", "size": "135.31789000", "price": "0.73760000", "time": "2025-07-14T18:22:35.478865Z", "fetched_at": "2025-07-14T18:23:24.908355+00:00", "symbol": "ADA-USD"}, {"trade_id": 143594704, "side": "sell", "size": "142.01094000", "price": "0.73760000", "time": "2025-07-14T18:22:35.478865Z", "fetched_at": "2025-07-14T18:23:24.908355+00:00", "symbol": "ADA-USD"}, {"trade_id": 143594703, "side": "sell", "size": "6.98545975", "price": "0.73750000", "time": "2025-07-14T18:22:35.478865Z", "fetched_at": "2025-07-14T18:23:24.908355+00:00", "symbol": "ADA-USD"}, {"trade_id": 143594702, "side": "sell", "size": "729.49190777", "price": "0.73750000", "time": "2025-07-14T18:22:35.478865Z", "fetched_at": "2025-07-14T18:23:24.908355+00:00", "symbol": "ADA-USD"}, {"trade_id": 143594701, "side": "sell", "size": "50.00000000", "price": "0.73750000", "time": "2025-07-14T18:22:35.478865Z", "fetched_at": "2025-07-14T18:23:24.908355+00:00", "symbol": "ADA-USD"}, {"trade_id": 143594700, "side": "sell", "size": "135.31789000", "price": "0.73750000", "time": "2025-07-14T18:22:35.478865Z", "fetched_at": "2025-07-14T18:23:24.908355+00:00", "symbol": "ADA-USD"}, {"trade_id": 143594699, "side": "sell", "size": "310.50000000", "price": "0.73750000", "time": "2025-07-14T18:22:35.478865Z", "fetched_at": "2025-07-14T18:23:24.908355+00:00", "symbol": "ADA-USD"}, {"trade_id": 143594698, "side": "sell", "size": "51.00306000", "price": "0.73750000", "time": "2025-07-14T18:22:35.478865Z", "fetched_at": "2025-07-14T18:23:24.908355+00:00", "symbol": "ADA-USD"}, {"trade_id": 143594697, "side": "sell", "size": "142.01094000", "price": "0.73750000", "time": "2025-07-14T18:22:35.478865Z", "fetched_at": "2025-07-14T18:23:24.908355+00:00", "symbol": "ADA-USD"}, {"trade_id": 143594696, "side": "sell", "size": "8.14564025", "price": "0.73750000", "time": "2025-07-14T18:22:35.478865Z", "fetched_at": "2025-07-14T18:23:24.908355+00:00", "symbol": "ADA-USD"}, {"trade_id": 143594695, "side": "buy", "size": "1.50000000", "price": "0.73750000", "time": "2025-07-14T18:22:35.095366Z", "fetched_at": "2025-07-14T18:23:24.908355+00:00", "symbol": "ADA-USD"}, {"trade_id": 143594694, "side": "buy", "size": "12.83892941", "price": "0.73760000", "time": "2025-07-14T18:22:34.702220Z", "fetched_at": "2025-07-14T18:23:24.908355+00:00", "symbol": "ADA-USD"}, {"trade_id": 143594693, "side": "buy", "size": "661.99154127", "price": "0.73760000", "time": "2025-07-14T18:22:34.702220Z", "fetched_at": "2025-07-14T18:23:24.908355+00:00", "symbol": "ADA-USD"}, {"trade_id": 143594692, "side": "sell", "size": "9.09280773", "price": "0.73780000", "time": "2025-07-14T18:22:34.050523Z", "fetched_at": "2025-07-14T18:23:24.908355+00:00", "symbol": "ADA-USD"}, {"trade_id": 143594691, "side": "sell", "size": "1.50000000", "price": "0.73800000", "time": "2025-07-14T18:22:32.387351Z", "fetched_at": "2025-07-14T18:23:24.908355+00:00", "symbol": "ADA-USD"}, {"trade_id": 143594690, "side": "sell", "size": "3107.04266689", "price": "0.73790000", "time": "2025-07-14T18:22:30.852561Z", "fetched_at": "2025-07-14T18:23:24.908355+00:00", "symbol": "ADA-USD"}, {"trade_id": 143594689, "side": "sell", "size": "830.03603660", "price": "0.73790000", "time": "2025-07-14T18:22:30.852561Z", "fetched_at": "2025-07-14T18:23:24.908355+00:00", "symbol": "ADA-USD"}, {"trade_id": 143594688, "side": "sell", "size": "1.50000000", "price": "0.73790000", "time": "2025-07-14T18:22:30.852561Z", "fetched_at": "2025-07-14T18:23:24.908355+00:00", "symbol": "ADA-USD"}, {"trade_id": 143594687, "side": "sell", "size": "16.16499151", "price": "0.73780000", "time": "2025-07-14T18:22:30.852561Z", "fetched_at": "2025-07-14T18:23:24.908355+00:00", "symbol": "ADA-USD"}, {"trade_id": 143594686, "side": "sell", "size": "1.50000000", "price": "0.73780000", "time": "2025-07-14T18:22:30.634180Z", "fetched_at": "2025-07-14T18:23:24.908355+00:00", "symbol": "ADA-USD"}, {"trade_id": 143594685, "side": "sell", "size": "21.50997514", "price": "0.73770000", "time": "2025-07-14T18:22:29.711355Z", "fetched_at": "2025-07-14T18:23:24.908355+00:00", "symbol": "ADA-USD"}, {"trade_id": 143594684, "side": "sell", "size": "9.93854625", "price": "0.73770000", "time": "2025-07-14T18:22:29.711355Z", "fetched_at": "2025-07-14T18:23:24.908355+00:00", "symbol": "ADA-USD"}, {"trade_id": 143594683, "side": "sell", "size": "1.50000000", "price": "0.73770000", "time": "2025-07-14T18:22:29.711355Z", "fetched_at": "2025-07-14T18:23:24.908355+00:00", "symbol": "ADA-USD"}, {"trade_id": 143594682, "side": "buy", "size": "68.06515800", "price": "0.73750000", "time": "2025-07-14T18:22:28.537708Z", "fetched_at": "2025-07-14T18:23:24.908355+00:00", "symbol": "ADA-USD"}, {"trade_id": 143594681, "side": "sell", "size": "30.31617822", "price": "0.73760000", "time": "2025-07-14T18:22:28.453414Z", "fetched_at": "2025-07-14T18:23:24.908355+00:00", "symbol": "ADA-USD"}, {"trade_id": 143594680, "side": "sell", "size": "216.26988785", "price": "0.73760000", "time": "2025-07-14T18:22:28.441548Z", "fetched_at": "2025-07-14T18:23:24.908355+00:00", "symbol": "ADA-USD"}, {"trade_id": 143594679, "side": "sell", "size": "526.90519422", "price": "0.73760000", "time": "2025-07-14T18:22:28.428621Z", "fetched_at": "2025-07-14T18:23:24.908355+00:00", "symbol": "ADA-USD"}, {"trade_id": 143594678, "side": "sell", "size": "173.74385500", "price": "0.73760000", "time": "2025-07-14T18:22:28.428621Z", "fetched_at": "2025-07-14T18:23:24.908355+00:00", "symbol": "ADA-USD"}, {"trade_id": 143594677, "side": "sell", "size": "6.38059700", "price": "0.73760000", "time": "2025-07-14T18:22:28.230307Z", "fetched_at": "2025-07-14T18:23:24.908355+00:00", "symbol": "ADA-USD"}, {"trade_id": 143594676, "side": "sell", "size": "130.37554800", "price": "0.73760000", "time": "2025-07-14T18:22:28.128540Z", "fetched_at": "2025-07-14T18:23:24.908355+00:00", "symbol": "ADA-USD"}, {"trade_id": 143594675, "side": "sell", "size": "1.50000000", "price": "0.73760000", "time": "2025-07-14T18:22:28.128540Z", "fetched_at": "2025-07-14T18:23:24.908355+00:00", "symbol": "ADA-USD"}, {"trade_id": 143594674, "side": "sell", "size": "1.50000000", "price": "0.73750000", "time": "2025-07-14T18:22:27.579901Z", "fetched_at": "2025-07-14T18:23:24.908355+00:00", "symbol": "ADA-USD"}, {"trade_id": 143594673, "side": "sell", "size": "1.50000000", "price": "0.73740000", "time": "2025-07-14T18:22:27.515557Z", "fetched_at": "2025-07-14T18:23:24.908355+00:00", "symbol": "ADA-USD"}, {"trade_id": 143594672, "side": "sell", "size": "21.51189379", "price": "0.73730000", "time": "2025-07-14T18:22:26.719128Z", "fetched_at": "2025-07-14T18:23:24.908355+00:00", "symbol": "ADA-USD"}, {"trade_id": 143594671, "side": "sell", "size": "1.50000000", "price": "0.73730000", "time": "2025-07-14T18:22:21.886990Z", "fetched_at": "2025-07-14T18:23:24.908355+00:00", "symbol": "ADA-USD"}, {"trade_id": 143594670, "side": "sell", "size": "310.50000000", "price": "0.73720000", "time": "2025-07-14T18:22:21.714844Z", "fetched_at": "2025-07-14T18:23:24.908355+00:00", "symbol": "ADA-USD"}, {"trade_id": 143594669, "side": "sell", "size": "1.50000000", "price": "0.73720000", "time": "2025-07-14T18:22:21.714844Z", "fetched_at": "2025-07-14T18:23:24.908355+00:00", "symbol": "ADA-USD"}, {"trade_id": 143594668, "side": "sell", "size": "1.54666543", "price": "0.73710000", "time": "2025-07-14T18:22:21.510910Z", "fetched_at": "2025-07-14T18:23:24.908355+00:00", "symbol": "ADA-USD"}, {"trade_id": 143594667, "side": "sell", "size": "1.50000000", "price": "0.73710000", "time": "2025-07-14T18:22:21.510910Z", "fetched_at": "2025-07-14T18:23:24.908355+00:00", "symbol": "ADA-USD"}, {"trade_id": 143594666, "side": "sell", "size": "25.76065354", "price": "0.73700000", "time": "2025-07-14T18:22:21.208612Z", "fetched_at": "2025-07-14T18:23:24.908355+00:00", "symbol": "ADA-USD"}, {"trade_id": 143594665, "side": "sell", "size": "3.42722234", "price": "0.73700000", "time": "2025-07-14T18:22:21.208612Z", "fetched_at": "2025-07-14T18:23:24.908355+00:00", "symbol": "ADA-USD"}, {"trade_id": 143594664, "side": "sell", "size": "1.50000000", "price": "0.73700000", "time": "2025-07-14T18:22:21.208612Z", "fetched_at": "2025-07-14T18:23:24.908355+00:00", "symbol": "ADA-USD"}, {"trade_id": 143594663, "side": "sell", "size": "6.42884259", "price": "0.73690000", "time": "2025-07-14T18:22:18.966693Z", "fetched_at": "2025-07-14T18:23:24.908355+00:00", "symbol": "ADA-USD"}, {"trade_id": 143594662, "side": "sell", "size": "3.86133270", "price": "0.73680000", "time": "2025-07-14T18:22:18.395039Z", "fetched_at": "2025-07-14T18:23:24.908355+00:00", "symbol": "ADA-USD"}, {"trade_id": 143594661, "side": "sell", "size": "21.55332202", "price": "0.73680000", "time": "2025-07-14T18:22:18.385143Z", "fetched_at": "2025-07-14T18:23:24.908355+00:00", "symbol": "ADA-USD"}, {"trade_id": 143594660, "side": "buy", "size": "313.38282690", "price": "0.73670000", "time": "2025-07-14T18:22:18.377003Z", "fetched_at": "2025-07-14T18:23:24.908355+00:00", "symbol": "ADA-USD"}, {"trade_id": 143594659, "side": "buy", "size": "9.41674110", "price": "0.73670000", "time": "2025-07-14T18:22:18.377003Z", "fetched_at": "2025-07-14T18:23:24.908355+00:00", "symbol": "ADA-USD"}, {"trade_id": 143594658, "side": "sell", "size": "6.97943817", "price": "0.73680000", "time": "2025-07-14T18:22:18.354795Z", "fetched_at": "2025-07-14T18:23:24.908355+00:00", "symbol": "ADA-USD"}, {"trade_id": 143594657, "side": "buy", "size": "784.28527964", "price": "0.73680000", "time": "2025-07-14T18:22:16.669253Z", "fetched_at": "2025-07-14T18:23:24.908355+00:00", "symbol": "ADA-USD"}, {"trade_id": 143594656, "side": "sell", "size": "142.01094000", "price": "0.73690000", "time": "2025-07-14T18:22:16.664052Z", "fetched_at": "2025-07-14T18:23:24.908355+00:00", "symbol": "ADA-USD"}, {"trade_id": 143594655, "side": "buy", "size": "5.61354211", "price": "0.73690000", "time": "2025-07-14T18:22:16.655149Z", "fetched_at": "2025-07-14T18:23:24.908355+00:00", "symbol": "ADA-USD"}, {"trade_id": 143594654, "side": "sell", "size": "8.31731127", "price": "0.73690000", "time": "2025-07-14T18:22:16.451859Z", "fetched_at": "2025-07-14T18:23:24.908355+00:00", "symbol": "ADA-USD"}, {"trade_id": 143594653, "side": "sell", "size": "4.59650190", "price": "0.73670000", "time": "2025-07-14T18:22:15.422714Z", "fetched_at": "2025-07-14T18:23:24.908355+00:00", "symbol": "ADA-USD"}, {"trade_id": 143594652, "side": "sell", "size": "142.01094000", "price": "0.73680000", "time": "2025-07-14T18:22:15.204440Z", "fetched_at": "2025-07-14T18:23:24.908355+00:00", "symbol": "ADA-USD"}, {"trade_id": 143594651, "side": "buy", "size": "12.85286961", "price": "0.73680000", "time": "2025-07-14T18:22:15.197048Z", "fetched_at": "2025-07-14T18:23:24.908355+00:00", "symbol": "ADA-USD"}, {"trade_id": 143594650, "side": "sell", "size": "8.37700450", "price": "0.73690000", "time": "2025-07-14T18:22:14.542906Z", "fetched_at": "2025-07-14T18:23:24.908355+00:00", "symbol": "ADA-USD"}, {"trade_id": 143594649, "side": "sell", "size": "7.11548600", "price": "0.73690000", "time": "2025-07-14T18:22:14.542906Z", "fetched_at": "2025-07-14T18:23:24.908355+00:00", "symbol": "ADA-USD"}, {"trade_id": 143594648, "side": "sell", "size": "21.58988312", "price": "0.73690000", "time": "2025-07-14T18:22:14.542906Z", "fetched_at": "2025-07-14T18:23:24.908355+00:00", "symbol": "ADA-USD"}, {"trade_id": 143594647, "side": "sell", "size": "1.50000000", "price": "0.73690000", "time": "2025-07-14T18:22:14.542906Z", "fetched_at": "2025-07-14T18:23:24.908355+00:00", "symbol": "ADA-USD"}, {"trade_id": 143594646, "side": "buy", "size": "2.14631972", "price": "0.73670000", "time": "2025-07-14T18:22:14.194818Z", "fetched_at": "2025-07-14T18:23:24.908355+00:00", "symbol": "ADA-USD"}, {"trade_id": 143594645, "side": "buy", "size": "10.07104728", "price": "0.73670000", "time": "2025-07-14T18:22:14.194818Z", "fetched_at": "2025-07-14T18:23:24.908355+00:00", "symbol": "ADA-USD"}, {"trade_id": 143594644, "side": "sell", "size": "6.71771700", "price": "0.73680000", "time": "2025-07-14T18:22:13.462114Z", "fetched_at": "2025-07-14T18:23:24.908355+00:00", "symbol": "ADA-USD"}, {"trade_id": 143594643, "side": "buy", "size": "298.29741369", "price": "0.73660000", "time": "2025-07-14T18:22:13.033043Z", "fetched_at": "2025-07-14T18:23:24.908355+00:00", "symbol": "ADA-USD"}, {"trade_id": 143594642, "side": "buy", "size": "1.50000000", "price": "0.73660000", "time": "2025-07-14T18:22:13.033043Z", "fetched_at": "2025-07-14T18:23:24.908355+00:00", "symbol": "ADA-USD"}, {"trade_id": 143594641, "side": "buy", "size": "423.67823673", "price": "0.73660000", "time": "2025-07-14T18:22:13.033043Z", "fetched_at": "2025-07-14T18:23:24.908355+00:00", "symbol": "ADA-USD"}, {"trade_id": 143594640, "side": "buy", "size": "830.03603660", "price": "0.73660000", "time": "2025-07-14T18:22:13.033043Z", "fetched_at": "2025-07-14T18:23:24.908355+00:00", "symbol": "ADA-USD"}, {"trade_id": 143594639, "side": "buy", "size": "81.62088343", "price": "0.73660000", "time": "2025-07-14T18:22:13.033043Z", "fetched_at": "2025-07-14T18:23:24.908355+00:00", "symbol": "ADA-USD"}, {"trade_id": 143594638, "side": "buy", "size": "11.37997555", "price": "0.73670000", "time": "2025-07-14T18:22:13.033043Z", "fetched_at": "2025-07-14T18:23:24.908355+00:00", "symbol": "ADA-USD"}, {"trade_id": 143594637, "side": "sell", "size": "1.50000000", "price": "0.73680000", "time": "2025-07-14T18:22:11.710463Z", "fetched_at": "2025-07-14T18:23:24.908355+00:00", "symbol": "ADA-USD"}, {"trade_id": 143594636, "side": "sell", "size": "2.59573605", "price": "0.73670000", "time": "2025-07-14T18:22:09.368710Z", "fetched_at": "2025-07-14T18:23:24.908355+00:00", "symbol": "ADA-USD"}, {"trade_id": 143594635, "side": "sell", "size": "17.17956944", "price": "0.73670000", "time": "2025-07-14T18:22:09.368710Z", "fetched_at": "2025-07-14T18:23:24.908355+00:00", "symbol": "ADA-USD"}, {"trade_id": 143594634, "side": "sell", "size": "1.50000000", "price": "0.73670000", "time": "2025-07-14T18:22:09.368710Z", "fetched_at": "2025-07-14T18:23:24.908355+00:00", "symbol": "ADA-USD"}, {"trade_id": 143594633, "side": "sell", "size": "6.30275152", "price": "0.73660000", "time": "2025-07-14T18:22:08.431195Z", "fetched_at": "2025-07-14T18:23:24.908355+00:00", "symbol": "ADA-USD"}, {"trade_id": 143594632, "side": "sell", "size": "21.51040533", "price": "0.73660000", "time": "2025-07-14T18:22:08.431195Z", "fetched_at": "2025-07-14T18:23:24.908355+00:00", "symbol": "ADA-USD"}, {"trade_id": 143594631, "side": "sell", "size": "261.20304521", "price": "0.73660000", "time": "2025-07-14T18:22:07.955645Z", "fetched_at": "2025-07-14T18:23:24.908355+00:00", "symbol": "ADA-USD"}, {"trade_id": 143594630, "side": "sell", "size": "10.86703479", "price": "0.73650000", "time": "2025-07-14T18:22:07.955645Z", "fetched_at": "2025-07-14T18:23:24.908355+00:00", "symbol": "ADA-USD"}, {"trade_id": 143594629, "side": "buy", "size": "3.05540810", "price": "0.73650000", "time": "2025-07-14T18:22:06.188862Z", "fetched_at": "2025-07-14T18:23:24.908355+00:00", "symbol": "ADA-USD"}, {"trade_id": 143594628, "side": "sell", "size": "17.49882714", "price": "0.73660000", "time": "2025-07-14T18:22:05.925716Z", "fetched_at": "2025-07-14T18:23:24.908355+00:00", "symbol": "ADA-USD"}, {"trade_id": 143594627, "side": "sell", "size": "37.68956386", "price": "0.73660000", "time": "2025-07-14T18:22:05.925716Z", "fetched_at": "2025-07-14T18:23:24.908355+00:00", "symbol": "ADA-USD"}, {"trade_id": 143594626, "side": "sell", "size": "310.50000000", "price": "0.73660000", "time": "2025-07-14T18:22:05.925716Z", "fetched_at": "2025-07-14T18:23:24.908355+00:00", "symbol": "ADA-USD"}, {"trade_id": 143594625, "side": "sell", "size": "21.51057310", "price": "0.73650000", "time": "2025-07-14T18:22:05.051843Z", "fetched_at": "2025-07-14T18:23:24.908355+00:00", "symbol": "ADA-USD"}, {"trade_id": 143594624, "side": "sell", "size": "6.60321615", "price": "0.73640000", "time": "2025-07-14T18:22:04.942955Z", "fetched_at": "2025-07-14T18:23:24.908355+00:00", "symbol": "ADA-USD"}, {"trade_id": 143594623, "side": "sell", "size": "297.28015966", "price": "0.73640000", "time": "2025-07-14T18:22:04.942955Z", "fetched_at": "2025-07-14T18:23:24.908355+00:00", "symbol": "ADA-USD"}, {"trade_id": 143594622, "side": "sell", "size": "1.34777294", "price": "0.73640000", "time": "2025-07-14T18:22:04.516255Z", "fetched_at": "2025-07-14T18:23:24.908355+00:00", "symbol": "ADA-USD"}, {"trade_id": 143594621, "side": "sell", "size": "638.29892390", "price": "0.73630000", "time": "2025-07-14T18:22:02.578259Z", "fetched_at": "2025-07-14T18:23:24.908355+00:00", "symbol": "ADA-USD"}, {"trade_id": 143594620, "side": "buy", "size": "1.50000000", "price": "0.73630000", "time": "2025-07-14T18:22:01.387452Z", "fetched_at": "2025-07-14T18:23:24.908355+00:00", "symbol": "ADA-USD"}, {"trade_id": 143594619, "side": "buy", "size": "12.85985107", "price": "0.73640000", "time": "2025-07-14T18:22:00.218270Z", "fetched_at": "2025-07-14T18:23:24.908355+00:00", "symbol": "ADA-USD"}, {"trade_id": 143594618, "side": "buy", "size": "43.22488200", "price": "0.73650000", "time": "2025-07-14T18:21:57.131764Z", "fetched_at": "2025-07-14T18:23:24.908355+00:00", "symbol": "ADA-USD"}, {"trade_id": 143594617, "side": "sell", "size": "1.50000000", "price": "0.73660000", "time": "2025-07-14T18:21:56.408301Z", "fetched_at": "2025-07-14T18:23:24.908355+00:00", "symbol": "ADA-USD"}, {"trade_id": 143594616, "side": "sell", "size": "146.54313300", "price": "0.73650000", "time": "2025-07-14T18:21:56.069337Z", "fetched_at": "2025-07-14T18:23:24.908355+00:00", "symbol": "ADA-USD"}, {"trade_id": 143594615, "side": "sell", "size": "1.50000000", "price": "0.73640000", "time": "2025-07-14T18:21:55.982773Z", "fetched_at": "2025-07-14T18:23:24.908355+00:00", "symbol": "ADA-USD"}, {"trade_id": 143594614, "side": "sell", "size": "21.50983318", "price": "0.73630000", "time": "2025-07-14T18:21:55.843540Z", "fetched_at": "2025-07-14T18:23:24.908355+00:00", "symbol": "ADA-USD"}, {"trade_id": 143594613, "side": "sell", "size": "5.88998100", "price": "0.73620000", "time": "2025-07-14T18:21:50.466452Z", "fetched_at": "2025-07-14T18:23:24.908355+00:00", "symbol": "ADA-USD"}, {"trade_id": 143594612, "side": "sell", "size": "21.51004397", "price": "0.73620000", "time": "2025-07-14T18:21:49.854187Z", "fetched_at": "2025-07-14T18:23:24.908355+00:00", "symbol": "ADA-USD"}, {"trade_id": 143594611, "side": "sell", "size": "21.51171741", "price": "0.73610000", "time": "2025-07-14T18:21:49.246133Z", "fetched_at": "2025-07-14T18:23:24.908355+00:00", "symbol": "ADA-USD"}, {"trade_id": 143594610, "side": "sell", "size": "1.53080154", "price": "0.73610000", "time": "2025-07-14T18:21:43.146868Z", "fetched_at": "2025-07-14T18:23:24.908355+00:00", "symbol": "ADA-USD"}, {"trade_id": 143594609, "side": "sell", "size": "2.04106873", "price": "0.73620000", "time": "2025-07-14T18:21:40.953548Z", "fetched_at": "2025-07-14T18:23:24.908355+00:00", "symbol": "ADA-USD"}, {"trade_id": 143594608, "side": "sell", "size": "2.72142497", "price": "0.73620000", "time": "2025-07-14T18:21:40.938395Z", "fetched_at": "2025-07-14T18:23:24.908355+00:00", "symbol": "ADA-USD"}, {"trade_id": 143594607, "side": "sell", "size": "3.62856662", "price": "0.73620000", "time": "2025-07-14T18:21:40.888938Z", "fetched_at": "2025-07-14T18:23:24.908355+00:00", "symbol": "ADA-USD"}, {"trade_id": 143594606, "side": "sell", "size": "4.83808883", "price": "0.73620000", "time": "2025-07-14T18:21:40.839487Z", "fetched_at": "2025-07-14T18:23:24.908355+00:00", "symbol": "ADA-USD"}, {"trade_id": 143594605, "side": "sell", "size": "6.45078510", "price": "0.73620000", "time": "2025-07-14T18:21:40.813661Z", "fetched_at": "2025-07-14T18:23:24.908355+00:00", "symbol": "ADA-USD"}, {"trade_id": 143594604, "side": "sell", "size": "8.60104681", "price": "0.73620000", "time": "2025-07-14T18:21:40.795434Z", "fetched_at": "2025-07-14T18:23:24.908355+00:00", "symbol": "ADA-USD"}, {"trade_id": 143594603, "side": "sell", "size": "7.41305692", "price": "0.73620000", "time": "2025-07-14T18:21:40.777076Z", "fetched_at": "2025-07-14T18:23:24.908355+00:00", "symbol": "ADA-USD"}, {"trade_id": 143594602, "side": "sell", "size": "26.52792498", "price": "0.73620000", "time": "2025-07-14T18:21:40.658820Z", "fetched_at": "2025-07-14T18:23:24.908355+00:00", "symbol": "ADA-USD"}, {"trade_id": 143594601, "side": "sell", "size": "9.88407589", "price": "0.73620000", "time": "2025-07-14T18:21:40.658820Z", "fetched_at": "2025-07-14T18:23:24.908355+00:00", "symbol": "ADA-USD"}, {"trade_id": 143594600, "side": "sell", "size": "13.17876785", "price": "0.73620000", "time": "2025-07-14T18:21:39.178917Z", "fetched_at": "2025-07-14T18:23:24.908355+00:00", "symbol": "ADA-USD"}, {"trade_id": 143594599, "side": "sell", "size": "1.50000000", "price": "0.73660000", "time": "2025-07-14T18:21:37.531739Z", "fetched_at": "2025-07-14T18:23:24.908355+00:00", "symbol": "ADA-USD"}, {"trade_id": 143594598, "side": "sell", "size": "1.50000000", "price": "0.73650000", "time": "2025-07-14T18:21:36.859374Z", "fetched_at": "2025-07-14T18:23:24.908355+00:00", "symbol": "ADA-USD"}, {"trade_id": 143594597, "side": "sell", "size": "13.11124700", "price": "0.73640000", "time": "2025-07-14T18:21:35.373987Z", "fetched_at": "2025-07-14T18:23:24.908355+00:00", "symbol": "ADA-USD"}, {"trade_id": 143594596, "side": "sell", "size": "11.57022698", "price": "0.73640000", "time": "2025-07-14T18:21:33.614285Z", "fetched_at": "2025-07-14T18:23:24.908355+00:00", "symbol": "ADA-USD"}, {"trade_id": 143594595, "side": "sell", "size": "28.03246202", "price": "0.73640000", "time": "2025-07-14T18:21:33.614285Z", "fetched_at": "2025-07-14T18:23:24.908355+00:00", "symbol": "ADA-USD"}, {"trade_id": 143594594, "side": "sell", "size": "1.50000000", "price": "0.73640000", "time": "2025-07-14T18:21:32.878466Z", "fetched_at": "2025-07-14T18:23:24.908355+00:00", "symbol": "ADA-USD"}, {"trade_id": 143594593, "side": "sell", "size": "1.50000000", "price": "0.73630000", "time": "2025-07-14T18:21:32.055165Z", "fetched_at": "2025-07-14T18:23:24.908355+00:00", "symbol": "ADA-USD"}, {"trade_id": 143594592, "side": "buy", "size": "41.38735100", "price": "0.73620000", "time": "2025-07-14T18:21:31.869351Z", "fetched_at": "2025-07-14T18:23:24.908355+00:00", "symbol": "ADA-USD"}, {"trade_id": 143594591, "side": "sell", "size": "1.71430959", "price": "0.73620000", "time": "2025-07-14T18:21:31.772944Z", "fetched_at": "2025-07-14T18:23:24.908355+00:00", "symbol": "ADA-USD"}, {"trade_id": 143594590, "side": "buy", "size": "0.77937400", "price": "0.73610000", "time": "2025-07-14T18:21:30.943771Z", "fetched_at": "2025-07-14T18:23:24.908355+00:00", "symbol": "ADA-USD"}, {"trade_id": 143594589, "side": "buy", "size": "179.89881600", "price": "0.73610000", "time": "2025-07-14T18:21:30.471779Z", "fetched_at": "2025-07-14T18:23:24.908355+00:00", "symbol": "ADA-USD"}, {"trade_id": 143594588, "side": "sell", "size": "142.01094000", "price": "0.73620000", "time": "2025-07-14T18:21:29.224767Z", "fetched_at": "2025-07-14T18:23:24.908355+00:00", "symbol": "ADA-USD"}, {"trade_id": 143594587, "side": "sell", "size": "4.41400565", "price": "0.73620000", "time": "2025-07-14T18:21:28.050082Z", "fetched_at": "2025-07-14T18:23:24.908355+00:00", "symbol": "ADA-USD"}, {"trade_id": 143594586, "side": "sell", "size": "9.96936634", "price": "0.73620000", "time": "2025-07-14T18:21:28.050082Z", "fetched_at": "2025-07-14T18:23:24.908355+00:00", "symbol": "ADA-USD"}, {"trade_id": 143594585, "side": "sell", "size": "1.50000000", "price": "0.73620000", "time": "2025-07-14T18:21:28.050082Z", "fetched_at": "2025-07-14T18:23:24.908355+00:00", "symbol": "ADA-USD"}, {"trade_id": 143594584, "side": "sell", "size": "21.51079681", "price": "0.73610000", "time": "2025-07-14T18:21:26.758151Z", "fetched_at": "2025-07-14T18:23:24.908355+00:00", "symbol": "ADA-USD"}, {"trade_id": 143594583, "side": "sell", "size": "7.10687471", "price": "0.73610000", "time": "2025-07-14T18:21:26.758151Z", "fetched_at": "2025-07-14T18:23:24.908355+00:00", "symbol": "ADA-USD"}, {"trade_id": 143594582, "side": "sell", "size": "21.51213039", "price": "0.73600000", "time": "2025-07-14T18:21:24.710335Z", "fetched_at": "2025-07-14T18:23:24.908355+00:00", "symbol": "ADA-USD"}, {"trade_id": 143594581, "side": "buy", "size": "12.86684012", "price": "0.73600000", "time": "2025-07-14T18:21:24.385291Z", "fetched_at": "2025-07-14T18:23:24.908355+00:00", "symbol": "ADA-USD"}, {"trade_id": 143594580, "side": "sell", "size": "309.67444987", "price": "0.73610000", "time": "2025-07-14T18:21:23.621444Z", "fetched_at": "2025-07-14T18:23:24.908355+00:00", "symbol": "ADA-USD"}, {"trade_id": 143594579, "side": "sell", "size": "690.32555013", "price": "0.73610000", "time": "2025-07-14T18:21:23.621444Z", "fetched_at": "2025-07-14T18:23:24.908355+00:00", "symbol": "ADA-USD"}, {"trade_id": 143594578, "side": "sell", "size": "9.02493000", "price": "0.73620000", "time": "2025-07-14T18:21:19.996695Z", "fetched_at": "2025-07-14T18:23:24.908355+00:00", "symbol": "ADA-USD"}, {"trade_id": 143594577, "side": "sell", "size": "9.97507000", "price": "0.73620000", "time": "2025-07-14T18:21:19.996695Z", "fetched_at": "2025-07-14T18:23:24.908355+00:00", "symbol": "ADA-USD"}, {"trade_id": 143594576, "side": "sell", "size": "132.03587000", "price": "0.73620000", "time": "2025-07-14T18:21:19.951347Z", "fetched_at": "2025-07-14T18:23:24.908355+00:00", "symbol": "ADA-USD"}, {"trade_id": 143594575, "side": "sell", "size": "424.73540000", "price": "0.73630000", "time": "2025-07-14T18:21:19.919017Z", "fetched_at": "2025-07-14T18:23:24.908355+00:00", "symbol": "ADA-USD"}, {"trade_id": 143594574, "side": "sell", "size": "7.83091229", "price": "0.73620000", "time": "2025-07-14T18:21:18.563149Z", "fetched_at": "2025-07-14T18:23:24.908355+00:00", "symbol": "ADA-USD"}, {"trade_id": 143594573, "side": "sell", "size": "10.44121639", "price": "0.73620000", "time": "2025-07-14T18:21:18.435307Z", "fetched_at": "2025-07-14T18:23:24.908355+00:00", "symbol": "ADA-USD"}, {"trade_id": 143594572, "side": "sell", "size": "13.92162186", "price": "0.73620000", "time": "2025-07-14T18:21:17.924897Z", "fetched_at": "2025-07-14T18:23:24.908355+00:00", "symbol": "ADA-USD"}, {"trade_id": 143594571, "side": "sell", "size": "18.56216248", "price": "0.73620000", "time": "2025-07-14T18:21:17.890573Z", "fetched_at": "2025-07-14T18:23:24.908355+00:00", "symbol": "ADA-USD"}, {"trade_id": 143594570, "side": "sell", "size": "24.74954997", "price": "0.73620000", "time": "2025-07-14T18:21:17.845601Z", "fetched_at": "2025-07-14T18:23:24.908355+00:00", "symbol": "ADA-USD"}, {"trade_id": 143594569, "side": "sell", "size": "1.50000000", "price": "0.73620000", "time": "2025-07-14T18:21:17.783435Z", "fetched_at": "2025-07-14T18:23:24.908355+00:00", "symbol": "ADA-USD"}, {"trade_id": 143594568, "side": "sell", "size": "2.61050314", "price": "0.73610000", "time": "2025-07-14T18:21:17.486444Z", "fetched_at": "2025-07-14T18:23:24.908355+00:00", "symbol": "ADA-USD"}, {"trade_id": 143594567, "side": "sell", "size": "1.50000000", "price": "0.73610000", "time": "2025-07-14T18:21:17.486444Z", "fetched_at": "2025-07-14T18:23:24.908355+00:00", "symbol": "ADA-USD"}, {"trade_id": 143594566, "side": "sell", "size": "7.04723499", "price": "0.73600000", "time": "2025-07-14T18:21:16.973708Z", "fetched_at": "2025-07-14T18:23:24.908355+00:00", "symbol": "ADA-USD"}, {"trade_id": 143594565, "side": "sell", "size": "890.13213283", "price": "0.73600000", "time": "2025-07-14T18:21:16.963567Z", "fetched_at": "2025-07-14T18:23:24.908355+00:00", "symbol": "ADA-USD"}, {"trade_id": 143594564, "side": "sell", "size": "1.50000000", "price": "0.73600000", "time": "2025-07-14T18:21:16.963567Z", "fetched_at": "2025-07-14T18:23:24.908355+00:00", "symbol": "ADA-USD"}, {"trade_id": 143594563, "side": "buy", "size": "68.39945000", "price": "0.73590000", "time": "2025-07-14T18:21:15.862251Z", "fetched_at": "2025-07-14T18:23:24.908355+00:00", "symbol": "ADA-USD"}, {"trade_id": 143594562, "side": "sell", "size": "10.92468003", "price": "0.73590000", "time": "2025-07-14T18:21:15.850279Z", "fetched_at": "2025-07-14T18:23:24.908355+00:00", "symbol": "ADA-USD"}, {"trade_id": 143594561, "side": "sell", "size": "21.51002676", "price": "0.73590000", "time": "2025-07-14T18:21:15.850279Z", "fetched_at": "2025-07-14T18:23:24.908355+00:00", "symbol": "ADA-USD"}, {"trade_id": 143594560, "side": "buy", "size": "1.50000000", "price": "0.73570000", "time": "2025-07-14T18:21:15.348344Z", "fetched_at": "2025-07-14T18:23:24.908355+00:00", "symbol": "ADA-USD"}, {"trade_id": 143594559, "side": "buy", "size": "2.24474477", "price": "0.73580000", "time": "2025-07-14T18:21:14.686447Z", "fetched_at": "2025-07-14T18:23:24.908355+00:00", "symbol": "ADA-USD"}, {"trade_id": 143594558, "side": "buy", "size": "1.50000000", "price": "0.73580000", "time": "2025-07-14T18:21:14.686447Z", "fetched_at": "2025-07-14T18:23:24.908355+00:00", "symbol": "ADA-USD"}, {"trade_id": 143594557, "side": "buy", "size": "1.50000000", "price": "0.73590000", "time": "2025-07-14T18:21:12.560083Z", "fetched_at": "2025-07-14T18:23:24.908355+00:00", "symbol": "ADA-USD"}, {"trade_id": 143594556, "side": "buy", "size": "12.86684012", "price": "0.73600000", "time": "2025-07-14T18:21:12.470687Z", "fetched_at": "2025-07-14T18:23:24.908355+00:00", "symbol": "ADA-USD"}, {"trade_id": 143594555, "side": "sell", "size": "24.54572537", "price": "0.73610000", "time": "2025-07-14T18:21:10.906867Z", "fetched_at": "2025-07-14T18:23:24.908355+00:00", "symbol": "ADA-USD"}, {"trade_id": 143594554, "side": "sell", "size": "6.82367447", "price": "0.73610000", "time": "2025-07-14T18:21:10.906867Z", "fetched_at": "2025-07-14T18:23:24.908355+00:00", "symbol": "ADA-USD"}, {"trade_id": 143594553, "side": "sell", "size": "1.50000000", "price": "0.73610000", "time": "2025-07-14T18:21:10.906867Z", "fetched_at": "2025-07-14T18:23:24.908355+00:00", "symbol": "ADA-USD"}, {"trade_id": 143594552, "side": "buy", "size": "37.20999343", "price": "0.73590000", "time": "2025-07-14T18:21:08.550761Z", "fetched_at": "2025-07-14T18:23:24.908355+00:00", "symbol": "ADA-USD"}, {"trade_id": 143594551, "side": "buy", "size": "12.86858857", "price": "0.73590000", "time": "2025-07-14T18:21:08.550761Z", "fetched_at": "2025-07-14T18:23:24.908355+00:00", "symbol": "ADA-USD"}, {"trade_id": 143594550, "side": "buy", "size": "68.39945000", "price": "0.73600000", "time": "2025-07-14T18:21:04.718681Z", "fetched_at": "2025-07-14T18:23:24.908355+00:00", "symbol": "ADA-USD"}, {"trade_id": 143594549, "side": "sell", "size": "32.99939996", "price": "0.73600000", "time": "2025-07-14T18:21:04.664158Z", "fetched_at": "2025-07-14T18:23:24.908355+00:00", "symbol": "ADA-USD"}, {"trade_id": 143594548, "side": "sell", "size": "43.99919994", "price": "0.73600000", "time": "2025-07-14T18:21:04.637721Z", "fetched_at": "2025-07-14T18:23:24.908355+00:00", "symbol": "ADA-USD"}, {"trade_id": 143594547, "side": "sell", "size": "18.47694371", "price": "0.73600000", "time": "2025-07-14T18:21:04.616041Z", "fetched_at": "2025-07-14T18:23:24.908355+00:00", "symbol": "ADA-USD"}, {"trade_id": 143594546, "side": "sell", "size": "1.50000000", "price": "0.73600000", "time": "2025-07-14T18:21:04.616041Z", "fetched_at": "2025-07-14T18:23:24.908355+00:00", "symbol": "ADA-USD"}, {"trade_id": 143594545, "side": "sell", "size": "21.50958797", "price": "0.73590000", "time": "2025-07-14T18:21:03.730276Z", "fetched_at": "2025-07-14T18:23:24.908355+00:00", "symbol": "ADA-USD"}, {"trade_id": 143594544, "side": "sell", "size": "1.50000000", "price": "0.73590000", "time": "2025-07-14T18:21:03.730276Z", "fetched_at": "2025-07-14T18:23:24.908355+00:00", "symbol": "ADA-USD"}, {"trade_id": 143594543, "side": "buy", "size": "503.80000000", "price": "0.73580000", "time": "2025-07-14T18:21:02.474500Z", "fetched_at": "2025-07-14T18:23:24.908355+00:00", "symbol": "ADA-USD"}, {"trade_id": 143594542, "side": "sell", "size": "1.50000000", "price": "0.73580000", "time": "2025-07-14T18:21:00.877842Z", "fetched_at": "2025-07-14T18:23:24.908355+00:00", "symbol": "ADA-USD"}, {"trade_id": 143594541, "side": "sell", "size": "64.53274747", "price": "0.73570000", "time": "2025-07-14T18:21:00.864096Z", "fetched_at": "2025-07-14T18:23:24.908355+00:00", "symbol": "ADA-USD"}, {"trade_id": 143594540, "side": "sell", "size": "1.50000000", "price": "0.73570000", "time": "2025-07-14T18:21:00.864096Z", "fetched_at": "2025-07-14T18:23:24.908355+00:00", "symbol": "ADA-USD"}, {"trade_id": 143594539, "side": "sell", "size": "1.47770092", "price": "0.73560000", "time": "2025-07-14T18:21:00.577180Z", "fetched_at": "2025-07-14T18:23:24.908355+00:00", "symbol": "ADA-USD"}, {"trade_id": 143594538, "side": "sell", "size": "4.13175083", "price": "0.73560000", "time": "2025-07-14T18:20:57.721024Z", "fetched_at": "2025-07-14T18:23:24.908355+00:00", "symbol": "ADA-USD"}, {"trade_id": 143594537, "side": "sell", "size": "1.50000000", "price": "0.73560000", "time": "2025-07-14T18:20:57.721024Z", "fetched_at": "2025-07-14T18:23:24.908355+00:00", "symbol": "ADA-USD"}, {"trade_id": 143594536, "side": "buy", "size": "24.65000000", "price": "0.73550000", "time": "2025-07-14T18:20:57.529879Z", "fetched_at": "2025-07-14T18:23:24.908355+00:00", "symbol": "ADA-USD"}, {"trade_id": 143594535, "side": "sell", "size": "1.50000000", "price": "0.73550000", "time": "2025-07-14T18:20:57.209127Z", "fetched_at": "2025-07-14T18:23:24.908355+00:00", "symbol": "ADA-USD"}, {"trade_id": 143594534, "side": "buy", "size": "51.69304620", "price": "0.73540000", "time": "2025-07-14T18:20:57.090519Z", "fetched_at": "2025-07-14T18:23:24.908355+00:00", "symbol": "ADA-USD"}, {"trade_id": 143594533, "side": "sell", "size": "1.50000000", "price": "0.73540000", "time": "2025-07-14T18:20:57.075476Z", "fetched_at": "2025-07-14T18:23:24.908355+00:00", "symbol": "ADA-USD"}, {"trade_id": 143594532, "side": "sell", "size": "21.51340807", "price": "0.73540000", "time": "2025-07-14T18:20:57.075476Z", "fetched_at": "2025-07-14T18:23:24.908355+00:00", "symbol": "ADA-USD"}, {"trade_id": 143594531, "side": "sell", "size": "4.23890182", "price": "0.73530000", "time": "2025-07-14T18:20:56.373495Z", "fetched_at": "2025-07-14T18:23:24.908355+00:00", "symbol": "ADA-USD"}, {"trade_id": 143594530, "side": "sell", "size": "4.23890182", "price": "0.73530000", "time": "2025-07-14T18:20:56.357295Z", "fetched_at": "2025-07-14T18:23:24.908355+00:00", "symbol": "ADA-USD"}, {"trade_id": 143594529, "side": "sell", "size": "8.39083757", "price": "0.73520000", "time": "2025-07-14T18:20:56.260097Z", "fetched_at": "2025-07-14T18:23:24.908355+00:00", "symbol": "ADA-USD"}, {"trade_id": 143594528, "side": "buy", "size": "12.87908926", "price": "0.73530000", "time": "2025-07-14T18:20:51.169173Z", "fetched_at": "2025-07-14T18:23:24.908355+00:00", "symbol": "ADA-USD"}, {"trade_id": 143594527, "side": "sell", "size": "3.99466765", "price": "0.73530000", "time": "2025-07-14T18:20:50.093704Z", "fetched_at": "2025-07-14T18:23:24.908355+00:00", "symbol": "ADA-USD"}, {"trade_id": 143594526, "side": "buy", "size": "29.31778100", "price": "0.73520000", "time": "2025-07-14T18:20:49.946086Z", "fetched_at": "2025-07-14T18:23:24.908355+00:00", "symbol": "ADA-USD"}, {"trade_id": 143594525, "side": "sell", "size": "7.90737999", "price": "0.73520000", "time": "2025-07-14T18:20:48.908188Z", "fetched_at": "2025-07-14T18:23:24.908355+00:00", "symbol": "ADA-USD"}, {"trade_id": 143594524, "side": "sell", "size": "13.20048900", "price": "0.73520000", "time": "2025-07-14T18:20:48.805051Z", "fetched_at": "2025-07-14T18:23:24.908355+00:00", "symbol": "ADA-USD"}, {"trade_id": 143594523, "side": "buy", "size": "49.67297533", "price": "0.73500000", "time": "2025-07-14T18:20:47.561255Z", "fetched_at": "2025-07-14T18:23:24.908355+00:00", "symbol": "ADA-USD"}, {"trade_id": 143594522, "side": "buy", "size": "1.50000000", "price": "0.73500000", "time": "2025-07-14T18:20:47.561255Z", "fetched_at": "2025-07-14T18:23:24.908355+00:00", "symbol": "ADA-USD"}, {"trade_id": 143594521, "side": "buy", "size": "2.72019767", "price": "0.73510000", "time": "2025-07-14T18:20:47.561255Z", "fetched_at": "2025-07-14T18:23:24.908355+00:00", "symbol": "ADA-USD"}, {"trade_id": 143594520, "side": "buy", "size": "1.37050310", "price": "0.73510000", "time": "2025-07-14T18:20:45.970962Z", "fetched_at": "2025-07-14T18:23:24.908355+00:00", "symbol": "ADA-USD"}, {"trade_id": 143594519, "side": "buy", "size": "1.50000000", "price": "0.73510000", "time": "2025-07-14T18:20:45.970962Z", "fetched_at": "2025-07-14T18:23:24.908355+00:00", "symbol": "ADA-USD"}, {"trade_id": 143594518, "side": "buy", "size": "3.69558817", "price": "0.73530000", "time": "2025-07-14T18:20:44.892885Z", "fetched_at": "2025-07-14T18:23:24.908355+00:00", "symbol": "ADA-USD"}, {"trade_id": 143594517, "side": "sell", "size": "31.49327533", "price": "0.73540000", "time": "2025-07-14T18:20:44.383344Z", "fetched_at": "2025-07-14T18:23:24.908355+00:00", "symbol": "ADA-USD"}, {"trade_id": 143594516, "side": "sell", "size": "8.02598672", "price": "0.73540000", "time": "2025-07-14T18:20:44.383344Z", "fetched_at": "2025-07-14T18:23:24.908355+00:00", "symbol": "ADA-USD"}, {"trade_id": 143594515, "side": "sell", "size": "43.02023850", "price": "0.73540000", "time": "2025-07-14T18:20:44.383344Z", "fetched_at": "2025-07-14T18:23:24.908355+00:00", "symbol": "ADA-USD"}, {"trade_id": 143594514, "side": "sell", "size": "30.92434845", "price": "0.73540000", "time": "2025-07-14T18:20:44.383344Z", "fetched_at": "2025-07-14T18:23:24.908355+00:00", "symbol": "ADA-USD"}, {"trade_id": 143594513, "side": "buy", "size": "73.49183286", "price": "0.73520000", "time": "2025-07-14T18:20:43.079718Z", "fetched_at": "2025-07-14T18:23:24.908355+00:00", "symbol": "ADA-USD"}, {"trade_id": 143594512, "side": "buy", "size": "1.50000000", "price": "0.73520000", "time": "2025-07-14T18:20:43.079718Z", "fetched_at": "2025-07-14T18:23:24.908355+00:00", "symbol": "ADA-USD"}, {"trade_id": 143594511, "side": "buy", "size": "664.68042093", "price": "0.73530000", "time": "2025-07-14T18:20:43.079718Z", "fetched_at": "2025-07-14T18:23:24.908355+00:00", "symbol": "ADA-USD"}, {"trade_id": 143594510, "side": "buy", "size": "51.00306000", "price": "0.73530000", "time": "2025-07-14T18:20:43.079718Z", "fetched_at": "2025-07-14T18:23:24.908355+00:00", "symbol": "ADA-USD"}, {"trade_id": 143594509, "side": "buy", "size": "568.94398621", "price": "0.73530000", "time": "2025-07-14T18:20:43.079718Z", "fetched_at": "2025-07-14T18:23:24.908355+00:00", "symbol": "ADA-USD"}, {"trade_id": 143594508, "side": "buy", "size": "0.01359989", "price": "0.73530000", "time": "2025-07-14T18:20:42.961107Z", "fetched_at": "2025-07-14T18:23:24.908355+00:00", "symbol": "ADA-USD"}, {"trade_id": 143594507, "side": "buy", "size": "133.25854753", "price": "0.73530000", "time": "2025-07-14T18:20:42.941436Z", "fetched_at": "2025-07-14T18:23:24.908355+00:00", "symbol": "ADA-USD"}, {"trade_id": 143594506, "side": "buy", "size": "1.50000000", "price": "0.73530000", "time": "2025-07-14T18:20:42.941436Z", "fetched_at": "2025-07-14T18:23:24.908355+00:00", "symbol": "ADA-USD"}, {"trade_id": 143594505, "side": "buy", "size": "1.10000000", "price": "0.73540000", "time": "2025-07-14T18:20:42.941436Z", "fetched_at": "2025-07-14T18:23:24.908355+00:00", "symbol": "ADA-USD"}, {"trade_id": 143594504, "side": "buy", "size": "1.50000000", "price": "0.73540000", "time": "2025-07-14T18:20:42.941436Z", "fetched_at": "2025-07-14T18:23:24.908355+00:00", "symbol": "ADA-USD"}, {"trade_id": 143594503, "side": "buy", "size": "1.50000000", "price": "0.73550000", "time": "2025-07-14T18:20:39.450198Z", "fetched_at": "2025-07-14T18:23:24.908355+00:00", "symbol": "ADA-USD"}, {"trade_id": 143594502, "side": "buy", "size": "1.50000000", "price": "0.73560000", "time": "2025-07-14T18:20:39.415418Z", "fetched_at": "2025-07-14T18:23:24.908355+00:00", "symbol": "ADA-USD"}, {"trade_id": 143594501, "side": "buy", "size": "1.50000000", "price": "0.73570000", "time": "2025-07-14T18:20:33.339938Z", "fetched_at": "2025-07-14T18:23:24.908355+00:00", "symbol": "ADA-USD"}, {"trade_id": 143594500, "side": "buy", "size": "1.54664802", "price": "0.73580000", "time": "2025-07-14T18:20:32.419033Z", "fetched_at": "2025-07-14T18:23:24.908355+00:00", "symbol": "ADA-USD"}, {"trade_id": 143594499, "side": "buy", "size": "1.50000000", "price": "0.73580000", "time": "2025-07-14T18:20:32.419033Z", "fetched_at": "2025-07-14T18:23:24.908355+00:00", "symbol": "ADA-USD"}, {"trade_id": 143594498, "side": "buy", "size": "1.50000000", "price": "0.73590000", "time": "2025-07-14T18:20:32.256131Z", "fetched_at": "2025-07-14T18:23:24.908355+00:00", "symbol": "ADA-USD"}, {"trade_id": 143594497, "side": "sell", "size": "142.01094000", "price": "0.73600000", "time": "2025-07-14T18:20:30.816339Z", "fetched_at": "2025-07-14T18:23:24.908355+00:00", "symbol": "ADA-USD"}, {"trade_id": 143594496, "side": "buy", "size": "1.50000000", "price": "0.73600000", "time": "2025-07-14T18:20:30.805558Z", "fetched_at": "2025-07-14T18:23:24.908355+00:00", "symbol": "ADA-USD"}, {"trade_id": 143594495, "side": "buy", "size": "2.49431825", "price": "0.73610000", "time": "2025-07-14T18:20:30.801347Z", "fetched_at": "2025-07-14T18:23:24.908355+00:00", "symbol": "ADA-USD"}, {"trade_id": 143594494, "side": "buy", "size": "11.58908632", "price": "0.73630000", "time": "2025-07-14T18:20:29.943742Z", "fetched_at": "2025-07-14T18:23:24.908355+00:00", "symbol": "ADA-USD"}, {"trade_id": 143594493, "side": "buy", "size": "5.60731612", "price": "0.73640000", "time": "2025-07-14T18:20:29.682807Z", "fetched_at": "2025-07-14T18:23:24.908355+00:00", "symbol": "ADA-USD"}, {"trade_id": 143594492, "side": "sell", "size": "66.21015476", "price": "0.73660000", "time": "2025-07-14T18:20:29.311771Z", "fetched_at": "2025-07-14T18:23:24.908355+00:00", "symbol": "ADA-USD"}, {"trade_id": 143594491, "side": "sell", "size": "1.50000000", "price": "0.73660000", "time": "2025-07-14T18:20:29.311771Z", "fetched_at": "2025-07-14T18:23:24.908355+00:00", "symbol": "ADA-USD"}, {"trade_id": 143594490, "side": "sell", "size": "684.44853105", "price": "0.73650000", "time": "2025-07-14T18:20:29.000873Z", "fetched_at": "2025-07-14T18:23:24.908355+00:00", "symbol": "ADA-USD"}, {"trade_id": 143594489, "side": "sell", "size": "2.01725475", "price": "0.73650000", "time": "2025-07-14T18:20:27.229397Z", "fetched_at": "2025-07-14T18:23:24.908355+00:00", "symbol": "ADA-USD"}, {"trade_id": 143594488, "side": "buy", "size": "160.88630736", "price": "0.73640000", "time": "2025-07-14T18:20:27.209274Z", "fetched_at": "2025-07-14T18:23:24.908355+00:00", "symbol": "ADA-USD"}, {"trade_id": 143594487, "side": "buy", "size": "51.00306000", "price": "0.73650000", "time": "2025-07-14T18:20:27.209274Z", "fetched_at": "2025-07-14T18:23:24.908355+00:00", "symbol": "ADA-USD"}, {"trade_id": 143594486, "side": "buy", "size": "81.59063264", "price": "0.73650000", "time": "2025-07-14T18:20:27.209274Z", "fetched_at": "2025-07-14T18:23:24.908355+00:00", "symbol": "ADA-USD"}, {"trade_id": 143594485, "side": "sell", "size": "3.58886951", "price": "0.73650000", "time": "2025-07-14T18:20:26.928153Z", "fetched_at": "2025-07-14T18:23:24.908355+00:00", "symbol": "ADA-USD"}, {"trade_id": 143594484, "side": "sell", "size": "21.51074088", "price": "0.73650000", "time": "2025-07-14T18:20:26.928153Z", "fetched_at": "2025-07-14T18:23:24.908355+00:00", "symbol": "ADA-USD"}, {"trade_id": 143594483, "side": "sell", "size": "1009.97332094", "price": "0.73650000", "time": "2025-07-14T18:20:26.918311Z", "fetched_at": "2025-07-14T18:23:24.908355+00:00", "symbol": "ADA-USD"}, {"trade_id": 143594482, "side": "sell", "size": "11.61124700", "price": "0.73650000", "time": "2025-07-14T18:20:26.535670Z", "fetched_at": "2025-07-14T18:23:24.908355+00:00", "symbol": "ADA-USD"}, {"trade_id": 143594481, "side": "sell", "size": "1.50000000", "price": "0.73650000", "time": "2025-07-14T18:20:26.535670Z", "fetched_at": "2025-07-14T18:23:24.908355+00:00", "symbol": "ADA-USD"}, {"trade_id": 143594480, "side": "buy", "size": "45.37456877", "price": "0.73630000", "time": "2025-07-14T18:20:24.042542Z", "fetched_at": "2025-07-14T18:23:24.908355+00:00", "symbol": "ADA-USD"}, {"trade_id": 143594479, "side": "buy", "size": "3.35905123", "price": "0.73630000", "time": "2025-07-14T18:20:24.042542Z", "fetched_at": "2025-07-14T18:23:24.908355+00:00", "symbol": "ADA-USD"}, {"trade_id": 143594478, "side": "sell", "size": "2.90650951", "price": "0.73640000", "time": "2025-07-14T18:20:23.795767Z", "fetched_at": "2025-07-14T18:23:24.908355+00:00", "symbol": "ADA-USD"}, {"trade_id": 143594477, "side": "sell", "size": "695.67079029", "price": "0.73640000", "time": "2025-07-14T18:20:23.785357Z", "fetched_at": "2025-07-14T18:23:24.908355+00:00", "symbol": "ADA-USD"}, {"trade_id": 143594476, "side": "buy", "size": "2.67118400", "price": "0.73630000", "time": "2025-07-14T18:20:21.832398Z", "fetched_at": "2025-07-14T18:23:24.908355+00:00", "symbol": "ADA-USD"}, {"trade_id": 143594475, "side": "buy", "size": "7.45822600", "price": "0.73640000", "time": "2025-07-14T18:20:19.926764Z", "fetched_at": "2025-07-14T18:23:24.908355+00:00", "symbol": "ADA-USD"}, {"trade_id": 143594474, "side": "sell", "size": "21.50967400", "price": "0.73640000", "time": "2025-07-14T18:20:19.711635Z", "fetched_at": "2025-07-14T18:23:24.908355+00:00", "symbol": "ADA-USD"}, {"trade_id": 143594473, "side": "sell", "size": "1.50000000", "price": "0.73640000", "time": "2025-07-14T18:20:19.711635Z", "fetched_at": "2025-07-14T18:23:24.908355+00:00", "symbol": "ADA-USD"}, {"trade_id": 143594472, "side": "sell", "size": "1.50000000", "price": "0.73630000", "time": "2025-07-14T18:20:19.151065Z", "fetched_at": "2025-07-14T18:23:24.908355+00:00", "symbol": "ADA-USD"}, {"trade_id": 143594471, "side": "sell", "size": "128.83985300", "price": "0.73630000", "time": "2025-07-14T18:20:15.025391Z", "fetched_at": "2025-07-14T18:23:24.908355+00:00", "symbol": "ADA-USD"}, {"trade_id": 143594470, "side": "sell", "size": "21.51066345", "price": "0.73620000", "time": "2025-07-14T18:20:15.018893Z", "fetched_at": "2025-07-14T18:23:24.908355+00:00", "symbol": "ADA-USD"}, {"trade_id": 143594469, "side": "sell", "size": "4.47401319", "price": "0.73620000", "time": "2025-07-14T18:20:15.018893Z", "fetched_at": "2025-07-14T18:23:24.908355+00:00", "symbol": "ADA-USD"}, {"trade_id": 143594468, "side": "sell", "size": "1.50000000", "price": "0.73620000", "time": "2025-07-14T18:20:15.018893Z", "fetched_at": "2025-07-14T18:23:24.908355+00:00", "symbol": "ADA-USD"}, {"trade_id": 143594467, "side": "sell", "size": "7.97904317", "price": "0.73610000", "time": "2025-07-14T18:20:13.669258Z", "fetched_at": "2025-07-14T18:23:24.908355+00:00", "symbol": "ADA-USD"}, {"trade_id": 143594466, "side": "sell", "size": "51.00306000", "price": "0.73610000", "time": "2025-07-14T18:20:13.669258Z", "fetched_at": "2025-07-14T18:23:24.908355+00:00", "symbol": "ADA-USD"}, {"trade_id": 143594465, "side": "sell", "size": "654.39901622", "price": "0.73610000", "time": "2025-07-14T18:20:13.669258Z", "fetched_at": "2025-07-14T18:23:24.908355+00:00", "symbol": "ADA-USD"}, {"trade_id": 143594464, "side": "buy", "size": "141.27715988", "price": "0.73590000", "time": "2025-07-14T18:20:12.593702Z", "fetched_at": "2025-07-14T18:23:24.908355+00:00", "symbol": "ADA-USD"}, {"trade_id": 143594463, "side": "buy", "size": "12.89417912", "price": "0.73600000", "time": "2025-07-14T18:20:12.593702Z", "fetched_at": "2025-07-14T18:23:24.908355+00:00", "symbol": "ADA-USD"}, {"trade_id": 143594462, "side": "sell", "size": "1.50000000", "price": "0.73610000", "time": "2025-07-14T18:20:11.417273Z", "fetched_at": "2025-07-14T18:23:24.908355+00:00", "symbol": "ADA-USD"}, {"trade_id": 143594461, "side": "sell", "size": "749.35254480", "price": "0.73610000", "time": "2025-07-14T18:20:11.401884Z", "fetched_at": "2025-07-14T18:23:24.908355+00:00", "symbol": "ADA-USD"}, {"trade_id": 143594460, "side": "sell", "size": "4.03994896", "price": "0.73600000", "time": "2025-07-14T18:20:11.299585Z", "fetched_at": "2025-07-14T18:23:24.908355+00:00", "symbol": "ADA-USD"}, {"trade_id": 143594459, "side": "sell", "size": "1.50000000", "price": "0.73600000", "time": "2025-07-14T18:20:11.299585Z", "fetched_at": "2025-07-14T18:23:24.908355+00:00", "symbol": "ADA-USD"}, {"trade_id": 143594458, "side": "sell", "size": "7.12180994", "price": "0.73590000", "time": "2025-07-14T18:20:10.929281Z", "fetched_at": "2025-07-14T18:23:24.908355+00:00", "symbol": "ADA-USD"}, {"trade_id": 143594457, "side": "sell", "size": "33.17040503", "price": "0.73580000", "time": "2025-07-14T18:20:10.099328Z", "fetched_at": "2025-07-14T18:23:24.908355+00:00", "symbol": "ADA-USD"}, {"trade_id": 143594456, "side": "sell", "size": "12.89677085", "price": "0.73580000", "time": "2025-07-14T18:20:10.099328Z", "fetched_at": "2025-07-14T18:23:24.908355+00:00", "symbol": "ADA-USD"}, {"trade_id": 143594455, "side": "buy", "size": "1.50000000", "price": "0.73580000", "time": "2025-07-14T18:20:08.570751Z", "fetched_at": "2025-07-14T18:23:24.908355+00:00", "symbol": "ADA-USD"}, {"trade_id": 143594454, "side": "sell", "size": "49.06704100", "price": "0.73590000", "time": "2025-07-14T18:20:07.729926Z", "fetched_at": "2025-07-14T18:23:24.908355+00:00", "symbol": "ADA-USD"}, {"trade_id": 143594453, "side": "buy", "size": "1.50000000", "price": "0.73590000", "time": "2025-07-14T18:20:07.540532Z", "fetched_at": "2025-07-14T18:23:24.908355+00:00", "symbol": "ADA-USD"}, {"trade_id": 143594452, "side": "buy", "size": "2.07153430", "price": "0.73600000", "time": "2025-07-14T18:20:05.458616Z", "fetched_at": "2025-07-14T18:23:24.908355+00:00", "symbol": "ADA-USD"}, {"trade_id": 143594451, "side": "buy", "size": "68.76523963", "price": "0.73590000", "time": "2025-07-14T18:20:04.708679Z", "fetched_at": "2025-07-14T18:23:24.908355+00:00", "symbol": "ADA-USD"}, {"trade_id": 143594450, "side": "buy", "size": "310.50000000", "price": "0.73590000", "time": "2025-07-14T18:20:04.708679Z", "fetched_at": "2025-07-14T18:23:24.908355+00:00", "symbol": "ADA-USD"}, {"trade_id": 143594449, "side": "buy", "size": "719.86519401", "price": "0.73600000", "time": "2025-07-14T18:20:04.708679Z", "fetched_at": "2025-07-14T18:23:24.908355+00:00", "symbol": "ADA-USD"}, {"trade_id": 143594448, "side": "buy", "size": "679.32623608", "price": "0.73600000", "time": "2025-07-14T18:20:04.708679Z", "fetched_at": "2025-07-14T18:23:24.908355+00:00", "symbol": "ADA-USD"}, {"trade_id": 143594447, "side": "buy", "size": "694.15090284", "price": "0.73600000", "time": "2025-07-14T18:20:04.708679Z", "fetched_at": "2025-07-14T18:23:24.908355+00:00", "symbol": "ADA-USD"}, {"trade_id": 143594446, "side": "buy", "size": "12.89242744", "price": "0.73610000", "time": "2025-07-14T18:20:04.708679Z", "fetched_at": "2025-07-14T18:23:24.908355+00:00", "symbol": "ADA-USD"}, {"trade_id": 143594445, "side": "sell", "size": "12.07273752", "price": "0.73610000", "time": "2025-07-14T18:20:02.014215Z", "fetched_at": "2025-07-14T18:23:24.908355+00:00", "symbol": "ADA-USD"}, {"trade_id": 143594444, "side": "sell", "size": "9.85155854", "price": "0.73610000", "time": "2025-07-14T18:20:02.014215Z", "fetched_at": "2025-07-14T18:23:24.908355+00:00", "symbol": "ADA-USD"}, {"trade_id": 143594443, "side": "sell", "size": "1.50000000", "price": "0.73610000", "time": "2025-07-14T18:20:02.014215Z", "fetched_at": "2025-07-14T18:23:24.908355+00:00", "symbol": "ADA-USD"}, {"trade_id": 143594442, "side": "sell", "size": "833.02714422", "price": "0.73610000", "time": "2025-07-14T18:20:02.002796Z", "fetched_at": "2025-07-14T18:23:24.908355+00:00", "symbol": "ADA-USD"}, {"trade_id": 143594441, "side": "buy", "size": "12.89417912", "price": "0.73600000", "time": "2025-07-14T18:20:01.768960Z", "fetched_at": "2025-07-14T18:23:24.908355+00:00", "symbol": "ADA-USD"}, {"trade_id": 143594440, "side": "sell", "size": "21.50991491", "price": "0.73600000", "time": "2025-07-14T18:20:01.722770Z", "fetched_at": "2025-07-14T18:23:24.908355+00:00", "symbol": "ADA-USD"}, {"trade_id": 143594439, "side": "sell", "size": "21.51169160", "price": "0.73600000", "time": "2025-07-14T18:20:01.696738Z", "fetched_at": "2025-07-14T18:23:24.908355+00:00", "symbol": "ADA-USD"}, {"trade_id": 143594438, "side": "sell", "size": "11.26814714", "price": "0.73590000", "time": "2025-07-14T18:20:01.681031Z", "fetched_at": "2025-07-14T18:23:24.908355+00:00", "symbol": "ADA-USD"}, {"trade_id": 143594437, "side": "buy", "size": "2.46577593", "price": "0.73590000", "time": "2025-07-14T18:20:00.357458Z", "fetched_at": "2025-07-14T18:23:24.908355+00:00", "symbol": "ADA-USD"}, {"trade_id": 143594436, "side": "buy", "size": "1.50000000", "price": "0.73590000", "time": "2025-07-14T18:20:00.357458Z", "fetched_at": "2025-07-14T18:23:24.908355+00:00", "symbol": "ADA-USD"}, {"trade_id": 143594435, "side": "buy", "size": "1.50000000", "price": "0.73600000", "time": "2025-07-14T18:19:59.573214Z", "fetched_at": "2025-07-14T18:23:24.908355+00:00", "symbol": "ADA-USD"}, {"trade_id": 143594434, "side": "sell", "size": "13.10590600", "price": "0.73610000", "time": "2025-07-14T18:19:59.443898Z", "fetched_at": "2025-07-14T18:23:24.908355+00:00", "symbol": "ADA-USD"}, {"trade_id": 143594433, "side": "buy", "size": "1.50000000", "price": "0.73610000", "time": "2025-07-14T18:19:58.070890Z", "fetched_at": "2025-07-14T18:23:24.908355+00:00", "symbol": "ADA-USD"}, {"trade_id": 143594432, "side": "sell", "size": "55.22425949", "price": "0.73620000", "time": "2025-07-14T18:19:55.212650Z", "fetched_at": "2025-07-14T18:23:24.908355+00:00", "symbol": "ADA-USD"}, {"trade_id": 143594431, "side": "sell", "size": "12.88541451", "price": "0.73620000", "time": "2025-07-14T18:19:55.212650Z", "fetched_at": "2025-07-14T18:23:24.908355+00:00", "symbol": "ADA-USD"}, {"trade_id": 143594430, "side": "sell", "size": "37.45000000", "price": "0.73620000", "time": "2025-07-14T18:19:55.212650Z", "fetched_at": "2025-07-14T18:23:24.908355+00:00", "symbol": "ADA-USD"}, {"trade_id": 143594429, "side": "buy", "size": "12.89067622", "price": "0.73620000", "time": "2025-07-14T18:19:54.653249Z", "fetched_at": "2025-07-14T18:23:24.908355+00:00", "symbol": "ADA-USD"}, {"trade_id": 143594428, "side": "buy", "size": "1.50000000", "price": "0.73620000", "time": "2025-07-14T18:19:54.653249Z", "fetched_at": "2025-07-14T18:23:24.908355+00:00", "symbol": "ADA-USD"}, {"trade_id": 143594427, "side": "buy", "size": "1.50000000", "price": "0.73630000", "time": "2025-07-14T18:19:54.430904Z", "fetched_at": "2025-07-14T18:23:24.908355+00:00", "symbol": "ADA-USD"}, {"trade_id": 143594426, "side": "buy", "size": "4921.70000000", "price": "0.73630000", "time": "2025-07-14T18:19:54.430904Z", "fetched_at": "2025-07-14T18:23:24.908355+00:00", "symbol": "ADA-USD"}, {"trade_id": 143594425, "side": "buy", "size": "12.88717522", "price": "0.73640000", "time": "2025-07-14T18:19:54.430904Z", "fetched_at": "2025-07-14T18:23:24.908355+00:00", "symbol": "ADA-USD"}, {"trade_id": 143594424, "side": "sell", "size": "310.50000000", "price": "0.73650000", "time": "2025-07-14T18:19:52.523794Z", "fetched_at": "2025-07-14T18:23:24.908355+00:00", "symbol": "ADA-USD"}, {"trade_id": 143594423, "side": "sell", "size": "7.26198585", "price": "0.73650000", "time": "2025-07-14T18:19:50.676118Z", "fetched_at": "2025-07-14T18:23:24.908355+00:00", "symbol": "ADA-USD"}, {"trade_id": 143594422, "side": "sell", "size": "1.50000000", "price": "0.73650000", "time": "2025-07-14T18:19:50.676118Z", "fetched_at": "2025-07-14T18:23:24.908355+00:00", "symbol": "ADA-USD"}, {"trade_id": 143594421, "side": "sell", "size": "71.02792363", "price": "0.73650000", "time": "2025-07-14T18:19:50.676118Z", "fetched_at": "2025-07-14T18:23:24.908355+00:00", "symbol": "ADA-USD"}, {"trade_id": 143594420, "side": "sell", "size": "58.70851944", "price": "0.73650000", "time": "2025-07-14T18:19:50.472942Z", "fetched_at": "2025-07-14T18:23:24.908355+00:00", "symbol": "ADA-USD"}, {"trade_id": 143594419, "side": "sell", "size": "384.21766166", "price": "0.73650000", "time": "2025-07-14T18:19:50.459704Z", "fetched_at": "2025-07-14T18:23:24.908355+00:00", "symbol": "ADA-USD"}, {"trade_id": 143594418, "side": "sell", "size": "917.39216655", "price": "0.73650000", "time": "2025-07-14T18:19:50.376780Z", "fetched_at": "2025-07-14T18:23:24.908355+00:00", "symbol": "ADA-USD"}, {"trade_id": 143594417, "side": "buy", "size": "68.39945000", "price": "0.73640000", "time": "2025-07-14T18:19:50.347142Z", "fetched_at": "2025-07-14T18:23:24.908355+00:00", "symbol": "ADA-USD"}, {"trade_id": 143594416, "side": "sell", "size": "21.51174323", "price": "0.73630000", "time": "2025-07-14T18:19:50.182694Z", "fetched_at": "2025-07-14T18:23:24.908355+00:00", "symbol": "ADA-USD"}, {"trade_id": 143594415, "side": "sell", "size": "12.89143679", "price": "0.73630000", "time": "2025-07-14T18:19:50.182694Z", "fetched_at": "2025-07-14T18:23:24.908355+00:00", "symbol": "ADA-USD"}, {"trade_id": 143594414, "side": "buy", "size": "411.40529500", "price": "0.73620000", "time": "2025-07-14T18:19:48.845109Z", "fetched_at": "2025-07-14T18:23:24.908355+00:00", "symbol": "ADA-USD"}, {"trade_id": 143594413, "side": "sell", "size": "1.62407658", "price": "0.73630000", "time": "2025-07-14T18:19:48.187417Z", "fetched_at": "2025-07-14T18:23:24.908355+00:00", "symbol": "ADA-USD"}, {"trade_id": 143594412, "side": "sell", "size": "310.50000000", "price": "0.73630000", "time": "2025-07-14T18:19:48.166841Z", "fetched_at": "2025-07-14T18:23:24.908355+00:00", "symbol": "ADA-USD"}, {"trade_id": 143594411, "side": "sell", "size": "2.16543544", "price": "0.73620000", "time": "2025-07-14T18:19:48.074573Z", "fetched_at": "2025-07-14T18:23:24.908355+00:00", "symbol": "ADA-USD"}, {"trade_id": 143594410, "side": "buy", "size": "1.38286609", "price": "0.73620000", "time": "2025-07-14T18:19:47.684953Z", "fetched_at": "2025-07-14T18:23:24.908355+00:00", "symbol": "ADA-USD"}, {"trade_id": 143594409, "side": "buy", "size": "1.50000000", "price": "0.73620000", "time": "2025-07-14T18:19:47.684953Z", "fetched_at": "2025-07-14T18:23:24.908355+00:00", "symbol": "ADA-USD"}, {"trade_id": 143594408, "side": "buy", "size": "1.65916914", "price": "0.73630000", "time": "2025-07-14T18:19:46.977106Z", "fetched_at": "2025-07-14T18:23:24.908355+00:00", "symbol": "ADA-USD"}, {"trade_id": 143594407, "side": "buy", "size": "1.50000000", "price": "0.73630000", "time": "2025-07-14T18:19:46.977106Z", "fetched_at": "2025-07-14T18:23:24.908355+00:00", "symbol": "ADA-USD"}, {"trade_id": 143594406, "side": "buy", "size": "2.17092007", "price": "0.73640000", "time": "2025-07-14T18:19:46.288342Z", "fetched_at": "2025-07-14T18:23:24.908355+00:00", "symbol": "ADA-USD"}, {"trade_id": 143594405, "side": "sell", "size": "21.51240141", "price": "0.73640000", "time": "2025-07-14T18:19:44.803599Z", "fetched_at": "2025-07-14T18:23:24.908355+00:00", "symbol": "ADA-USD"}, {"trade_id": 143594404, "side": "sell", "size": "12.88277180", "price": "0.73640000", "time": "2025-07-14T18:19:44.803599Z", "fetched_at": "2025-07-14T18:23:24.908355+00:00", "symbol": "ADA-USD"}, {"trade_id": 143594403, "side": "buy", "size": "1.50000000", "price": "0.73640000", "time": "2025-07-14T18:19:44.056681Z", "fetched_at": "2025-07-14T18:23:24.908355+00:00", "symbol": "ADA-USD"}, {"trade_id": 143594402, "side": "buy", "size": "8.21539383", "price": "0.73650000", "time": "2025-07-14T18:19:43.498569Z", "fetched_at": "2025-07-14T18:23:24.908355+00:00", "symbol": "ADA-USD"}, {"trade_id": 143594401, "side": "buy", "size": "1.50000000", "price": "0.73650000", "time": "2025-07-14T18:19:43.498569Z", "fetched_at": "2025-07-14T18:23:24.908355+00:00", "symbol": "ADA-USD"}, {"trade_id": 143594400, "side": "buy", "size": "6.10680973", "price": "0.73660000", "time": "2025-07-14T18:19:43.421460Z", "fetched_at": "2025-07-14T18:23:24.908355+00:00", "symbol": "ADA-USD"}, {"trade_id": 143594399, "side": "buy", "size": "6.10951812", "price": "0.73670000", "time": "2025-07-14T18:19:43.007185Z", "fetched_at": "2025-07-14T18:23:24.908355+00:00", "symbol": "ADA-USD"}, {"trade_id": 143594398, "side": "sell", "size": "1.20961200", "price": "0.73680000", "time": "2025-07-14T18:19:41.997382Z", "fetched_at": "2025-07-14T18:23:24.908355+00:00", "symbol": "ADA-USD"}, {"trade_id": 143594397, "side": "buy", "size": "65.59902800", "price": "0.73670000", "time": "2025-07-14T18:19:40.633190Z", "fetched_at": "2025-07-14T18:23:24.908355+00:00", "symbol": "ADA-USD"}, {"trade_id": 143594396, "side": "sell", "size": "12.88448356", "price": "0.73670000", "time": "2025-07-14T18:19:39.760636Z", "fetched_at": "2025-07-14T18:23:24.908355+00:00", "symbol": "ADA-USD"}, {"trade_id": 143594395, "side": "sell", "size": "21.51191961", "price": "0.73660000", "time": "2025-07-14T18:19:39.551484Z", "fetched_at": "2025-07-14T18:23:24.908355+00:00", "symbol": "ADA-USD"}, {"trade_id": 143594394, "side": "sell", "size": "31.16188700", "price": "0.73660000", "time": "2025-07-14T18:19:39.455587Z", "fetched_at": "2025-07-14T18:23:24.908355+00:00", "symbol": "ADA-USD"}, {"trade_id": 143594393, "side": "buy", "size": "10.29918471", "price": "0.73660000", "time": "2025-07-14T18:19:38.337638Z", "fetched_at": "2025-07-14T18:23:24.908355+00:00", "symbol": "ADA-USD"}, {"trade_id": 143594392, "side": "buy", "size": "10.29778670", "price": "0.73670000", "time": "2025-07-14T18:19:38.256680Z", "fetched_at": "2025-07-14T18:23:24.908355+00:00", "symbol": "ADA-USD"}, {"trade_id": 143594391, "side": "sell", "size": "1.50000000", "price": "0.73670000", "time": "2025-07-14T18:19:38.080197Z", "fetched_at": "2025-07-14T18:23:24.908355+00:00", "symbol": "ADA-USD"}, {"trade_id": 143594390, "side": "sell", "size": "6.94759991", "price": "0.73660000", "time": "2025-07-14T18:19:38.031916Z", "fetched_at": "2025-07-14T18:23:24.908355+00:00", "symbol": "ADA-USD"}, {"trade_id": 143594389, "side": "buy", "size": "164.60576105", "price": "0.73620000", "time": "2025-07-14T18:19:36.917769Z", "fetched_at": "2025-07-14T18:23:24.908355+00:00", "symbol": "ADA-USD"}, {"trade_id": 143594388, "side": "buy", "size": "843.69266516", "price": "0.73620000", "time": "2025-07-14T18:19:36.917769Z", "fetched_at": "2025-07-14T18:23:24.908355+00:00", "symbol": "ADA-USD"}, {"trade_id": 143594387, "side": "buy", "size": "1.50000000", "price": "0.73620000", "time": "2025-07-14T18:19:36.917769Z", "fetched_at": "2025-07-14T18:23:24.908355+00:00", "symbol": "ADA-USD"}, {"trade_id": 143594386, "side": "buy", "size": "310.50000000", "price": "0.73620000", "time": "2025-07-14T18:19:36.917769Z", "fetched_at": "2025-07-14T18:23:24.908355+00:00", "symbol": "ADA-USD"}, {"trade_id": 143594385, "side": "buy", "size": "1786.13193000", "price": "0.73630000", "time": "2025-07-14T18:19:36.917769Z", "fetched_at": "2025-07-14T18:23:24.908355+00:00", "symbol": "ADA-USD"}, {"trade_id": 143594384, "side": "buy", "size": "1.50000000", "price": "0.73630000", "time": "2025-07-14T18:19:36.917769Z", "fetched_at": "2025-07-14T18:23:24.908355+00:00", "symbol": "ADA-USD"}, {"trade_id": 143594383, "side": "buy", "size": "4641.89296709", "price": "0.73630000", "time": "2025-07-14T18:19:36.917769Z", "fetched_at": "2025-07-14T18:23:24.908355+00:00", "symbol": "ADA-USD"}, {"trade_id": 143594382, "side": "buy", "size": "843.69266516", "price": "0.73630000", "time": "2025-07-14T18:19:36.917769Z", "fetched_at": "2025-07-14T18:23:24.908355+00:00", "symbol": "ADA-USD"}, {"trade_id": 143594381, "side": "buy", "size": "165.36505475", "price": "0.73630000", "time": "2025-07-14T18:19:36.917769Z", "fetched_at": "2025-07-14T18:23:24.908355+00:00", "symbol": "ADA-USD"}, {"trade_id": 143594380, "side": "buy", "size": "1787.33026000", "price": "0.73640000", "time": "2025-07-14T18:19:36.917769Z", "fetched_at": "2025-07-14T18:23:24.908355+00:00", "symbol": "ADA-USD"}, {"trade_id": 143594379, "side": "buy", "size": "775.29471737", "price": "0.73640000", "time": "2025-07-14T18:19:36.917769Z", "fetched_at": "2025-07-14T18:23:24.908355+00:00", "symbol": "ADA-USD"}, {"trade_id": 143594378, "side": "buy", "size": "678.97881586", "price": "0.73640000", "time": "2025-07-14T18:19:36.917769Z", "fetched_at": "2025-07-14T18:23:24.908355+00:00", "symbol": "ADA-USD"}, {"trade_id": 143594377, "side": "buy", "size": "713.96891996", "price": "0.73640000", "time": "2025-07-14T18:19:36.917769Z", "fetched_at": "2025-07-14T18:23:24.908355+00:00", "symbol": "ADA-USD"}, {"trade_id": 143594376, "side": "buy", "size": "843.69266516", "price": "0.73640000", "time": "2025-07-14T18:19:36.917769Z", "fetched_at": "2025-07-14T18:23:24.908355+00:00", "symbol": "ADA-USD"}, {"trade_id": 143594375, "side": "buy", "size": "12.88542544", "price": "0.73650000", "time": "2025-07-14T18:19:36.917769Z", "fetched_at": "2025-07-14T18:23:24.908355+00:00", "symbol": "ADA-USD"}, {"trade_id": 143594374, "side": "sell", "size": "126.06452459", "price": "0.73660000", "time": "2025-07-14T18:19:36.663692Z", "fetched_at": "2025-07-14T18:23:24.908355+00:00", "symbol": "ADA-USD"}, {"trade_id": 143594373, "side": "sell", "size": "68.91635215", "price": "0.73660000", "time": "2025-07-14T18:19:36.663692Z", "fetched_at": "2025-07-14T18:23:24.908355+00:00", "symbol": "ADA-USD"}, {"trade_id": 143594372, "side": "sell", "size": "2.88724726", "price": "0.73660000", "time": "2025-07-14T18:19:36.663692Z", "fetched_at": "2025-07-14T18:23:24.908355+00:00", "symbol": "ADA-USD"}, {"trade_id": 143594371, "side": "sell", "size": "40.27190506", "price": "0.73670000", "time": "2025-07-14T18:19:36.076436Z", "fetched_at": "2025-07-14T18:23:24.908355+00:00", "symbol": "ADA-USD"}, {"trade_id": 143594370, "side": "sell", "size": "1.55910921", "price": "0.73660000", "time": "2025-07-14T18:19:36.076436Z", "fetched_at": "2025-07-14T18:23:24.908355+00:00", "symbol": "ADA-USD"}, {"trade_id": 143594369, "side": "sell", "size": "21.51085272", "price": "0.73660000", "time": "2025-07-14T18:19:36.076436Z", "fetched_at": "2025-07-14T18:23:24.908355+00:00", "symbol": "ADA-USD"}, {"trade_id": 143594368, "side": "sell", "size": "3.84966301", "price": "0.73660000", "time": "2025-07-14T18:19:36.076436Z", "fetched_at": "2025-07-14T18:23:24.908355+00:00", "symbol": "ADA-USD"}, {"trade_id": 143594367, "side": "sell", "size": "24.82468066", "price": "0.73670000", "time": "2025-07-14T18:19:33.446826Z", "fetched_at": "2025-07-14T18:23:24.908355+00:00", "symbol": "ADA-USD"}, {"trade_id": 143594366, "side": "sell", "size": "3.66247052", "price": "0.73660000", "time": "2025-07-14T18:19:33.446826Z", "fetched_at": "2025-07-14T18:23:24.908355+00:00", "symbol": "ADA-USD"}, {"trade_id": 143594365, "side": "sell", "size": "21.51284882", "price": "0.73660000", "time": "2025-07-14T18:19:33.446826Z", "fetched_at": "2025-07-14T18:23:24.908355+00:00", "symbol": "ADA-USD"}, {"trade_id": 143594364, "side": "sell", "size": "5.13288402", "price": "0.73650000", "time": "2025-07-14T18:19:32.112199Z", "fetched_at": "2025-07-14T18:23:24.908355+00:00", "symbol": "ADA-USD"}, {"trade_id": 143594363, "side": "sell", "size": "330.16897250", "price": "0.73660000", "time": "2025-07-14T18:19:28.684774Z", "fetched_at": "2025-07-14T18:23:24.908355+00:00", "symbol": "ADA-USD"}, {"trade_id": 143594362, "side": "sell", "size": "51.00306000", "price": "0.73660000", "time": "2025-07-14T18:19:28.684774Z", "fetched_at": "2025-07-14T18:23:24.908355+00:00", "symbol": "ADA-USD"}, {"trade_id": 143594361, "side": "sell", "size": "6.26908015", "price": "0.73660000", "time": "2025-07-14T18:19:28.684774Z", "fetched_at": "2025-07-14T18:23:24.908355+00:00", "symbol": "ADA-USD"}, {"trade_id": 143594360, "side": "sell", "size": "1.50000000", "price": "0.73660000", "time": "2025-07-14T18:19:28.684774Z", "fetched_at": "2025-07-14T18:23:24.908355+00:00", "symbol": "ADA-USD"}, {"trade_id": 143594359, "side": "sell", "size": "6.84384535", "price": "0.73660000", "time": "2025-07-14T18:19:28.684774Z", "fetched_at": "2025-07-14T18:23:24.908355+00:00", "symbol": "ADA-USD"}, {"trade_id": 143594358, "side": "buy", "size": "1.85000000", "price": "0.73650000", "time": "2025-07-14T18:19:28.347093Z", "fetched_at": "2025-07-14T18:23:24.908355+00:00", "symbol": "ADA-USD"}, {"trade_id": 143594357, "side": "buy", "size": "0.44800400", "price": "0.73650000", "time": "2025-07-14T18:19:27.800396Z", "fetched_at": "2025-07-14T18:23:24.908355+00:00", "symbol": "ADA-USD"}, {"trade_id": 143594356, "side": "sell", "size": "11.94770873", "price": "0.73650000", "time": "2025-07-14T18:19:27.611307Z", "fetched_at": "2025-07-14T18:23:24.908355+00:00", "symbol": "ADA-USD"}, {"trade_id": 143594355, "side": "sell", "size": "21.51185937", "price": "0.73650000", "time": "2025-07-14T18:19:27.611307Z", "fetched_at": "2025-07-14T18:23:24.908355+00:00", "symbol": "ADA-USD"}, {"trade_id": 143594354, "side": "buy", "size": "1265.98121653", "price": "0.73630000", "time": "2025-07-14T18:19:26.362795Z", "fetched_at": "2025-07-14T18:23:24.908355+00:00", "symbol": "ADA-USD"}, {"trade_id": 143594353, "side": "buy", "size": "1.50000000", "price": "0.73630000", "time": "2025-07-14T18:19:26.362795Z", "fetched_at": "2025-07-14T18:23:24.908355+00:00", "symbol": "ADA-USD"}, {"trade_id": 143594352, "side": "buy", "size": "2.89517947", "price": "0.73640000", "time": "2025-07-14T18:19:26.362795Z", "fetched_at": "2025-07-14T18:23:24.908355+00:00", "symbol": "ADA-USD"}, {"trade_id": 143594351, "side": "buy", "size": "1.50000000", "price": "0.73640000", "time": "2025-07-14T18:19:26.362795Z", "fetched_at": "2025-07-14T18:23:24.908355+00:00", "symbol": "ADA-USD"}, {"trade_id": 143594350, "side": "buy", "size": "12.88542544", "price": "0.73650000", "time": "2025-07-14T18:19:24.197320Z", "fetched_at": "2025-07-14T18:23:24.908355+00:00", "symbol": "ADA-USD"}, {"trade_id": 143594349, "side": "sell", "size": "8.19344137", "price": "0.73660000", "time": "2025-07-14T18:19:22.671440Z", "fetched_at": "2025-07-14T18:23:24.908355+00:00", "symbol": "ADA-USD"}, {"trade_id": 143594348, "side": "sell", "size": "40.77438776", "price": "0.73660000", "time": "2025-07-14T18:19:22.671440Z", "fetched_at": "2025-07-14T18:23:24.908355+00:00", "symbol": "ADA-USD"}, {"trade_id": 143594347, "side": "sell", "size": "74.27743873", "price": "0.73660000", "time": "2025-07-14T18:19:22.661279Z", "fetched_at": "2025-07-14T18:23:24.908355+00:00", "symbol": "ADA-USD"}, {"trade_id": 143594346, "side": "sell", "size": "33.50022875", "price": "0.73660000", "time": "2025-07-14T18:19:22.650443Z", "fetched_at": "2025-07-14T18:23:24.908355+00:00", "symbol": "ADA-USD"}, {"trade_id": 143594345, "side": "sell", "size": "143.59481247", "price": "0.73660000", "time": "2025-07-14T18:19:22.650443Z", "fetched_at": "2025-07-14T18:23:24.908355+00:00", "symbol": "ADA-USD"}, {"trade_id": 143594344, "side": "sell", "size": "633.85638138", "price": "0.73660000", "time": "2025-07-14T18:19:22.640018Z", "fetched_at": "2025-07-14T18:23:24.908355+00:00", "symbol": "ADA-USD"}, {"trade_id": 143594343, "side": "sell", "size": "229.44186999", "price": "0.73660000", "time": "2025-07-14T18:19:22.640018Z", "fetched_at": "2025-07-14T18:23:24.908355+00:00", "symbol": "ADA-USD"}, {"trade_id": 143594342, "side": "sell", "size": "32.97846600", "price": "0.73660000", "time": "2025-07-14T18:19:18.705288Z", "fetched_at": "2025-07-14T18:23:24.908355+00:00", "symbol": "ADA-USD"}, {"trade_id": 143594341, "side": "sell", "size": "20.64966401", "price": "0.73660000", "time": "2025-07-14T18:19:18.650803Z", "fetched_at": "2025-07-14T18:23:24.908355+00:00", "symbol": "ADA-USD"}, {"trade_id": 143594340, "side": "sell", "size": "5.72973099", "price": "0.73660000", "time": "2025-07-14T18:19:18.650803Z", "fetched_at": "2025-07-14T18:23:24.908355+00:00", "symbol": "ADA-USD"}, {"trade_id": 143594339, "side": "buy", "size": "69.37805500", "price": "0.73640000", "time": "2025-07-14T18:19:16.769103Z", "fetched_at": "2025-07-14T18:23:24.908355+00:00", "symbol": "ADA-USD"}, {"trade_id": 143594338, "side": "buy", "size": "39.22398300", "price": "0.73640000", "time": "2025-07-14T18:19:15.432532Z", "fetched_at": "2025-07-14T18:23:24.908355+00:00", "symbol": "ADA-USD"}, {"trade_id": 143594337, "side": "buy", "size": "1.50000000", "price": "0.73650000", "time": "2025-07-14T18:19:15.432532Z", "fetched_at": "2025-07-14T18:23:24.908355+00:00", "symbol": "ADA-USD"}, {"trade_id": 143594336, "side": "sell", "size": "781.78789531", "price": "0.73660000", "time": "2025-07-14T18:19:14.076259Z", "fetched_at": "2025-07-14T18:23:24.908355+00:00", "symbol": "ADA-USD"}, {"trade_id": 143594335, "side": "sell", "size": "7.63964132", "price": "0.73660000", "time": "2025-07-14T18:19:13.952014Z", "fetched_at": "2025-07-14T18:23:24.908355+00:00", "symbol": "ADA-USD"}, {"trade_id": 143594334, "side": "buy", "size": "0.01355254", "price": "0.73670000", "time": "2025-07-14T18:19:13.112868Z", "fetched_at": "2025-07-14T18:23:24.908355+00:00", "symbol": "ADA-USD"}, {"trade_id": 143594333, "side": "buy", "size": "0.00002150", "price": "0.73680000", "time": "2025-07-14T18:19:13.112868Z", "fetched_at": "2025-07-14T18:23:24.908355+00:00", "symbol": "ADA-USD"}, {"trade_id": 143594332, "side": "buy", "size": "12.88015743", "price": "0.73680000", "time": "2025-07-14T18:19:13.093030Z", "fetched_at": "2025-07-14T18:23:24.908355+00:00", "symbol": "ADA-USD"}, {"trade_id": 143594331, "side": "sell", "size": "3.24429040", "price": "0.73680000", "time": "2025-07-14T18:19:12.278866Z", "fetched_at": "2025-07-14T18:23:24.908355+00:00", "symbol": "ADA-USD"}, {"trade_id": 143594330, "side": "sell", "size": "1.50000000", "price": "0.73680000", "time": "2025-07-14T18:19:12.278866Z", "fetched_at": "2025-07-14T18:23:24.908355+00:00", "symbol": "ADA-USD"}, {"trade_id": 143594329, "side": "sell", "size": "3.24429040", "price": "0.73670000", "time": "2025-07-14T18:19:12.165900Z", "fetched_at": "2025-07-14T18:23:24.908355+00:00", "symbol": "ADA-USD"}, {"trade_id": 143594328, "side": "sell", "size": "3.24429040", "price": "0.73670000", "time": "2025-07-14T18:19:12.146674Z", "fetched_at": "2025-07-14T18:23:24.908355+00:00", "symbol": "ADA-USD"}, {"trade_id": 143594327, "side": "sell", "size": "6.42202677", "price": "0.73660000", "time": "2025-07-14T18:19:11.564715Z", "fetched_at": "2025-07-14T18:23:24.908355+00:00", "symbol": "ADA-USD"}, {"trade_id": 143594326, "side": "buy", "size": "12.88192729", "price": "0.73670000", "time": "2025-07-14T18:19:10.418257Z", "fetched_at": "2025-07-14T18:23:24.908355+00:00", "symbol": "ADA-USD"}, {"trade_id": 143594325, "side": "sell", "size": "2.24594753", "price": "0.73670000", "time": "2025-07-14T18:19:10.162587Z", "fetched_at": "2025-07-14T18:23:24.908355+00:00", "symbol": "ADA-USD"}, {"trade_id": 143594324, "side": "sell", "size": "21.50995363", "price": "0.73660000", "time": "2025-07-14T18:19:09.950734Z", "fetched_at": "2025-07-14T18:23:24.908355+00:00", "symbol": "ADA-USD"}, {"trade_id": 143594323, "side": "sell", "size": "4.61367945", "price": "0.73660000", "time": "2025-07-14T18:19:09.922371Z", "fetched_at": "2025-07-14T18:23:24.908355+00:00", "symbol": "ADA-USD"}, {"trade_id": 143594322, "side": "sell", "size": "0.00003225", "price": "0.73660000", "time": "2025-07-14T18:19:09.922371Z", "fetched_at": "2025-07-14T18:23:24.908355+00:00", "symbol": "ADA-USD"}, {"trade_id": 143594321, "side": "sell", "size": "21.51417597", "price": "0.73660000", "time": "2025-07-14T18:19:09.912939Z", "fetched_at": "2025-07-14T18:23:24.908355+00:00", "symbol": "ADA-USD"}, {"trade_id": 143594320, "side": "sell", "size": "4.61367945", "price": "0.73660000", "time": "2025-07-14T18:19:09.912939Z", "fetched_at": "2025-07-14T18:23:24.908355+00:00", "symbol": "ADA-USD"}, {"trade_id": 143594319, "side": "sell", "size": "1.72856531", "price": "0.73660000", "time": "2025-07-14T18:19:09.912939Z", "fetched_at": "2025-07-14T18:23:24.908355+00:00", "symbol": "ADA-USD"}, {"trade_id": 143594318, "side": "sell", "size": "11.85301927", "price": "0.73660000", "time": "2025-07-14T18:19:09.912939Z", "fetched_at": "2025-07-14T18:23:24.908355+00:00", "symbol": "ADA-USD"}, {"trade_id": 143594317, "side": "sell", "size": "9.13271295", "price": "0.73650000", "time": "2025-07-14T18:19:08.176474Z", "fetched_at": "2025-07-14T18:23:24.908355+00:00", "symbol": "ADA-USD"}, {"trade_id": 143594316, "side": "sell", "size": "43.01927918", "price": "0.73650000", "time": "2025-07-14T18:19:08.176474Z", "fetched_at": "2025-07-14T18:23:24.908355+00:00", "symbol": "ADA-USD"}, {"trade_id": 143594315, "side": "sell", "size": "14.15777302", "price": "0.73640000", "time": "2025-07-14T18:19:08.138415Z", "fetched_at": "2025-07-14T18:23:24.908355+00:00", "symbol": "ADA-USD"}, {"trade_id": 143594314, "side": "buy", "size": "1.50000000", "price": "0.73640000", "time": "2025-07-14T18:19:07.833141Z", "fetched_at": "2025-07-14T18:23:24.908355+00:00", "symbol": "ADA-USD"}, {"trade_id": 143594313, "side": "buy", "size": "1.50000000", "price": "0.73650000", "time": "2025-07-14T18:19:07.823694Z", "fetched_at": "2025-07-14T18:23:24.908355+00:00", "symbol": "ADA-USD"}, {"trade_id": 143594312, "side": "buy", "size": "2.23262744", "price": "0.73660000", "time": "2025-07-14T18:19:04.215813Z", "fetched_at": "2025-07-14T18:23:24.908355+00:00", "symbol": "ADA-USD"}, {"trade_id": 143594311, "side": "sell", "size": "26.86398600", "price": "0.73670000", "time": "2025-07-14T18:19:04.009518Z", "fetched_at": "2025-07-14T18:23:24.908355+00:00", "symbol": "ADA-USD"}, {"trade_id": 143594310, "side": "buy", "size": "7.09609691", "price": "0.73670000", "time": "2025-07-14T18:19:03.879104Z", "fetched_at": "2025-07-14T18:23:24.908355+00:00", "symbol": "ADA-USD"}, {"trade_id": 143594309, "side": "sell", "size": "15.80402569", "price": "0.73660000", "time": "2025-07-14T18:19:03.196226Z", "fetched_at": "2025-07-14T18:23:24.908355+00:00", "symbol": "ADA-USD"}, {"trade_id": 143594308, "side": "sell", "size": "12.88271905", "price": "0.73660000", "time": "2025-07-14T18:19:01.766465Z", "fetched_at": "2025-07-14T18:23:24.908355+00:00", "symbol": "ADA-USD"}, {"trade_id": 143594307, "side": "buy", "size": "400.01600000", "price": "0.73660000", "time": "2025-07-14T18:19:00.290498Z", "fetched_at": "2025-07-14T18:23:24.908355+00:00", "symbol": "ADA-USD"}, {"trade_id": 143594306, "side": "buy", "size": "500.00000000", "price": "0.73660000", "time": "2025-07-14T18:18:55.969497Z", "fetched_at": "2025-07-14T18:23:24.908355+00:00", "symbol": "ADA-USD"}, {"trade_id": 143594305, "side": "buy", "size": "242.92589503", "price": "0.73660000", "time": "2025-07-14T18:18:55.950944Z", "fetched_at": "2025-07-14T18:23:24.908355+00:00", "symbol": "ADA-USD"}, {"trade_id": 143594304, "side": "buy", "size": "500.00000000", "price": "0.73660000", "time": "2025-07-14T18:18:55.950944Z", "fetched_at": "2025-07-14T18:23:24.908355+00:00", "symbol": "ADA-USD"}, {"trade_id": 143594303, "side": "buy", "size": "1.50000000", "price": "0.73660000", "time": "2025-07-14T18:18:55.950944Z", "fetched_at": "2025-07-14T18:23:24.908355+00:00", "symbol": "ADA-USD"}, {"trade_id": 143594302, "side": "buy", "size": "755.57410497", "price": "0.73670000", "time": "2025-07-14T18:18:55.950944Z", "fetched_at": "2025-07-14T18:23:24.908355+00:00", "symbol": "ADA-USD"}, {"trade_id": 143594301, "side": "buy", "size": "1.38895329", "price": "0.73670000", "time": "2025-07-14T18:18:54.646957Z", "fetched_at": "2025-07-14T18:23:24.908355+00:00", "symbol": "ADA-USD"}, {"trade_id": 143594300, "side": "sell", "size": "19.45110854", "price": "0.73670000", "time": "2025-07-14T18:18:52.734913Z", "fetched_at": "2025-07-14T18:23:24.908355+00:00", "symbol": "ADA-USD"}, {"trade_id": 143594299, "side": "buy", "size": "1.89352129", "price": "0.73690000", "time": "2025-07-14T18:18:52.707723Z", "fetched_at": "2025-07-14T18:23:24.908355+00:00", "symbol": "ADA-USD"}, {"trade_id": 143594298, "side": "buy", "size": "2.44826382", "price": "0.73700000", "time": "2025-07-14T18:18:51.789185Z", "fetched_at": "2025-07-14T18:23:24.908355+00:00", "symbol": "ADA-USD"}, {"trade_id": 143594297, "side": "sell", "size": "21.50965679", "price": "0.73700000", "time": "2025-07-14T18:18:51.314755Z", "fetched_at": "2025-07-14T18:23:24.908355+00:00", "symbol": "ADA-USD"}, {"trade_id": 143594296, "side": "buy", "size": "59.24115299", "price": "0.73690000", "time": "2025-07-14T18:18:49.960908Z", "fetched_at": "2025-07-14T18:23:24.908355+00:00", "symbol": "ADA-USD"}, {"trade_id": 143594295, "side": "buy", "size": "9.15821643", "price": "0.73690000", "time": "2025-07-14T18:18:49.960908Z", "fetched_at": "2025-07-14T18:23:24.908355+00:00", "symbol": "ADA-USD"}, {"trade_id": 143594294, "side": "buy", "size": "0.00008058", "price": "0.73690000", "time": "2025-07-14T18:18:49.960908Z", "fetched_at": "2025-07-14T18:23:24.908355+00:00", "symbol": "ADA-USD"}, {"trade_id": 143594293, "side": "buy", "size": "678.51803585", "price": "0.73690000", "time": "2025-07-14T18:18:47.044678Z", "fetched_at": "2025-07-14T18:23:24.908355+00:00", "symbol": "ADA-USD"}, {"trade_id": 143594292, "side": "buy", "size": "747.22526415", "price": "0.73690000", "time": "2025-07-14T18:18:47.044678Z", "fetched_at": "2025-07-14T18:23:24.908355+00:00", "symbol": "ADA-USD"}, {"trade_id": 143594291, "side": "buy", "size": "12.87668363", "price": "0.73700000", "time": "2025-07-14T18:18:47.040575Z", "fetched_at": "2025-07-14T18:23:24.908355+00:00", "symbol": "ADA-USD"}, {"trade_id": 143594290, "side": "buy", "size": "9.22325232", "price": "0.73700000", "time": "2025-07-14T18:18:47.040575Z", "fetched_at": "2025-07-14T18:23:24.908355+00:00", "symbol": "ADA-USD"}, {"trade_id": 143594289, "side": "buy", "size": "68.39945000", "price": "0.73700000", "time": "2025-07-14T18:18:47.037671Z", "fetched_at": "2025-07-14T18:23:24.908355+00:00", "symbol": "ADA-USD"}, {"trade_id": 143594288, "side": "sell", "size": "1.50000000", "price": "0.73700000", "time": "2025-07-14T18:18:47.032450Z", "fetched_at": "2025-07-14T18:23:24.908355+00:00", "symbol": "ADA-USD"}, {"trade_id": 143594287, "side": "sell", "size": "21.51031930", "price": "0.73690000", "time": "2025-07-14T18:18:44.506246Z", "fetched_at": "2025-07-14T18:23:24.908355+00:00", "symbol": "ADA-USD"}, {"trade_id": 143594286, "side": "sell", "size": "41.52685472", "price": "0.73690000", "time": "2025-07-14T18:18:44.506246Z", "fetched_at": "2025-07-14T18:23:24.908355+00:00", "symbol": "ADA-USD"}, {"trade_id": 143594285, "side": "sell", "size": "2.51752493", "price": "0.73690000", "time": "2025-07-14T18:18:44.506246Z", "fetched_at": "2025-07-14T18:23:24.908355+00:00", "symbol": "ADA-USD"}, {"trade_id": 143594284, "side": "sell", "size": "8.70551442", "price": "0.73690000", "time": "2025-07-14T18:18:44.506246Z", "fetched_at": "2025-07-14T18:23:24.908355+00:00", "symbol": "ADA-USD"}, {"trade_id": 143594283, "side": "sell", "size": "627.01274595", "price": "0.73690000", "time": "2025-07-14T18:18:43.831735Z", "fetched_at": "2025-07-14T18:23:24.908355+00:00", "symbol": "ADA-USD"}, {"trade_id": 143594282, "side": "sell", "size": "1.50000000", "price": "0.73690000", "time": "2025-07-14T18:18:43.831735Z", "fetched_at": "2025-07-14T18:23:24.908355+00:00", "symbol": "ADA-USD"}, {"trade_id": 143594281, "side": "sell", "size": "1.50000000", "price": "0.73680000", "time": "2025-07-14T18:18:42.186432Z", "fetched_at": "2025-07-14T18:23:24.908355+00:00", "symbol": "ADA-USD"}, {"trade_id": 143594280, "side": "sell", "size": "1.50000000", "price": "0.73670000", "time": "2025-07-14T18:18:41.962451Z", "fetched_at": "2025-07-14T18:23:24.908355+00:00", "symbol": "ADA-USD"}, {"trade_id": 143594279, "side": "sell", "size": "0.33966250", "price": "0.73670000", "time": "2025-07-14T18:18:41.962451Z", "fetched_at": "2025-07-14T18:23:24.908355+00:00", "symbol": "ADA-USD"}, {"trade_id": 143594278, "side": "sell", "size": "8.05853181", "price": "0.73660000", "time": "2025-07-14T18:18:41.733819Z", "fetched_at": "2025-07-14T18:23:24.908355+00:00", "symbol": "ADA-USD"}, {"trade_id": 143594277, "side": "sell", "size": "11.43624258", "price": "0.73660000", "time": "2025-07-14T18:18:41.268973Z", "fetched_at": "2025-07-14T18:23:24.908355+00:00", "symbol": "ADA-USD"}