[{"trade_id": 143561877, "side": "buy", "size": "53.89945833", "price": "0.74170000", "time": "2025-07-14T14:39:31.535320Z", "fetched_at": "2025-07-14T14:39:32.517191+00:00", "symbol": "ADA-USD"}, {"trade_id": 143561876, "side": "buy", "size": "14.49999167", "price": "0.74170000", "time": "2025-07-14T14:39:31.535320Z", "fetched_at": "2025-07-14T14:39:32.517191+00:00", "symbol": "ADA-USD"}, {"trade_id": 143561875, "side": "sell", "size": "0.15934214", "price": "0.74180000", "time": "2025-07-14T14:39:31.294951Z", "fetched_at": "2025-07-14T14:39:32.517191+00:00", "symbol": "ADA-USD"}, {"trade_id": 143561874, "side": "buy", "size": "741.20348000", "price": "0.74180000", "time": "2025-07-14T14:39:31.111291Z", "fetched_at": "2025-07-14T14:39:32.517191+00:00", "symbol": "ADA-USD"}, {"trade_id": 143561873, "side": "buy", "size": "19.33332223", "price": "0.74190000", "time": "2025-07-14T14:39:30.370426Z", "fetched_at": "2025-07-14T14:39:32.517191+00:00", "symbol": "ADA-USD"}, {"trade_id": 143561872, "side": "buy", "size": "119.67735326", "price": "0.74180000", "time": "2025-07-14T14:39:29.723293Z", "fetched_at": "2025-07-14T14:39:32.517191+00:00", "symbol": "ADA-USD"}, {"trade_id": 143561871, "side": "buy", "size": "746.12737576", "price": "0.74180000", "time": "2025-07-14T14:39:29.723293Z", "fetched_at": "2025-07-14T14:39:32.517191+00:00", "symbol": "ADA-USD"}, {"trade_id": 143561870, "side": "buy", "size": "6.44444075", "price": "0.74180000", "time": "2025-07-14T14:39:29.723293Z", "fetched_at": "2025-07-14T14:39:32.517191+00:00", "symbol": "ADA-USD"}, {"trade_id": 143561869, "side": "buy", "size": "19.33332223", "price": "0.74180000", "time": "2025-07-14T14:39:29.723293Z", "fetched_at": "2025-07-14T14:39:32.517191+00:00", "symbol": "ADA-USD"}, {"trade_id": 143561868, "side": "sell", "size": "714.46022171", "price": "0.74190000", "time": "2025-07-14T14:39:29.156620Z", "fetched_at": "2025-07-14T14:39:32.517191+00:00", "symbol": "ADA-USD"}, {"trade_id": 143561867, "side": "sell", "size": "673.94527564", "price": "0.74190000", "time": "2025-07-14T14:39:29.156620Z", "fetched_at": "2025-07-14T14:39:32.517191+00:00", "symbol": "ADA-USD"}, {"trade_id": 143561866, "side": "sell", "size": "98.96298268", "price": "0.74190000", "time": "2025-07-14T14:39:29.156620Z", "fetched_at": "2025-07-14T14:39:32.517191+00:00", "symbol": "ADA-USD"}, {"trade_id": 143561865, "side": "sell", "size": "261.88293833", "price": "0.74190000", "time": "2025-07-14T14:39:29.156620Z", "fetched_at": "2025-07-14T14:39:32.517191+00:00", "symbol": "ADA-USD"}, {"trade_id": 143561864, "side": "buy", "size": "0.10000000", "price": "0.74180000", "time": "2025-07-14T14:39:29.059168Z", "fetched_at": "2025-07-14T14:39:32.517191+00:00", "symbol": "ADA-USD"}, {"trade_id": 143561863, "side": "buy", "size": "1.50000000", "price": "0.74180000", "time": "2025-07-14T14:39:29.059168Z", "fetched_at": "2025-07-14T14:39:32.517191+00:00", "symbol": "ADA-USD"}, {"trade_id": 143561862, "side": "buy", "size": "0.00001073", "price": "0.74190000", "time": "2025-07-14T14:39:29.057634Z", "fetched_at": "2025-07-14T14:39:32.517191+00:00", "symbol": "ADA-USD"}, {"trade_id": 143561861, "side": "buy", "size": "1.49998927", "price": "0.74190000", "time": "2025-07-14T14:39:28.959982Z", "fetched_at": "2025-07-14T14:39:32.517191+00:00", "symbol": "ADA-USD"}, {"trade_id": 143561860, "side": "buy", "size": "2.35880846", "price": "0.74190000", "time": "2025-07-14T14:39:28.959982Z", "fetched_at": "2025-07-14T14:39:32.517191+00:00", "symbol": "ADA-USD"}, {"trade_id": 143561859, "side": "buy", "size": "74.93929227", "price": "0.74190000", "time": "2025-07-14T14:39:28.959982Z", "fetched_at": "2025-07-14T14:39:32.517191+00:00", "symbol": "ADA-USD"}, {"trade_id": 143561858, "side": "buy", "size": "5309.04898428", "price": "0.74200000", "time": "2025-07-14T14:39:28.949454Z", "fetched_at": "2025-07-14T14:39:32.517191+00:00", "symbol": "ADA-USD"}, {"trade_id": 143561857, "side": "buy", "size": "9287.70234000", "price": "0.74200000", "time": "2025-07-14T14:39:28.949180Z", "fetched_at": "2025-07-14T14:39:32.517191+00:00", "symbol": "ADA-USD"}, {"trade_id": 143561856, "side": "buy", "size": "174.52076000", "price": "0.74200000", "time": "2025-07-14T14:39:28.947298Z", "fetched_at": "2025-07-14T14:39:32.517191+00:00", "symbol": "ADA-USD"}, {"trade_id": 143561855, "side": "buy", "size": "1174.69380173", "price": "0.74200000", "time": "2025-07-14T14:39:28.942889Z", "fetched_at": "2025-07-14T14:39:32.517191+00:00", "symbol": "ADA-USD"}, {"trade_id": 143561854, "side": "buy", "size": "182.67801608", "price": "0.74200000", "time": "2025-07-14T14:39:28.941073Z", "fetched_at": "2025-07-14T14:39:32.517191+00:00", "symbol": "ADA-USD"}, {"trade_id": 143561853, "side": "buy", "size": "743.39568497", "price": "0.74200000", "time": "2025-07-14T14:39:28.903953Z", "fetched_at": "2025-07-14T14:39:32.517191+00:00", "symbol": "ADA-USD"}, {"trade_id": 143561852, "side": "buy", "size": "764.51220777", "price": "0.74200000", "time": "2025-07-14T14:39:28.892669Z", "fetched_at": "2025-07-14T14:39:32.517191+00:00", "symbol": "ADA-USD"}, {"trade_id": 143561851, "side": "buy", "size": "23912.54888035", "price": "0.74200000", "time": "2025-07-14T14:39:28.849930Z", "fetched_at": "2025-07-14T14:39:32.517191+00:00", "symbol": "ADA-USD"}, {"trade_id": 143561850, "side": "buy", "size": "484.88743974", "price": "0.74200000", "time": "2025-07-14T14:39:28.569905Z", "fetched_at": "2025-07-14T14:39:32.517191+00:00", "symbol": "ADA-USD"}, {"trade_id": 143561849, "side": "buy", "size": "7563.94553557", "price": "0.74200000", "time": "2025-07-14T14:39:28.506876Z", "fetched_at": "2025-07-14T14:39:32.517191+00:00", "symbol": "ADA-USD"}, {"trade_id": 143561848, "side": "buy", "size": "631.22152211", "price": "0.74200000", "time": "2025-07-14T14:39:28.498773Z", "fetched_at": "2025-07-14T14:39:32.517191+00:00", "symbol": "ADA-USD"}, {"trade_id": 143561847, "side": "buy", "size": "798.61674714", "price": "0.74200000", "time": "2025-07-14T14:39:28.465131Z", "fetched_at": "2025-07-14T14:39:32.517191+00:00", "symbol": "ADA-USD"}, {"trade_id": 143561846, "side": "buy", "size": "1537.40132000", "price": "0.74200000", "time": "2025-07-14T14:39:28.455868Z", "fetched_at": "2025-07-14T14:39:32.517191+00:00", "symbol": "ADA-USD"}, {"trade_id": 143561845, "side": "buy", "size": "65.51676026", "price": "0.74200000", "time": "2025-07-14T14:39:28.317091Z", "fetched_at": "2025-07-14T14:39:32.517191+00:00", "symbol": "ADA-USD"}, {"trade_id": 143561844, "side": "buy", "size": "1.50000000", "price": "0.74200000", "time": "2025-07-14T14:39:28.317091Z", "fetched_at": "2025-07-14T14:39:32.517191+00:00", "symbol": "ADA-USD"}, {"trade_id": 143561843, "side": "buy", "size": "1.38268974", "price": "0.74210000", "time": "2025-07-14T14:39:28.317091Z", "fetched_at": "2025-07-14T14:39:32.517191+00:00", "symbol": "ADA-USD"}, {"trade_id": 143561842, "side": "buy", "size": "976.94904587", "price": "0.74210000", "time": "2025-07-14T14:39:26.803194Z", "fetched_at": "2025-07-14T14:39:32.517191+00:00", "symbol": "ADA-USD"}, {"trade_id": 143561841, "side": "buy", "size": "1.84358632", "price": "0.74220000", "time": "2025-07-14T14:39:26.648622Z", "fetched_at": "2025-07-14T14:39:32.517191+00:00", "symbol": "ADA-USD"}, {"trade_id": 143561840, "side": "buy", "size": "14.95205490", "price": "0.74210000", "time": "2025-07-14T14:39:24.251704Z", "fetched_at": "2025-07-14T14:39:32.517191+00:00", "symbol": "ADA-USD"}, {"trade_id": 143561839, "side": "buy", "size": "1.50000000", "price": "0.74210000", "time": "2025-07-14T14:39:24.251704Z", "fetched_at": "2025-07-14T14:39:32.517191+00:00", "symbol": "ADA-USD"}, {"trade_id": 143561838, "side": "buy", "size": "2.45811510", "price": "0.74220000", "time": "2025-07-14T14:39:24.251704Z", "fetched_at": "2025-07-14T14:39:32.517191+00:00", "symbol": "ADA-USD"}, {"trade_id": 143561837, "side": "sell", "size": "673.67286445", "price": "0.74220000", "time": "2025-07-14T14:39:23.150254Z", "fetched_at": "2025-07-14T14:39:32.517191+00:00", "symbol": "ADA-USD"}, {"trade_id": 143561836, "side": "buy", "size": "3.52111157", "price": "0.74220000", "time": "2025-07-14T14:39:19.601620Z", "fetched_at": "2025-07-14T14:39:32.517191+00:00", "symbol": "ADA-USD"}, {"trade_id": 143561835, "side": "buy", "size": "3.02537243", "price": "0.74220000", "time": "2025-07-14T14:39:19.601620Z", "fetched_at": "2025-07-14T14:39:32.517191+00:00", "symbol": "ADA-USD"}, {"trade_id": 143561834, "side": "buy", "size": "336.38320000", "price": "0.74230000", "time": "2025-07-14T14:39:18.864932Z", "fetched_at": "2025-07-14T14:39:32.517191+00:00", "symbol": "ADA-USD"}, {"trade_id": 143561833, "side": "buy", "size": "6.39213321", "price": "0.74240000", "time": "2025-07-14T14:39:18.707076Z", "fetched_at": "2025-07-14T14:39:32.517191+00:00", "symbol": "ADA-USD"}, {"trade_id": 143561832, "side": "buy", "size": "3.27748679", "price": "0.74240000", "time": "2025-07-14T14:39:18.707076Z", "fetched_at": "2025-07-14T14:39:32.517191+00:00", "symbol": "ADA-USD"}, {"trade_id": 143561831, "side": "sell", "size": "671.99140000", "price": "0.74260000", "time": "2025-07-14T14:39:18.345589Z", "fetched_at": "2025-07-14T14:39:32.517191+00:00", "symbol": "ADA-USD"}, {"trade_id": 143561830, "side": "sell", "size": "1.50000000", "price": "0.74250000", "time": "2025-07-14T14:39:18.345589Z", "fetched_at": "2025-07-14T14:39:32.517191+00:00", "symbol": "ADA-USD"}, {"trade_id": 143561829, "side": "buy", "size": "18.78049946", "price": "0.74230000", "time": "2025-07-14T14:39:18.271410Z", "fetched_at": "2025-07-14T14:39:32.517191+00:00", "symbol": "ADA-USD"}, {"trade_id": 143561828, "side": "buy", "size": "49.61895054", "price": "0.74230000", "time": "2025-07-14T14:39:18.271410Z", "fetched_at": "2025-07-14T14:39:32.517191+00:00", "symbol": "ADA-USD"}, {"trade_id": 143561827, "side": "sell", "size": "202.28065777", "price": "0.74240000", "time": "2025-07-14T14:39:16.940474Z", "fetched_at": "2025-07-14T14:39:32.517191+00:00", "symbol": "ADA-USD"}, {"trade_id": 143561826, "side": "sell", "size": "1.50000000", "price": "0.74240000", "time": "2025-07-14T14:39:16.940474Z", "fetched_at": "2025-07-14T14:39:32.517191+00:00", "symbol": "ADA-USD"}, {"trade_id": 143561825, "side": "sell", "size": "1.50000000", "price": "0.74230000", "time": "2025-07-14T14:39:16.849563Z", "fetched_at": "2025-07-14T14:39:32.517191+00:00", "symbol": "ADA-USD"}, {"trade_id": 143561824, "side": "sell", "size": "0.00000193", "price": "0.74220000", "time": "2025-07-14T14:39:16.849563Z", "fetched_at": "2025-07-14T14:39:32.517191+00:00", "symbol": "ADA-USD"}, {"trade_id": 143561823, "side": "sell", "size": "165.11537000", "price": "0.74220000", "time": "2025-07-14T14:39:16.695727Z", "fetched_at": "2025-07-14T14:39:32.517191+00:00", "symbol": "ADA-USD"}, {"trade_id": 143561822, "side": "sell", "size": "1.50000000", "price": "0.74220000", "time": "2025-07-14T14:39:16.695727Z", "fetched_at": "2025-07-14T14:39:32.517191+00:00", "symbol": "ADA-USD"}, {"trade_id": 143561821, "side": "buy", "size": "1015.74120081", "price": "0.74170000", "time": "2025-07-14T14:39:16.387886Z", "fetched_at": "2025-07-14T14:39:32.517191+00:00", "symbol": "ADA-USD"}, {"trade_id": 143561820, "side": "buy", "size": "1.50000000", "price": "0.74170000", "time": "2025-07-14T14:39:16.387886Z", "fetched_at": "2025-07-14T14:39:32.517191+00:00", "symbol": "ADA-USD"}, {"trade_id": 143561819, "side": "buy", "size": "1.50000000", "price": "0.74180000", "time": "2025-07-14T14:39:16.387886Z", "fetched_at": "2025-07-14T14:39:32.517191+00:00", "symbol": "ADA-USD"}, {"trade_id": 143561818, "side": "buy", "size": "1485.34421453", "price": "0.74180000", "time": "2025-07-14T14:39:16.387886Z", "fetched_at": "2025-07-14T14:39:32.517191+00:00", "symbol": "ADA-USD"}, {"trade_id": 143561817, "side": "buy", "size": "1022.84342380", "price": "0.74180000", "time": "2025-07-14T14:39:16.387886Z", "fetched_at": "2025-07-14T14:39:32.517191+00:00", "symbol": "ADA-USD"}, {"trade_id": 143561816, "side": "buy", "size": "1108.07144560", "price": "0.74180000", "time": "2025-07-14T14:39:16.387886Z", "fetched_at": "2025-07-14T14:39:32.517191+00:00", "symbol": "ADA-USD"}, {"trade_id": 143561815, "side": "buy", "size": "519.40184479", "price": "0.74180000", "time": "2025-07-14T14:39:16.387886Z", "fetched_at": "2025-07-14T14:39:32.517191+00:00", "symbol": "ADA-USD"}, {"trade_id": 143561814, "side": "buy", "size": "537.87027094", "price": "0.74180000", "time": "2025-07-14T14:39:16.387886Z", "fetched_at": "2025-07-14T14:39:32.517191+00:00", "symbol": "ADA-USD"}, {"trade_id": 143561813, "side": "buy", "size": "1823.00417000", "price": "0.74180000", "time": "2025-07-14T14:39:16.387886Z", "fetched_at": "2025-07-14T14:39:32.517191+00:00", "symbol": "ADA-USD"}, {"trade_id": 143561812, "side": "buy", "size": "7.17125316", "price": "0.74180000", "time": "2025-07-14T14:39:16.387886Z", "fetched_at": "2025-07-14T14:39:32.517191+00:00", "symbol": "ADA-USD"}, {"trade_id": 143561811, "side": "buy", "size": "634.52994396", "price": "0.74190000", "time": "2025-07-14T14:39:16.387886Z", "fetched_at": "2025-07-14T14:39:32.517191+00:00", "symbol": "ADA-USD"}, {"trade_id": 143561810, "side": "buy", "size": "384.54503219", "price": "0.74190000", "time": "2025-07-14T14:39:16.387886Z", "fetched_at": "2025-07-14T14:39:32.517191+00:00", "symbol": "ADA-USD"}, {"trade_id": 143561809, "side": "buy", "size": "714.46022171", "price": "0.74190000", "time": "2025-07-14T14:39:16.387886Z", "fetched_at": "2025-07-14T14:39:32.517191+00:00", "symbol": "ADA-USD"}, {"trade_id": 143561808, "side": "buy", "size": "1699.54133000", "price": "0.74190000", "time": "2025-07-14T14:39:16.387886Z", "fetched_at": "2025-07-14T14:39:32.517191+00:00", "symbol": "ADA-USD"}, {"trade_id": 143561807, "side": "buy", "size": "1823.00417000", "price": "0.74190000", "time": "2025-07-14T14:39:16.387886Z", "fetched_at": "2025-07-14T14:39:32.517191+00:00", "symbol": "ADA-USD"}, {"trade_id": 143561806, "side": "buy", "size": "118.63911000", "price": "0.74190000", "time": "2025-07-14T14:39:16.387886Z", "fetched_at": "2025-07-14T14:39:32.517191+00:00", "symbol": "ADA-USD"}, {"trade_id": 143561805, "side": "buy", "size": "1699.54133000", "price": "0.74200000", "time": "2025-07-14T14:39:16.387886Z", "fetched_at": "2025-07-14T14:39:32.517191+00:00", "symbol": "ADA-USD"}, {"trade_id": 143561804, "side": "buy", "size": "634.40378090", "price": "0.74200000", "time": "2025-07-14T14:39:16.387886Z", "fetched_at": "2025-07-14T14:39:32.517191+00:00", "symbol": "ADA-USD"}, {"trade_id": 143561803, "side": "buy", "size": "391.99453774", "price": "0.74200000", "time": "2025-07-14T14:39:16.387886Z", "fetched_at": "2025-07-14T14:39:32.517191+00:00", "symbol": "ADA-USD"}, {"trade_id": 143561802, "side": "buy", "size": "118.63911000", "price": "0.74200000", "time": "2025-07-14T14:39:16.387886Z", "fetched_at": "2025-07-14T14:39:32.517191+00:00", "symbol": "ADA-USD"}, {"trade_id": 143561801, "side": "buy", "size": "5.37843987", "price": "0.74200000", "time": "2025-07-14T14:39:16.387886Z", "fetched_at": "2025-07-14T14:39:32.517191+00:00", "symbol": "ADA-USD"}, {"trade_id": 143561800, "side": "buy", "size": "118.63911000", "price": "0.74210000", "time": "2025-07-14T14:39:16.387886Z", "fetched_at": "2025-07-14T14:39:32.517191+00:00", "symbol": "ADA-USD"}, {"trade_id": 143561799, "side": "buy", "size": "51.00306000", "price": "0.74210000", "time": "2025-07-14T14:39:16.387886Z", "fetched_at": "2025-07-14T14:39:32.517191+00:00", "symbol": "ADA-USD"}, {"trade_id": 143561798, "side": "buy", "size": "500.00000000", "price": "0.74210000", "time": "2025-07-14T14:39:16.387886Z", "fetched_at": "2025-07-14T14:39:32.517191+00:00", "symbol": "ADA-USD"}, {"trade_id": 143561797, "side": "sell", "size": "1.50000000", "price": "0.74210000", "time": "2025-07-14T14:39:16.378990Z", "fetched_at": "2025-07-14T14:39:32.517191+00:00", "symbol": "ADA-USD"}, {"trade_id": 143561796, "side": "buy", "size": "9.56167088", "price": "0.74180000", "time": "2025-07-14T14:39:13.123119Z", "fetched_at": "2025-07-14T14:39:32.517191+00:00", "symbol": "ADA-USD"}, {"trade_id": 143561795, "side": "sell", "size": "1.50000000", "price": "0.74200000", "time": "2025-07-14T14:39:12.545253Z", "fetched_at": "2025-07-14T14:39:32.517191+00:00", "symbol": "ADA-USD"}, {"trade_id": 143561794, "side": "sell", "size": "53.20610442", "price": "0.74180000", "time": "2025-07-14T14:39:12.078366Z", "fetched_at": "2025-07-14T14:39:32.517191+00:00", "symbol": "ADA-USD"}, {"trade_id": 143561793, "side": "buy", "size": "167.30663434", "price": "0.74170000", "time": "2025-07-14T14:39:11.530258Z", "fetched_at": "2025-07-14T14:39:32.517191+00:00", "symbol": "ADA-USD"}, {"trade_id": 143561792, "side": "buy", "size": "2458.47254041", "price": "0.74170000", "time": "2025-07-14T14:39:11.520482Z", "fetched_at": "2025-07-14T14:39:32.517191+00:00", "symbol": "ADA-USD"}, {"trade_id": 143561791, "side": "buy", "size": "1.50000000", "price": "0.74170000", "time": "2025-07-14T14:39:11.520482Z", "fetched_at": "2025-07-14T14:39:32.517191+00:00", "symbol": "ADA-USD"}, {"trade_id": 143561790, "side": "buy", "size": "1.50000000", "price": "0.74180000", "time": "2025-07-14T14:39:11.520482Z", "fetched_at": "2025-07-14T14:39:32.517191+00:00", "symbol": "ADA-USD"}, {"trade_id": 143561789, "side": "buy", "size": "0.12482492", "price": "0.74180000", "time": "2025-07-14T14:39:11.520482Z", "fetched_at": "2025-07-14T14:39:32.517191+00:00", "symbol": "ADA-USD"}, {"trade_id": 143561788, "side": "buy", "size": "1116.82524614", "price": "0.74190000", "time": "2025-07-14T14:39:11.366175Z", "fetched_at": "2025-07-14T14:39:32.517191+00:00", "symbol": "ADA-USD"}, {"trade_id": 143561787, "side": "buy", "size": "2.35849057", "price": "0.74190000", "time": "2025-07-14T14:39:11.366175Z", "fetched_at": "2025-07-14T14:39:32.517191+00:00", "symbol": "ADA-USD"}, {"trade_id": 143561786, "side": "buy", "size": "12.74889451", "price": "0.74200000", "time": "2025-07-14T14:39:10.967574Z", "fetched_at": "2025-07-14T14:39:32.517191+00:00", "symbol": "ADA-USD"}, {"trade_id": 143561785, "side": "sell", "size": "790.28882041", "price": "0.74210000", "time": "2025-07-14T14:39:09.901521Z", "fetched_at": "2025-07-14T14:39:32.517191+00:00", "symbol": "ADA-USD"}, {"trade_id": 143561784, "side": "sell", "size": "405.10390316", "price": "0.74210000", "time": "2025-07-14T14:39:09.901521Z", "fetched_at": "2025-07-14T14:39:32.517191+00:00", "symbol": "ADA-USD"}, {"trade_id": 143561783, "side": "sell", "size": "261.88293833", "price": "0.74210000", "time": "2025-07-14T14:39:09.901521Z", "fetched_at": "2025-07-14T14:39:32.517191+00:00", "symbol": "ADA-USD"}, {"trade_id": 143561782, "side": "buy", "size": "263.20116888", "price": "0.74170000", "time": "2025-07-14T14:39:09.229977Z", "fetched_at": "2025-07-14T14:39:32.517191+00:00", "symbol": "ADA-USD"}, {"trade_id": 143561781, "side": "buy", "size": "612.49876510", "price": "0.74170000", "time": "2025-07-14T14:39:09.229977Z", "fetched_at": "2025-07-14T14:39:32.517191+00:00", "symbol": "ADA-USD"}, {"trade_id": 143561780, "side": "buy", "size": "686.03906602", "price": "0.74180000", "time": "2025-07-14T14:39:09.229977Z", "fetched_at": "2025-07-14T14:39:32.517191+00:00", "symbol": "ADA-USD"}, {"trade_id": 143561779, "side": "buy", "size": "170.62135867", "price": "0.74180000", "time": "2025-07-14T14:39:09.160806Z", "fetched_at": "2025-07-14T14:39:32.517191+00:00", "symbol": "ADA-USD"}, {"trade_id": 143561778, "side": "buy", "size": "0.00000633", "price": "0.74180000", "time": "2025-07-14T14:39:09.160806Z", "fetched_at": "2025-07-14T14:39:32.517191+00:00", "symbol": "ADA-USD"}, {"trade_id": 143561777, "side": "buy", "size": "118.63911000", "price": "0.74190000", "time": "2025-07-14T14:39:09.160806Z", "fetched_at": "2025-07-14T14:39:32.517191+00:00", "symbol": "ADA-USD"}, {"trade_id": 143561776, "side": "sell", "size": "673.94527564", "price": "0.74190000", "time": "2025-07-14T14:39:08.948136Z", "fetched_at": "2025-07-14T14:39:32.517191+00:00", "symbol": "ADA-USD"}, {"trade_id": 143561775, "side": "sell", "size": "261.88293833", "price": "0.74190000", "time": "2025-07-14T14:39:08.948136Z", "fetched_at": "2025-07-14T14:39:32.517191+00:00", "symbol": "ADA-USD"}, {"trade_id": 143561774, "side": "buy", "size": "101.48414908", "price": "0.74200000", "time": "2025-07-14T14:39:08.264118Z", "fetched_at": "2025-07-14T14:39:32.517191+00:00", "symbol": "ADA-USD"}, {"trade_id": 143561773, "side": "sell", "size": "712.21585092", "price": "0.74200000", "time": "2025-07-14T14:39:08.259875Z", "fetched_at": "2025-07-14T14:39:32.517191+00:00", "symbol": "ADA-USD"}, {"trade_id": 143561772, "side": "sell", "size": "0.00000142", "price": "0.74190000", "time": "2025-07-14T14:39:06.779937Z", "fetched_at": "2025-07-14T14:39:32.517191+00:00", "symbol": "ADA-USD"}, {"trade_id": 143561771, "side": "sell", "size": "48.18492000", "price": "0.74190000", "time": "2025-07-14T14:39:06.776585Z", "fetched_at": "2025-07-14T14:39:32.517191+00:00", "symbol": "ADA-USD"}, {"trade_id": 143561770, "side": "sell", "size": "4.63732906", "price": "0.74190000", "time": "2025-07-14T14:39:06.258186Z", "fetched_at": "2025-07-14T14:39:32.517191+00:00", "symbol": "ADA-USD"}, {"trade_id": 143561769, "side": "sell", "size": "669.39877094", "price": "0.74180000", "time": "2025-07-14T14:39:06.258186Z", "fetched_at": "2025-07-14T14:39:32.517191+00:00", "symbol": "ADA-USD"}, {"trade_id": 143561768, "side": "sell", "size": "0.10000000", "price": "0.74180000", "time": "2025-07-14T14:39:06.060270Z", "fetched_at": "2025-07-14T14:39:32.517191+00:00", "symbol": "ADA-USD"}, {"trade_id": 143561767, "side": "buy", "size": "452.19694000", "price": "0.74200000", "time": "2025-07-14T14:39:05.100949Z", "fetched_at": "2025-07-14T14:39:32.517191+00:00", "symbol": "ADA-USD"}, {"trade_id": 143561766, "side": "sell", "size": "310.50000000", "price": "0.74200000", "time": "2025-07-14T14:39:05.097207Z", "fetched_at": "2025-07-14T14:39:32.517191+00:00", "symbol": "ADA-USD"}, {"trade_id": 143561765, "side": "sell", "size": "51.00306000", "price": "0.74190000", "time": "2025-07-14T14:39:05.097207Z", "fetched_at": "2025-07-14T14:39:32.517191+00:00", "symbol": "ADA-USD"}, {"trade_id": 143561764, "side": "buy", "size": "68.39945000", "price": "0.74170000", "time": "2025-07-14T14:39:05.094268Z", "fetched_at": "2025-07-14T14:39:32.517191+00:00", "symbol": "ADA-USD"}, {"trade_id": 143561763, "side": "buy", "size": "3980.55275877", "price": "0.74170000", "time": "2025-07-14T14:39:05.093786Z", "fetched_at": "2025-07-14T14:39:32.517191+00:00", "symbol": "ADA-USD"}, {"trade_id": 143561762, "side": "buy", "size": "0.00872993", "price": "0.74170000", "time": "2025-07-14T14:39:05.093786Z", "fetched_at": "2025-07-14T14:39:32.517191+00:00", "symbol": "ADA-USD"}, {"trade_id": 143561761, "side": "buy", "size": "0.00446470", "price": "0.74170000", "time": "2025-07-14T14:39:05.093786Z", "fetched_at": "2025-07-14T14:39:32.517191+00:00", "symbol": "ADA-USD"}, {"trade_id": 143561760, "side": "buy", "size": "0.13468014", "price": "0.74170000", "time": "2025-07-14T14:39:05.093786Z", "fetched_at": "2025-07-14T14:39:32.517191+00:00", "symbol": "ADA-USD"}, {"trade_id": 143561759, "side": "buy", "size": "34.44959052", "price": "0.74170000", "time": "2025-07-14T14:39:05.093786Z", "fetched_at": "2025-07-14T14:39:32.517191+00:00", "symbol": "ADA-USD"}, {"trade_id": 143561758, "side": "buy", "size": "0.37970237", "price": "0.74170000", "time": "2025-07-14T14:39:05.093786Z", "fetched_at": "2025-07-14T14:39:32.517191+00:00", "symbol": "ADA-USD"}, {"trade_id": 143561757, "side": "buy", "size": "1.50000000", "price": "0.74180000", "time": "2025-07-14T14:39:05.092782Z", "fetched_at": "2025-07-14T14:39:32.517191+00:00", "symbol": "ADA-USD"}, {"trade_id": 143561756, "side": "buy", "size": "0.03489816", "price": "0.74180000", "time": "2025-07-14T14:39:05.092782Z", "fetched_at": "2025-07-14T14:39:32.517191+00:00", "symbol": "ADA-USD"}, {"trade_id": 143561755, "side": "buy", "size": "0.00332100", "price": "0.74180000", "time": "2025-07-14T14:39:05.092782Z", "fetched_at": "2025-07-14T14:39:32.517191+00:00", "symbol": "ADA-USD"}, {"trade_id": 143561754, "side": "buy", "size": "72.25725078", "price": "0.74180000", "time": "2025-07-14T14:39:05.092782Z", "fetched_at": "2025-07-14T14:39:32.517191+00:00", "symbol": "ADA-USD"}, {"trade_id": 143561753, "side": "buy", "size": "134.80000000", "price": "0.74180000", "time": "2025-07-14T14:39:05.092782Z", "fetched_at": "2025-07-14T14:39:32.517191+00:00", "symbol": "ADA-USD"}, {"trade_id": 143561752, "side": "buy", "size": "5.46441090", "price": "0.74180000", "time": "2025-07-14T14:39:05.092782Z", "fetched_at": "2025-07-14T14:39:32.517191+00:00", "symbol": "ADA-USD"}, {"trade_id": 143561751, "side": "buy", "size": "49.44967360", "price": "0.74180000", "time": "2025-07-14T14:39:05.092782Z", "fetched_at": "2025-07-14T14:39:32.517191+00:00", "symbol": "ADA-USD"}, {"trade_id": 143561750, "side": "buy", "size": "138.13494203", "price": "0.74180000", "time": "2025-07-14T14:39:05.092782Z", "fetched_at": "2025-07-14T14:39:32.517191+00:00", "symbol": "ADA-USD"}, {"trade_id": 143561749, "side": "buy", "size": "16.99852601", "price": "0.74190000", "time": "2025-07-14T14:39:05.092782Z", "fetched_at": "2025-07-14T14:39:32.517191+00:00", "symbol": "ADA-USD"}, {"trade_id": 143561748, "side": "sell", "size": "0.12469045", "price": "0.74200000", "time": "2025-07-14T14:39:04.628717Z", "fetched_at": "2025-07-14T14:39:32.517191+00:00", "symbol": "ADA-USD"}, {"trade_id": 143561747, "side": "buy", "size": "0.11916852", "price": "0.74210000", "time": "2025-07-14T14:39:04.289636Z", "fetched_at": "2025-07-14T14:39:32.517191+00:00", "symbol": "ADA-USD"}, {"trade_id": 143561746, "side": "buy", "size": "5.66617534", "price": "0.74220000", "time": "2025-07-14T14:39:04.140993Z", "fetched_at": "2025-07-14T14:39:32.517191+00:00", "symbol": "ADA-USD"}, {"trade_id": 143561745, "side": "buy", "size": "500.00000000", "price": "0.74220000", "time": "2025-07-14T14:39:04.140993Z", "fetched_at": "2025-07-14T14:39:32.517191+00:00", "symbol": "ADA-USD"}, {"trade_id": 143561744, "side": "buy", "size": "16.99852601", "price": "0.74220000", "time": "2025-07-14T14:39:04.140993Z", "fetched_at": "2025-07-14T14:39:32.517191+00:00", "symbol": "ADA-USD"}, {"trade_id": 143561743, "side": "sell", "size": "261.88293833", "price": "0.74220000", "time": "2025-07-14T14:39:03.884495Z", "fetched_at": "2025-07-14T14:39:32.517191+00:00", "symbol": "ADA-USD"}, {"trade_id": 143561742, "side": "sell", "size": "6332.69160000", "price": "0.74220000", "time": "2025-07-14T14:39:03.884495Z", "fetched_at": "2025-07-14T14:39:32.517191+00:00", "symbol": "ADA-USD"}, {"trade_id": 143561741, "side": "sell", "size": "931.50000000", "price": "0.74220000", "time": "2025-07-14T14:39:03.883177Z", "fetched_at": "2025-07-14T14:39:32.517191+00:00", "symbol": "ADA-USD"}, {"trade_id": 143561740, "side": "sell", "size": "931.50000000", "price": "0.74220000", "time": "2025-07-14T14:39:03.880591Z", "fetched_at": "2025-07-14T14:39:32.517191+00:00", "symbol": "ADA-USD"}, {"trade_id": 143561739, "side": "sell", "size": "931.49960000", "price": "0.74220000", "time": "2025-07-14T14:39:03.879462Z", "fetched_at": "2025-07-14T14:39:32.517191+00:00", "symbol": "ADA-USD"}, {"trade_id": 143561738, "side": "sell", "size": "673.85440000", "price": "0.74220000", "time": "2025-07-14T14:39:03.391469Z", "fetched_at": "2025-07-14T14:39:32.517191+00:00", "symbol": "ADA-USD"}, {"trade_id": 143561737, "side": "sell", "size": "673.85440000", "price": "0.74220000", "time": "2025-07-14T14:39:03.363910Z", "fetched_at": "2025-07-14T14:39:32.517191+00:00", "symbol": "ADA-USD"}, {"trade_id": 143561736, "side": "sell", "size": "51.00306000", "price": "0.74210000", "time": "2025-07-14T14:39:03.282113Z", "fetched_at": "2025-07-14T14:39:32.517191+00:00", "symbol": "ADA-USD"}, {"trade_id": 143561735, "side": "sell", "size": "51.00306000", "price": "0.74210000", "time": "2025-07-14T14:39:03.273299Z", "fetched_at": "2025-07-14T14:39:32.517191+00:00", "symbol": "ADA-USD"}, {"trade_id": 143561734, "side": "sell", "size": "129.94000000", "price": "0.74210000", "time": "2025-07-14T14:39:03.218629Z", "fetched_at": "2025-07-14T14:39:32.517191+00:00", "symbol": "ADA-USD"}, {"trade_id": 143561733, "side": "sell", "size": "261.88293833", "price": "0.74210000", "time": "2025-07-14T14:39:03.218629Z", "fetched_at": "2025-07-14T14:39:32.517191+00:00", "symbol": "ADA-USD"}, {"trade_id": 143561732, "side": "buy", "size": "0.00149450", "price": "0.74190000", "time": "2025-07-14T14:39:03.014820Z", "fetched_at": "2025-07-14T14:39:32.517191+00:00", "symbol": "ADA-USD"}, {"trade_id": 143561731, "side": "buy", "size": "22.00000000", "price": "0.74190000", "time": "2025-07-14T14:39:03.014820Z", "fetched_at": "2025-07-14T14:39:32.517191+00:00", "symbol": "ADA-USD"}, {"trade_id": 143561730, "side": "buy", "size": "55.18262762", "price": "0.74190000", "time": "2025-07-14T14:39:03.014820Z", "fetched_at": "2025-07-14T14:39:32.517191+00:00", "symbol": "ADA-USD"}, {"trade_id": 143561729, "side": "buy", "size": "1.50000000", "price": "0.74200000", "time": "2025-07-14T14:39:03.014581Z", "fetched_at": "2025-07-14T14:39:32.517191+00:00", "symbol": "ADA-USD"}, {"trade_id": 143561728, "side": "buy", "size": "671.15902964", "price": "0.74200000", "time": "2025-07-14T14:39:03.014581Z", "fetched_at": "2025-07-14T14:39:32.517191+00:00", "symbol": "ADA-USD"}, {"trade_id": 143561727, "side": "buy", "size": "500.00000000", "price": "0.74200000", "time": "2025-07-14T14:39:03.014581Z", "fetched_at": "2025-07-14T14:39:32.517191+00:00", "symbol": "ADA-USD"}, {"trade_id": 143561726, "side": "buy", "size": "0.01229682", "price": "0.74200000", "time": "2025-07-14T14:39:03.014581Z", "fetched_at": "2025-07-14T14:39:32.517191+00:00", "symbol": "ADA-USD"}, {"trade_id": 143561725, "side": "buy", "size": "165.74827253", "price": "0.74200000", "time": "2025-07-14T14:39:03.014581Z", "fetched_at": "2025-07-14T14:39:32.517191+00:00", "symbol": "ADA-USD"}, {"trade_id": 143561724, "side": "buy", "size": "12.05172747", "price": "0.74200000", "time": "2025-07-14T14:39:03.011317Z", "fetched_at": "2025-07-14T14:39:32.517191+00:00", "symbol": "ADA-USD"}, {"trade_id": 143561723, "side": "buy", "size": "46.34772253", "price": "0.74200000", "time": "2025-07-14T14:39:03.011317Z", "fetched_at": "2025-07-14T14:39:32.517191+00:00", "symbol": "ADA-USD"}, {"trade_id": 143561722, "side": "buy", "size": "10.00000000", "price": "0.74200000", "time": "2025-07-14T14:39:03.011317Z", "fetched_at": "2025-07-14T14:39:32.517191+00:00", "symbol": "ADA-USD"}, {"trade_id": 143561721, "side": "buy", "size": "1.50000000", "price": "0.74210000", "time": "2025-07-14T14:39:02.974910Z", "fetched_at": "2025-07-14T14:39:32.517191+00:00", "symbol": "ADA-USD"}, {"trade_id": 143561720, "side": "buy", "size": "59.42595338", "price": "0.74210000", "time": "2025-07-14T14:39:02.974910Z", "fetched_at": "2025-07-14T14:39:32.517191+00:00", "symbol": "ADA-USD"}, {"trade_id": 143561719, "side": "buy", "size": "0.00265475", "price": "0.74210000", "time": "2025-07-14T14:39:02.974910Z", "fetched_at": "2025-07-14T14:39:32.517191+00:00", "symbol": "ADA-USD"}, {"trade_id": 143561718, "side": "buy", "size": "1.50000000", "price": "0.74220000", "time": "2025-07-14T14:39:02.966103Z", "fetched_at": "2025-07-14T14:39:32.517191+00:00", "symbol": "ADA-USD"}, {"trade_id": 143561717, "side": "buy", "size": "0.00590290", "price": "0.74220000", "time": "2025-07-14T14:39:02.966103Z", "fetched_at": "2025-07-14T14:39:32.517191+00:00", "symbol": "ADA-USD"}, {"trade_id": 143561716, "side": "buy", "size": "0.00715817", "price": "0.74220000", "time": "2025-07-14T14:39:02.966103Z", "fetched_at": "2025-07-14T14:39:32.517191+00:00", "symbol": "ADA-USD"}, {"trade_id": 143561715, "side": "buy", "size": "26.00978603", "price": "0.74220000", "time": "2025-07-14T14:39:02.966103Z", "fetched_at": "2025-07-14T14:39:32.517191+00:00", "symbol": "ADA-USD"}, {"trade_id": 143561714, "side": "buy", "size": "18.54793669", "price": "0.74220000", "time": "2025-07-14T14:39:02.966103Z", "fetched_at": "2025-07-14T14:39:32.517191+00:00", "symbol": "ADA-USD"}, {"trade_id": 143561713, "side": "buy", "size": "53.71410347", "price": "0.74220000", "time": "2025-07-14T14:39:02.966103Z", "fetched_at": "2025-07-14T14:39:32.517191+00:00", "symbol": "ADA-USD"}, {"trade_id": 143561712, "side": "buy", "size": "60.73938307", "price": "0.74220000", "time": "2025-07-14T14:39:02.963380Z", "fetched_at": "2025-07-14T14:39:32.517191+00:00", "symbol": "ADA-USD"}, {"trade_id": 143561711, "side": "buy", "size": "7.66006693", "price": "0.74220000", "time": "2025-07-14T14:39:02.963380Z", "fetched_at": "2025-07-14T14:39:32.517191+00:00", "symbol": "ADA-USD"}, {"trade_id": 143561710, "side": "buy", "size": "310.50000000", "price": "0.74230000", "time": "2025-07-14T14:39:02.779677Z", "fetched_at": "2025-07-14T14:39:32.517191+00:00", "symbol": "ADA-USD"}, {"trade_id": 143561709, "side": "buy", "size": "1.50000000", "price": "0.74230000", "time": "2025-07-14T14:39:02.779677Z", "fetched_at": "2025-07-14T14:39:32.517191+00:00", "symbol": "ADA-USD"}, {"trade_id": 143561708, "side": "buy", "size": "0.01039769", "price": "0.74230000", "time": "2025-07-14T14:39:02.779677Z", "fetched_at": "2025-07-14T14:39:32.517191+00:00", "symbol": "ADA-USD"}, {"trade_id": 143561707, "side": "buy", "size": "8.51355676", "price": "0.74230000", "time": "2025-07-14T14:39:02.779677Z", "fetched_at": "2025-07-14T14:39:32.517191+00:00", "symbol": "ADA-USD"}, {"trade_id": 143561706, "side": "buy", "size": "6.79140496", "price": "0.74230000", "time": "2025-07-14T14:39:02.779677Z", "fetched_at": "2025-07-14T14:39:32.517191+00:00", "symbol": "ADA-USD"}, {"trade_id": 143561705, "side": "buy", "size": "254.91996264", "price": "0.74230000", "time": "2025-07-14T14:39:02.779677Z", "fetched_at": "2025-07-14T14:39:32.517191+00:00", "symbol": "ADA-USD"}, {"trade_id": 143561704, "side": "sell", "size": "102.09770310", "price": "0.74240000", "time": "2025-07-14T14:39:02.581038Z", "fetched_at": "2025-07-14T14:39:32.517191+00:00", "symbol": "ADA-USD"}, {"trade_id": 143561703, "side": "sell", "size": "712.90229690", "price": "0.74240000", "time": "2025-07-14T14:39:02.581038Z", "fetched_at": "2025-07-14T14:39:32.517191+00:00", "symbol": "ADA-USD"}, {"trade_id": 143561702, "side": "buy", "size": "68.39945000", "price": "0.74230000", "time": "2025-07-14T14:39:02.234429Z", "fetched_at": "2025-07-14T14:39:32.517191+00:00", "symbol": "ADA-USD"}, {"trade_id": 143561701, "side": "buy", "size": "1.50000000", "price": "0.74240000", "time": "2025-07-14T14:39:02.211284Z", "fetched_at": "2025-07-14T14:39:32.517191+00:00", "symbol": "ADA-USD"}, {"trade_id": 143561700, "side": "buy", "size": "0.13933819", "price": "0.74250000", "time": "2025-07-14T14:39:02.174054Z", "fetched_at": "2025-07-14T14:39:32.517191+00:00", "symbol": "ADA-USD"}, {"trade_id": 143561699, "side": "buy", "size": "77.47475487", "price": "0.74250000", "time": "2025-07-14T14:39:02.174054Z", "fetched_at": "2025-07-14T14:39:32.517191+00:00", "symbol": "ADA-USD"}, {"trade_id": 143561698, "side": "buy", "size": "51.00306000", "price": "0.74250000", "time": "2025-07-14T14:39:02.172402Z", "fetched_at": "2025-07-14T14:39:32.517191+00:00", "symbol": "ADA-USD"}, {"trade_id": 143561697, "side": "buy", "size": "1281.05405084", "price": "0.74250000", "time": "2025-07-14T14:39:02.167949Z", "fetched_at": "2025-07-14T14:39:32.517191+00:00", "symbol": "ADA-USD"}, {"trade_id": 143561696, "side": "buy", "size": "1.50000000", "price": "0.74250000", "time": "2025-07-14T14:39:02.167949Z", "fetched_at": "2025-07-14T14:39:32.517191+00:00", "symbol": "ADA-USD"}, {"trade_id": 143561695, "side": "buy", "size": "0.00493068", "price": "0.74250000", "time": "2025-07-14T14:39:02.167949Z", "fetched_at": "2025-07-14T14:39:32.517191+00:00", "symbol": "ADA-USD"}, {"trade_id": 143561694, "side": "buy", "size": "0.01170926", "price": "0.74250000", "time": "2025-07-14T14:39:02.167949Z", "fetched_at": "2025-07-14T14:39:32.517191+00:00", "symbol": "ADA-USD"}, {"trade_id": 143561693, "side": "buy", "size": "559.49744600", "price": "0.74250000", "time": "2025-07-14T14:39:02.167949Z", "fetched_at": "2025-07-14T14:39:32.517191+00:00", "symbol": "ADA-USD"}, {"trade_id": 143561692, "side": "buy", "size": "756.99014024", "price": "0.74250000", "time": "2025-07-14T14:39:02.167949Z", "fetched_at": "2025-07-14T14:39:32.517191+00:00", "symbol": "ADA-USD"}, {"trade_id": 143561691, "side": "buy", "size": "51.00306000", "price": "0.74250000", "time": "2025-07-14T14:39:02.093047Z", "fetched_at": "2025-07-14T14:39:32.517191+00:00", "symbol": "ADA-USD"}, {"trade_id": 143561690, "side": "buy", "size": "31.25296876", "price": "0.74250000", "time": "2025-07-14T14:39:02.089662Z", "fetched_at": "2025-07-14T14:39:32.517191+00:00", "symbol": "ADA-USD"}, {"trade_id": 143561689, "side": "buy", "size": "559.49744600", "price": "0.74250000", "time": "2025-07-14T14:39:02.089662Z", "fetched_at": "2025-07-14T14:39:32.517191+00:00", "symbol": "ADA-USD"}, {"trade_id": 143561688, "side": "buy", "size": "340.74958524", "price": "0.74250000", "time": "2025-07-14T14:39:02.089662Z", "fetched_at": "2025-07-14T14:39:32.517191+00:00", "symbol": "ADA-USD"}, {"trade_id": 143561687, "side": "buy", "size": "498.49658376", "price": "0.74250000", "time": "2025-07-14T14:39:02.089410Z", "fetched_at": "2025-07-14T14:39:32.517191+00:00", "symbol": "ADA-USD"}, {"trade_id": 143561686, "side": "buy", "size": "0.00906461", "price": "0.74250000", "time": "2025-07-14T14:39:02.089410Z", "fetched_at": "2025-07-14T14:39:32.517191+00:00", "symbol": "ADA-USD"}, {"trade_id": 143561685, "side": "buy", "size": "529.96315163", "price": "0.74250000", "time": "2025-07-14T14:39:02.089410Z", "fetched_at": "2025-07-14T14:39:32.517191+00:00", "symbol": "ADA-USD"}, {"trade_id": 143561684, "side": "buy", "size": "2.44760837", "price": "0.74250000", "time": "2025-07-14T14:39:02.036315Z", "fetched_at": "2025-07-14T14:39:32.517191+00:00", "symbol": "ADA-USD"}, {"trade_id": 143561683, "side": "buy", "size": "333.19130259", "price": "0.74250000", "time": "2025-07-14T14:39:02.036315Z", "fetched_at": "2025-07-14T14:39:32.517191+00:00", "symbol": "ADA-USD"}, {"trade_id": 143561682, "side": "buy", "size": "0.13453519", "price": "0.74250000", "time": "2025-07-14T14:39:02.036315Z", "fetched_at": "2025-07-14T14:39:32.517191+00:00", "symbol": "ADA-USD"}, {"trade_id": 143561681, "side": "buy", "size": "14.50584748", "price": "0.74250000", "time": "2025-07-14T14:39:02.036315Z", "fetched_at": "2025-07-14T14:39:32.517191+00:00", "symbol": "ADA-USD"}, {"trade_id": 143561680, "side": "buy", "size": "53.70119668", "price": "0.74250000", "time": "2025-07-14T14:39:02.036315Z", "fetched_at": "2025-07-14T14:39:32.517191+00:00", "symbol": "ADA-USD"}, {"trade_id": 143561679, "side": "buy", "size": "96.01950969", "price": "0.74250000", "time": "2025-07-14T14:39:02.036315Z", "fetched_at": "2025-07-14T14:39:32.517191+00:00", "symbol": "ADA-USD"}, {"trade_id": 143561678, "side": "buy", "size": "27.90592700", "price": "0.74250000", "time": "2025-07-14T14:39:02.035969Z", "fetched_at": "2025-07-14T14:39:32.517191+00:00", "symbol": "ADA-USD"}, {"trade_id": 143561677, "side": "buy", "size": "48.69423788", "price": "0.74250000", "time": "2025-07-14T14:39:02.035969Z", "fetched_at": "2025-07-14T14:39:32.517191+00:00", "symbol": "ADA-USD"}, {"trade_id": 143561676, "side": "buy", "size": "68.39945000", "price": "0.74250000", "time": "2025-07-14T14:39:02.035969Z", "fetched_at": "2025-07-14T14:39:32.517191+00:00", "symbol": "ADA-USD"}, {"trade_id": 143561675, "side": "buy", "size": "1.50000000", "price": "0.74260000", "time": "2025-07-14T14:39:01.610059Z", "fetched_at": "2025-07-14T14:39:32.517191+00:00", "symbol": "ADA-USD"}, {"trade_id": 143561674, "side": "buy", "size": "0.01107577", "price": "0.74260000", "time": "2025-07-14T14:39:01.610059Z", "fetched_at": "2025-07-14T14:39:32.517191+00:00", "symbol": "ADA-USD"}, {"trade_id": 143561673, "side": "buy", "size": "23.28992309", "price": "0.74260000", "time": "2025-07-14T14:39:01.610059Z", "fetched_at": "2025-07-14T14:39:32.517191+00:00", "symbol": "ADA-USD"}, {"trade_id": 143561672, "side": "buy", "size": "11.93652674", "price": "0.74260000", "time": "2025-07-14T14:39:01.610059Z", "fetched_at": "2025-07-14T14:39:32.517191+00:00", "symbol": "ADA-USD"}, {"trade_id": 143561671, "side": "buy", "size": "85.53148721", "price": "0.74270000", "time": "2025-07-14T14:39:01.498689Z", "fetched_at": "2025-07-14T14:39:32.517191+00:00", "symbol": "ADA-USD"}, {"trade_id": 143561670, "side": "buy", "size": "1.50000000", "price": "0.74270000", "time": "2025-07-14T14:39:01.498689Z", "fetched_at": "2025-07-14T14:39:32.517191+00:00", "symbol": "ADA-USD"}, {"trade_id": 143561669, "side": "buy", "size": "500.00000000", "price": "0.74270000", "time": "2025-07-14T14:39:01.498689Z", "fetched_at": "2025-07-14T14:39:32.517191+00:00", "symbol": "ADA-USD"}, {"trade_id": 143561668, "side": "buy", "size": "0.00877507", "price": "0.74270000", "time": "2025-07-14T14:39:01.498689Z", "fetched_at": "2025-07-14T14:39:32.517191+00:00", "symbol": "ADA-USD"}, {"trade_id": 143561667, "side": "buy", "size": "0.01829397", "price": "0.74270000", "time": "2025-07-14T14:39:01.498689Z", "fetched_at": "2025-07-14T14:39:32.517191+00:00", "symbol": "ADA-USD"}, {"trade_id": 143561666, "side": "buy", "size": "26.92877340", "price": "0.74270000", "time": "2025-07-14T14:39:01.498689Z", "fetched_at": "2025-07-14T14:39:32.517191+00:00", "symbol": "ADA-USD"}, {"trade_id": 143561665, "side": "buy", "size": "921.58021196", "price": "0.74270000", "time": "2025-07-14T14:39:01.498689Z", "fetched_at": "2025-07-14T14:39:32.517191+00:00", "symbol": "ADA-USD"}, {"trade_id": 143561664, "side": "buy", "size": "395.17338616", "price": "0.74270000", "time": "2025-07-14T14:39:01.498689Z", "fetched_at": "2025-07-14T14:39:32.517191+00:00", "symbol": "ADA-USD"}, {"trade_id": 143561663, "side": "buy", "size": "0.63533031", "price": "0.74270000", "time": "2025-07-14T14:39:01.498689Z", "fetched_at": "2025-07-14T14:39:32.517191+00:00", "symbol": "ADA-USD"}, {"trade_id": 143561662, "side": "buy", "size": "0.00014323", "price": "0.74280000", "time": "2025-07-14T14:39:01.463177Z", "fetched_at": "2025-07-14T14:39:32.517191+00:00", "symbol": "ADA-USD"}, {"trade_id": 143561661, "side": "buy", "size": "1.49985677", "price": "0.74280000", "time": "2025-07-14T14:39:01.462835Z", "fetched_at": "2025-07-14T14:39:32.517191+00:00", "symbol": "ADA-USD"}, {"trade_id": 143561660, "side": "buy", "size": "0.00560935", "price": "0.74280000", "time": "2025-07-14T14:39:01.462835Z", "fetched_at": "2025-07-14T14:39:32.517191+00:00", "symbol": "ADA-USD"}, {"trade_id": 143561659, "side": "buy", "size": "3.35435474", "price": "0.74280000", "time": "2025-07-14T14:39:01.462835Z", "fetched_at": "2025-07-14T14:39:32.517191+00:00", "symbol": "ADA-USD"}, {"trade_id": 143561658, "side": "buy", "size": "0.27297914", "price": "0.74280000", "time": "2025-07-14T14:39:01.462835Z", "fetched_at": "2025-07-14T14:39:32.517191+00:00", "symbol": "ADA-USD"}, {"trade_id": 143561657, "side": "buy", "size": "1.50000000", "price": "0.74290000", "time": "2025-07-14T14:39:00.748892Z", "fetched_at": "2025-07-14T14:39:32.517191+00:00", "symbol": "ADA-USD"}, {"trade_id": 143561656, "side": "buy", "size": "162.01676871", "price": "0.74290000", "time": "2025-07-14T14:39:00.748892Z", "fetched_at": "2025-07-14T14:39:32.517191+00:00", "symbol": "ADA-USD"}, {"trade_id": 143561655, "side": "buy", "size": "300.00000000", "price": "0.74290000", "time": "2025-07-14T14:39:00.748892Z", "fetched_at": "2025-07-14T14:39:32.517191+00:00", "symbol": "ADA-USD"}, {"trade_id": 143561654, "side": "buy", "size": "0.01101521", "price": "0.74290000", "time": "2025-07-14T14:39:00.748892Z", "fetched_at": "2025-07-14T14:39:32.517191+00:00", "symbol": "ADA-USD"}, {"trade_id": 143561653, "side": "buy", "size": "0.00337812", "price": "0.74290000", "time": "2025-07-14T14:39:00.748892Z", "fetched_at": "2025-07-14T14:39:32.517191+00:00", "symbol": "ADA-USD"}, {"trade_id": 143561652, "side": "buy", "size": "16.77564928", "price": "0.74290000", "time": "2025-07-14T14:39:00.748892Z", "fetched_at": "2025-07-14T14:39:32.517191+00:00", "symbol": "ADA-USD"}, {"trade_id": 143561651, "side": "buy", "size": "76.76832665", "price": "0.74290000", "time": "2025-07-14T14:39:00.748892Z", "fetched_at": "2025-07-14T14:39:32.517191+00:00", "symbol": "ADA-USD"}, {"trade_id": 143561650, "side": "buy", "size": "1.50000000", "price": "0.74300000", "time": "2025-07-14T14:39:00.748892Z", "fetched_at": "2025-07-14T14:39:32.517191+00:00", "symbol": "ADA-USD"}, {"trade_id": 143561649, "side": "buy", "size": "0.12528308", "price": "0.74300000", "time": "2025-07-14T14:39:00.748892Z", "fetched_at": "2025-07-14T14:39:32.517191+00:00", "symbol": "ADA-USD"}, {"trade_id": 143561648, "side": "buy", "size": "0.11974249", "price": "0.74300000", "time": "2025-07-14T14:39:00.748892Z", "fetched_at": "2025-07-14T14:39:32.517191+00:00", "symbol": "ADA-USD"}, {"trade_id": 143561647, "side": "sell", "size": "88.11873887", "price": "0.74320000", "time": "2025-07-14T14:39:00.332483Z", "fetched_at": "2025-07-14T14:39:32.517191+00:00", "symbol": "ADA-USD"}, {"trade_id": 143561646, "side": "sell", "size": "726.48126113", "price": "0.74320000", "time": "2025-07-14T14:39:00.332483Z", "fetched_at": "2025-07-14T14:39:32.517191+00:00", "symbol": "ADA-USD"}, {"trade_id": 143561645, "side": "sell", "size": "717.12790060", "price": "0.74320000", "time": "2025-07-14T14:39:00.080067Z", "fetched_at": "2025-07-14T14:39:32.517191+00:00", "symbol": "ADA-USD"}, {"trade_id": 143561644, "side": "sell", "size": "2262.88409119", "price": "0.74320000", "time": "2025-07-14T14:39:00.078930Z", "fetched_at": "2025-07-14T14:39:32.517191+00:00", "symbol": "ADA-USD"}, {"trade_id": 143561643, "side": "sell", "size": "38.30254331", "price": "0.74320000", "time": "2025-07-14T14:39:00.078930Z", "fetched_at": "2025-07-14T14:39:32.517191+00:00", "symbol": "ADA-USD"}, {"trade_id": 143561642, "side": "buy", "size": "2.35404896", "price": "0.74310000", "time": "2025-07-14T14:38:57.859732Z", "fetched_at": "2025-07-14T14:39:32.517191+00:00", "symbol": "ADA-USD"}, {"trade_id": 143561641, "side": "sell", "size": "672.94750000", "price": "0.74300000", "time": "2025-07-14T14:38:56.050221Z", "fetched_at": "2025-07-14T14:39:32.517191+00:00", "symbol": "ADA-USD"}, {"trade_id": 143561640, "side": "buy", "size": "1.50000000", "price": "0.74300000", "time": "2025-07-14T14:38:55.617600Z", "fetched_at": "2025-07-14T14:39:32.517191+00:00", "symbol": "ADA-USD"}, {"trade_id": 143561639, "side": "buy", "size": "380.56129448", "price": "0.74300000", "time": "2025-07-14T14:38:55.617600Z", "fetched_at": "2025-07-14T14:39:32.517191+00:00", "symbol": "ADA-USD"}, {"trade_id": 143561638, "side": "buy", "size": "51.00306000", "price": "0.74300000", "time": "2025-07-14T14:38:55.615666Z", "fetched_at": "2025-07-14T14:39:32.517191+00:00", "symbol": "ADA-USD"}, {"trade_id": 143561637, "side": "buy", "size": "51.00306000", "price": "0.74300000", "time": "2025-07-14T14:38:55.609920Z", "fetched_at": "2025-07-14T14:39:32.517191+00:00", "symbol": "ADA-USD"}, {"trade_id": 143561636, "side": "buy", "size": "51.00306000", "price": "0.74300000", "time": "2025-07-14T14:38:55.606605Z", "fetched_at": "2025-07-14T14:39:32.517191+00:00", "symbol": "ADA-USD"}, {"trade_id": 143561635, "side": "buy", "size": "297.48573000", "price": "0.74300000", "time": "2025-07-14T14:38:55.605801Z", "fetched_at": "2025-07-14T14:39:32.517191+00:00", "symbol": "ADA-USD"}, {"trade_id": 143561634, "side": "buy", "size": "1368.71581000", "price": "0.74300000", "time": "2025-07-14T14:38:55.605664Z", "fetched_at": "2025-07-14T14:39:32.517191+00:00", "symbol": "ADA-USD"}, {"trade_id": 143561633, "side": "buy", "size": "32792.72294189", "price": "0.74300000", "time": "2025-07-14T14:38:55.602174Z", "fetched_at": "2025-07-14T14:39:32.517191+00:00", "symbol": "ADA-USD"}, {"trade_id": 143561632, "side": "buy", "size": "51.00306000", "price": "0.74300000", "time": "2025-07-14T14:38:55.571188Z", "fetched_at": "2025-07-14T14:39:32.517191+00:00", "symbol": "ADA-USD"}, {"trade_id": 143561631, "side": "buy", "size": "129.44621000", "price": "0.74300000", "time": "2025-07-14T14:38:55.570850Z", "fetched_at": "2025-07-14T14:39:32.517191+00:00", "symbol": "ADA-USD"}, {"trade_id": 143561630, "side": "buy", "size": "740.87671747", "price": "0.74300000", "time": "2025-07-14T14:38:55.569943Z", "fetched_at": "2025-07-14T14:39:32.517191+00:00", "symbol": "ADA-USD"}, {"trade_id": 143561629, "side": "buy", "size": "51.00306000", "price": "0.74300000", "time": "2025-07-14T14:38:55.566899Z", "fetched_at": "2025-07-14T14:39:32.517191+00:00", "symbol": "ADA-USD"}, {"trade_id": 143561628, "side": "buy", "size": "379.50832000", "price": "0.74300000", "time": "2025-07-14T14:38:55.566342Z", "fetched_at": "2025-07-14T14:39:32.517191+00:00", "symbol": "ADA-USD"}, {"trade_id": 143561627, "side": "buy", "size": "51.00306000", "price": "0.74300000", "time": "2025-07-14T14:38:55.563218Z", "fetched_at": "2025-07-14T14:39:32.517191+00:00", "symbol": "ADA-USD"}, {"trade_id": 143561626, "side": "buy", "size": "9273.95467000", "price": "0.74300000", "time": "2025-07-14T14:38:55.558065Z", "fetched_at": "2025-07-14T14:39:32.517191+00:00", "symbol": "ADA-USD"}, {"trade_id": 143561625, "side": "buy", "size": "8663.73199000", "price": "0.74300000", "time": "2025-07-14T14:38:55.557935Z", "fetched_at": "2025-07-14T14:39:32.517191+00:00", "symbol": "ADA-USD"}, {"trade_id": 143561624, "side": "buy", "size": "4770.25886000", "price": "0.74300000", "time": "2025-07-14T14:38:55.557246Z", "fetched_at": "2025-07-14T14:39:32.517191+00:00", "symbol": "ADA-USD"}, {"trade_id": 143561623, "side": "buy", "size": "8144.36377987", "price": "0.74300000", "time": "2025-07-14T14:38:55.552228Z", "fetched_at": "2025-07-14T14:39:32.517191+00:00", "symbol": "ADA-USD"}, {"trade_id": 143561622, "side": "buy", "size": "0.00412353", "price": "0.74300000", "time": "2025-07-14T14:38:55.552228Z", "fetched_at": "2025-07-14T14:39:32.517191+00:00", "symbol": "ADA-USD"}, {"trade_id": 143561621, "side": "buy", "size": "67.28129205", "price": "0.74300000", "time": "2025-07-14T14:38:55.552228Z", "fetched_at": "2025-07-14T14:39:32.517191+00:00", "symbol": "ADA-USD"}, {"trade_id": 143561620, "side": "buy", "size": "26.91790040", "price": "0.74300000", "time": "2025-07-14T14:38:55.552228Z", "fetched_at": "2025-07-14T14:39:32.517191+00:00", "symbol": "ADA-USD"}, {"trade_id": 143561619, "side": "buy", "size": "159.01243900", "price": "0.74300000", "time": "2025-07-14T14:38:55.552228Z", "fetched_at": "2025-07-14T14:39:32.517191+00:00", "symbol": "ADA-USD"}, {"trade_id": 143561618, "side": "buy", "size": "814.60000000", "price": "0.74310000", "time": "2025-07-14T14:38:55.444165Z", "fetched_at": "2025-07-14T14:39:32.517191+00:00", "symbol": "ADA-USD"}, {"trade_id": 143561617, "side": "buy", "size": "1.50000000", "price": "0.74310000", "time": "2025-07-14T14:38:55.444165Z", "fetched_at": "2025-07-14T14:39:32.517191+00:00", "symbol": "ADA-USD"}, {"trade_id": 143561616, "side": "buy", "size": "0.16130089", "price": "0.74310000", "time": "2025-07-14T14:38:55.444165Z", "fetched_at": "2025-07-14T14:39:32.517191+00:00", "symbol": "ADA-USD"}, {"trade_id": 143561615, "side": "sell", "size": "672.67590000", "price": "0.74320000", "time": "2025-07-14T14:38:53.569890Z", "fetched_at": "2025-07-14T14:39:32.517191+00:00", "symbol": "ADA-USD"}, {"trade_id": 143561614, "side": "sell", "size": "63.77218900", "price": "0.74320000", "time": "2025-07-14T14:38:53.480562Z", "fetched_at": "2025-07-14T14:39:32.517191+00:00", "symbol": "ADA-USD"}, {"trade_id": 143561613, "side": "sell", "size": "0.12521567", "price": "0.74340000", "time": "2025-07-14T14:38:52.756099Z", "fetched_at": "2025-07-14T14:39:32.517191+00:00", "symbol": "ADA-USD"}, {"trade_id": 143561612, "side": "sell", "size": "769.98000000", "price": "0.74330000", "time": "2025-07-14T14:38:52.480960Z", "fetched_at": "2025-07-14T14:39:32.517191+00:00", "symbol": "ADA-USD"}, {"trade_id": 143561611, "side": "buy", "size": "814.60000000", "price": "0.74320000", "time": "2025-07-14T14:38:52.138686Z", "fetched_at": "2025-07-14T14:39:32.517191+00:00", "symbol": "ADA-USD"}, {"trade_id": 143561610, "side": "buy", "size": "3481.86143332", "price": "0.74320000", "time": "2025-07-14T14:38:52.138686Z", "fetched_at": "2025-07-14T14:39:32.517191+00:00", "symbol": "ADA-USD"}, {"trade_id": 143561609, "side": "buy", "size": "714.46022171", "price": "0.74320000", "time": "2025-07-14T14:38:52.138686Z", "fetched_at": "2025-07-14T14:39:32.517191+00:00", "symbol": "ADA-USD"}, {"trade_id": 143561608, "side": "buy", "size": "1.50000000", "price": "0.74320000", "time": "2025-07-14T14:38:52.138686Z", "fetched_at": "2025-07-14T14:39:32.517191+00:00", "symbol": "ADA-USD"}, {"trade_id": 143561607, "side": "buy", "size": "172.22820237", "price": "0.74320000", "time": "2025-07-14T14:38:52.138686Z", "fetched_at": "2025-07-14T14:39:32.517191+00:00", "symbol": "ADA-USD"}, {"trade_id": 143561606, "side": "buy", "size": "161.73399896", "price": "0.74330000", "time": "2025-07-14T14:38:52.138686Z", "fetched_at": "2025-07-14T14:39:32.517191+00:00", "symbol": "ADA-USD"}, {"trade_id": 143561605, "side": "buy", "size": "1.50000000", "price": "0.74330000", "time": "2025-07-14T14:38:52.138686Z", "fetched_at": "2025-07-14T14:39:32.517191+00:00", "symbol": "ADA-USD"}, {"trade_id": 143561604, "side": "sell", "size": "0.00001616", "price": "0.74340000", "time": "2025-07-14T14:38:51.630094Z", "fetched_at": "2025-07-14T14:39:32.517191+00:00", "symbol": "ADA-USD"}, {"trade_id": 143561603, "side": "buy", "size": "1.50000000", "price": "0.74340000", "time": "2025-07-14T14:38:49.955515Z", "fetched_at": "2025-07-14T14:39:32.517191+00:00", "symbol": "ADA-USD"}, {"trade_id": 143561602, "side": "buy", "size": "2.35404896", "price": "0.74340000", "time": "2025-07-14T14:38:49.955515Z", "fetched_at": "2025-07-14T14:39:32.517191+00:00", "symbol": "ADA-USD"}, {"trade_id": 143561601, "side": "buy", "size": "1.50000000", "price": "0.74350000", "time": "2025-07-14T14:38:49.940715Z", "fetched_at": "2025-07-14T14:39:32.517191+00:00", "symbol": "ADA-USD"}, {"trade_id": 143561600, "side": "buy", "size": "1.50000000", "price": "0.74360000", "time": "2025-07-14T14:38:49.053709Z", "fetched_at": "2025-07-14T14:39:32.517191+00:00", "symbol": "ADA-USD"}, {"trade_id": 143561599, "side": "buy", "size": "296.66556564", "price": "0.74360000", "time": "2025-07-14T14:38:49.053709Z", "fetched_at": "2025-07-14T14:39:32.517191+00:00", "symbol": "ADA-USD"}, {"trade_id": 143561598, "side": "buy", "size": "7.55490045", "price": "0.74360000", "time": "2025-07-14T14:38:49.053709Z", "fetched_at": "2025-07-14T14:39:32.517191+00:00", "symbol": "ADA-USD"}, {"trade_id": 143561597, "side": "buy", "size": "22.66470135", "price": "0.74360000", "time": "2025-07-14T14:38:49.053709Z", "fetched_at": "2025-07-14T14:39:32.517191+00:00", "symbol": "ADA-USD"}, {"trade_id": 143561596, "side": "sell", "size": "742.14000000", "price": "0.74370000", "time": "2025-07-14T14:38:46.177117Z", "fetched_at": "2025-07-14T14:39:32.517191+00:00", "symbol": "ADA-USD"}, {"trade_id": 143561595, "side": "buy", "size": "1.50000000", "price": "0.74370000", "time": "2025-07-14T14:38:45.337427Z", "fetched_at": "2025-07-14T14:39:32.517191+00:00", "symbol": "ADA-USD"}, {"trade_id": 143561594, "side": "sell", "size": "45.61867000", "price": "0.74380000", "time": "2025-07-14T14:38:42.909558Z", "fetched_at": "2025-07-14T14:39:32.517191+00:00", "symbol": "ADA-USD"}, {"trade_id": 143561593, "side": "sell", "size": "227.19132277", "price": "0.74380000", "time": "2025-07-14T14:38:42.909537Z", "fetched_at": "2025-07-14T14:39:32.517191+00:00", "symbol": "ADA-USD"}, {"trade_id": 143561592, "side": "sell", "size": "272.80867723", "price": "0.74380000", "time": "2025-07-14T14:38:42.909537Z", "fetched_at": "2025-07-14T14:39:32.517191+00:00", "symbol": "ADA-USD"}, {"trade_id": 143561591, "side": "sell", "size": "1524.47458443", "price": "0.74360000", "time": "2025-07-14T14:38:38.698892Z", "fetched_at": "2025-07-14T14:39:32.517191+00:00", "symbol": "ADA-USD"}, {"trade_id": 143561590, "side": "sell", "size": "2184.39805654", "price": "0.74360000", "time": "2025-07-14T14:38:38.697974Z", "fetched_at": "2025-07-14T14:39:32.517191+00:00", "symbol": "ADA-USD"}, {"trade_id": 143561589, "side": "sell", "size": "5006.40419447", "price": "0.74360000", "time": "2025-07-14T14:38:38.697670Z", "fetched_at": "2025-07-14T14:39:32.517191+00:00", "symbol": "ADA-USD"}, {"trade_id": 143561588, "side": "sell", "size": "1754.02316456", "price": "0.74360000", "time": "2025-07-14T14:38:38.650669Z", "fetched_at": "2025-07-14T14:39:32.517191+00:00", "symbol": "ADA-USD"}, {"trade_id": 143561587, "side": "buy", "size": "1.50000000", "price": "0.74340000", "time": "2025-07-14T14:38:37.521364Z", "fetched_at": "2025-07-14T14:39:32.517191+00:00", "symbol": "ADA-USD"}, {"trade_id": 143561586, "side": "buy", "size": "1.50000000", "price": "0.74360000", "time": "2025-07-14T14:38:37.078577Z", "fetched_at": "2025-07-14T14:39:32.517191+00:00", "symbol": "ADA-USD"}, {"trade_id": 143561585, "side": "buy", "size": "1.50000000", "price": "0.74370000", "time": "2025-07-14T14:38:35.887378Z", "fetched_at": "2025-07-14T14:39:32.517191+00:00", "symbol": "ADA-USD"}, {"trade_id": 143561584, "side": "buy", "size": "1.50000000", "price": "0.74380000", "time": "2025-07-14T14:38:34.990718Z", "fetched_at": "2025-07-14T14:39:32.517191+00:00", "symbol": "ADA-USD"}, {"trade_id": 143561583, "side": "buy", "size": "1.50000000", "price": "0.74390000", "time": "2025-07-14T14:38:34.786111Z", "fetched_at": "2025-07-14T14:39:32.517191+00:00", "symbol": "ADA-USD"}, {"trade_id": 143561582, "side": "buy", "size": "535.77330000", "price": "0.74390000", "time": "2025-07-14T14:38:34.397649Z", "fetched_at": "2025-07-14T14:39:32.517191+00:00", "symbol": "ADA-USD"}, {"trade_id": 143561581, "side": "buy", "size": "1.50000000", "price": "0.74400000", "time": "2025-07-14T14:38:34.397649Z", "fetched_at": "2025-07-14T14:39:32.517191+00:00", "symbol": "ADA-USD"}, {"trade_id": 143561580, "side": "buy", "size": "1.50000000", "price": "0.74410000", "time": "2025-07-14T14:38:34.254848Z", "fetched_at": "2025-07-14T14:39:32.517191+00:00", "symbol": "ADA-USD"}, {"trade_id": 143561579, "side": "buy", "size": "958.64594155", "price": "0.74420000", "time": "2025-07-14T14:38:33.935085Z", "fetched_at": "2025-07-14T14:39:32.517191+00:00", "symbol": "ADA-USD"}, {"trade_id": 143561578, "side": "buy", "size": "677.66578491", "price": "0.74420000", "time": "2025-07-14T14:38:33.935085Z", "fetched_at": "2025-07-14T14:39:32.517191+00:00", "symbol": "ADA-USD"}, {"trade_id": 143561577, "side": "buy", "size": "370.13045871", "price": "0.74420000", "time": "2025-07-14T14:38:33.935085Z", "fetched_at": "2025-07-14T14:39:32.517191+00:00", "symbol": "ADA-USD"}, {"trade_id": 143561576, "side": "buy", "size": "344.32976300", "price": "0.74420000", "time": "2025-07-14T14:38:33.935085Z", "fetched_at": "2025-07-14T14:39:32.517191+00:00", "symbol": "ADA-USD"}, {"trade_id": 143561575, "side": "buy", "size": "1.50000000", "price": "0.74420000", "time": "2025-07-14T14:38:33.935085Z", "fetched_at": "2025-07-14T14:39:32.517191+00:00", "symbol": "ADA-USD"}, {"trade_id": 143561574, "side": "buy", "size": "1.50000000", "price": "0.74430000", "time": "2025-07-14T14:38:33.935085Z", "fetched_at": "2025-07-14T14:39:32.517191+00:00", "symbol": "ADA-USD"}, {"trade_id": 143561573, "side": "buy", "size": "0.00000396", "price": "0.74440000", "time": "2025-07-14T14:38:33.935085Z", "fetched_at": "2025-07-14T14:39:32.517191+00:00", "symbol": "ADA-USD"}, {"trade_id": 143561572, "side": "sell", "size": "114.90990710", "price": "0.74460000", "time": "2025-07-14T14:38:30.924272Z", "fetched_at": "2025-07-14T14:39:32.517191+00:00", "symbol": "ADA-USD"}, {"trade_id": 143561571, "side": "buy", "size": "78.70142000", "price": "0.74440000", "time": "2025-07-14T14:38:29.981223Z", "fetched_at": "2025-07-14T14:39:32.517191+00:00", "symbol": "ADA-USD"}, {"trade_id": 143561570, "side": "buy", "size": "1.50000000", "price": "0.74440000", "time": "2025-07-14T14:38:29.981223Z", "fetched_at": "2025-07-14T14:39:32.517191+00:00", "symbol": "ADA-USD"}, {"trade_id": 143561569, "side": "buy", "size": "1.50000000", "price": "0.74450000", "time": "2025-07-14T14:38:29.684235Z", "fetched_at": "2025-07-14T14:39:32.517191+00:00", "symbol": "ADA-USD"}, {"trade_id": 143561568, "side": "buy", "size": "1.50000000", "price": "0.74460000", "time": "2025-07-14T14:38:29.394367Z", "fetched_at": "2025-07-14T14:39:32.517191+00:00", "symbol": "ADA-USD"}, {"trade_id": 143561567, "side": "buy", "size": "1.50000000", "price": "0.74470000", "time": "2025-07-14T14:38:29.287966Z", "fetched_at": "2025-07-14T14:39:32.517191+00:00", "symbol": "ADA-USD"}, {"trade_id": 143561566, "side": "buy", "size": "1.50000000", "price": "0.74480000", "time": "2025-07-14T14:38:29.235802Z", "fetched_at": "2025-07-14T14:39:32.517191+00:00", "symbol": "ADA-USD"}, {"trade_id": 143561565, "side": "buy", "size": "261.88293833", "price": "0.74500000", "time": "2025-07-14T14:38:28.348761Z", "fetched_at": "2025-07-14T14:39:32.517191+00:00", "symbol": "ADA-USD"}, {"trade_id": 143561564, "side": "buy", "size": "3232.21742563", "price": "0.74490000", "time": "2025-07-14T14:38:28.338653Z", "fetched_at": "2025-07-14T14:39:32.517191+00:00", "symbol": "ADA-USD"}, {"trade_id": 143561563, "side": "buy", "size": "242.56495707", "price": "0.74490000", "time": "2025-07-14T14:38:28.338653Z", "fetched_at": "2025-07-14T14:39:32.517191+00:00", "symbol": "ADA-USD"}, {"trade_id": 143561562, "side": "buy", "size": "941.37480611", "price": "0.74490000", "time": "2025-07-14T14:38:28.338653Z", "fetched_at": "2025-07-14T14:39:32.517191+00:00", "symbol": "ADA-USD"}, {"trade_id": 143561561, "side": "buy", "size": "1815.30705000", "price": "0.74490000", "time": "2025-07-14T14:38:28.338653Z", "fetched_at": "2025-07-14T14:39:32.517191+00:00", "symbol": "ADA-USD"}, {"trade_id": 143561560, "side": "buy", "size": "1.50000000", "price": "0.74490000", "time": "2025-07-14T14:38:28.338653Z", "fetched_at": "2025-07-14T14:39:32.517191+00:00", "symbol": "ADA-USD"}, {"trade_id": 143561559, "side": "buy", "size": "470.49961458", "price": "0.74490000", "time": "2025-07-14T14:38:28.338653Z", "fetched_at": "2025-07-14T14:39:32.517191+00:00", "symbol": "ADA-USD"}, {"trade_id": 143561558, "side": "buy", "size": "714.46022171", "price": "0.74490000", "time": "2025-07-14T14:38:28.338653Z", "fetched_at": "2025-07-14T14:39:32.517191+00:00", "symbol": "ADA-USD"}, {"trade_id": 143561557, "side": "buy", "size": "261.88293833", "price": "0.74490000", "time": "2025-07-14T14:38:28.338653Z", "fetched_at": "2025-07-14T14:39:32.517191+00:00", "symbol": "ADA-USD"}, {"trade_id": 143561556, "side": "buy", "size": "8.91175043", "price": "0.74500000", "time": "2025-07-14T14:38:28.334961Z", "fetched_at": "2025-07-14T14:39:32.517191+00:00", "symbol": "ADA-USD"}, {"trade_id": 143561555, "side": "buy", "size": "1807.00537957", "price": "0.74500000", "time": "2025-07-14T14:38:28.334611Z", "fetched_at": "2025-07-14T14:39:32.517191+00:00", "symbol": "ADA-USD"}, {"trade_id": 143561554, "side": "buy", "size": "743.44624357", "price": "0.74500000", "time": "2025-07-14T14:38:28.334611Z", "fetched_at": "2025-07-14T14:39:32.517191+00:00", "symbol": "ADA-USD"}, {"trade_id": 143561553, "side": "buy", "size": "714.46022171", "price": "0.74500000", "time": "2025-07-14T14:38:28.334611Z", "fetched_at": "2025-07-14T14:39:32.517191+00:00", "symbol": "ADA-USD"}, {"trade_id": 143561552, "side": "buy", "size": "1.50000000", "price": "0.74510000", "time": "2025-07-14T14:38:28.334611Z", "fetched_at": "2025-07-14T14:39:32.517191+00:00", "symbol": "ADA-USD"}, {"trade_id": 143561551, "side": "sell", "size": "93.04053000", "price": "0.74540000", "time": "2025-07-14T14:38:27.416423Z", "fetched_at": "2025-07-14T14:39:32.517191+00:00", "symbol": "ADA-USD"}, {"trade_id": 143561550, "side": "sell", "size": "670.56469566", "price": "0.74540000", "time": "2025-07-14T14:38:26.989466Z", "fetched_at": "2025-07-14T14:39:32.517191+00:00", "symbol": "ADA-USD"}, {"trade_id": 143561549, "side": "sell", "size": "1112.66612104", "price": "0.74540000", "time": "2025-07-14T14:38:26.981012Z", "fetched_at": "2025-07-14T14:39:32.517191+00:00", "symbol": "ADA-USD"}, {"trade_id": 143561548, "side": "sell", "size": "714.46022171", "price": "0.74540000", "time": "2025-07-14T14:38:26.981012Z", "fetched_at": "2025-07-14T14:39:32.517191+00:00", "symbol": "ADA-USD"}, {"trade_id": 143561547, "side": "sell", "size": "1.50000000", "price": "0.74540000", "time": "2025-07-14T14:38:26.981012Z", "fetched_at": "2025-07-14T14:39:32.517191+00:00", "symbol": "ADA-USD"}, {"trade_id": 143561546, "side": "sell", "size": "1.50000000", "price": "0.74530000", "time": "2025-07-14T14:38:26.981012Z", "fetched_at": "2025-07-14T14:39:32.517191+00:00", "symbol": "ADA-USD"}, {"trade_id": 143561545, "side": "sell", "size": "1.50000000", "price": "0.74520000", "time": "2025-07-14T14:38:23.633957Z", "fetched_at": "2025-07-14T14:39:32.517191+00:00", "symbol": "ADA-USD"}, {"trade_id": 143561544, "side": "sell", "size": "15.02977461", "price": "0.74510000", "time": "2025-07-14T14:38:21.670860Z", "fetched_at": "2025-07-14T14:39:32.517191+00:00", "symbol": "ADA-USD"}, {"trade_id": 143561543, "side": "sell", "size": "1.50000000", "price": "0.74510000", "time": "2025-07-14T14:38:21.670860Z", "fetched_at": "2025-07-14T14:39:32.517191+00:00", "symbol": "ADA-USD"}, {"trade_id": 143561542, "side": "sell", "size": "738.65497201", "price": "0.74510000", "time": "2025-07-14T14:38:18.350275Z", "fetched_at": "2025-07-14T14:39:32.517191+00:00", "symbol": "ADA-USD"}, {"trade_id": 143561541, "side": "sell", "size": "107.73553000", "price": "0.74510000", "time": "2025-07-14T14:38:18.347066Z", "fetched_at": "2025-07-14T14:39:32.517191+00:00", "symbol": "ADA-USD"}, {"trade_id": 143561540, "side": "sell", "size": "59.15145000", "price": "0.74510000", "time": "2025-07-14T14:38:18.328995Z", "fetched_at": "2025-07-14T14:39:32.517191+00:00", "symbol": "ADA-USD"}, {"trade_id": 143561539, "side": "sell", "size": "69.09291000", "price": "0.74510000", "time": "2025-07-14T14:38:18.325076Z", "fetched_at": "2025-07-14T14:39:32.517191+00:00", "symbol": "ADA-USD"}, {"trade_id": 143561538, "side": "sell", "size": "65.44314000", "price": "0.74510000", "time": "2025-07-14T14:38:18.298917Z", "fetched_at": "2025-07-14T14:39:32.517191+00:00", "symbol": "ADA-USD"}, {"trade_id": 143561537, "side": "sell", "size": "51.00306000", "price": "0.74510000", "time": "2025-07-14T14:38:18.298612Z", "fetched_at": "2025-07-14T14:39:32.517191+00:00", "symbol": "ADA-USD"}, {"trade_id": 143561536, "side": "sell", "size": "140.30640000", "price": "0.74510000", "time": "2025-07-14T14:38:18.293266Z", "fetched_at": "2025-07-14T14:39:32.517191+00:00", "symbol": "ADA-USD"}, {"trade_id": 143561535, "side": "sell", "size": "154.02664000", "price": "0.74510000", "time": "2025-07-14T14:38:18.289012Z", "fetched_at": "2025-07-14T14:39:32.517191+00:00", "symbol": "ADA-USD"}, {"trade_id": 143561534, "side": "sell", "size": "1982.67259776", "price": "0.74510000", "time": "2025-07-14T14:38:18.282057Z", "fetched_at": "2025-07-14T14:39:32.517191+00:00", "symbol": "ADA-USD"}, {"trade_id": 143561533, "side": "sell", "size": "1.50000000", "price": "0.74510000", "time": "2025-07-14T14:38:18.282057Z", "fetched_at": "2025-07-14T14:39:32.517191+00:00", "symbol": "ADA-USD"}, {"trade_id": 143561532, "side": "sell", "size": "99.67906424", "price": "0.74500000", "time": "2025-07-14T14:38:18.051463Z", "fetched_at": "2025-07-14T14:39:32.517191+00:00", "symbol": "ADA-USD"}, {"trade_id": 143561531, "side": "sell", "size": "1.50000000", "price": "0.74500000", "time": "2025-07-14T14:38:18.051463Z", "fetched_at": "2025-07-14T14:39:32.517191+00:00", "symbol": "ADA-USD"}, {"trade_id": 143561530, "side": "sell", "size": "24.61705400", "price": "0.74490000", "time": "2025-07-14T14:38:17.285803Z", "fetched_at": "2025-07-14T14:39:32.517191+00:00", "symbol": "ADA-USD"}, {"trade_id": 143561529, "side": "sell", "size": "1.50000000", "price": "0.74490000", "time": "2025-07-14T14:38:17.285803Z", "fetched_at": "2025-07-14T14:39:32.517191+00:00", "symbol": "ADA-USD"}, {"trade_id": 143561528, "side": "sell", "size": "234.23219060", "price": "0.74470000", "time": "2025-07-14T14:38:16.569528Z", "fetched_at": "2025-07-14T14:39:32.517191+00:00", "symbol": "ADA-USD"}, {"trade_id": 143561527, "side": "sell", "size": "1.50000000", "price": "0.74470000", "time": "2025-07-14T14:38:16.569528Z", "fetched_at": "2025-07-14T14:39:32.517191+00:00", "symbol": "ADA-USD"}, {"trade_id": 143561526, "side": "buy", "size": "45.00000000", "price": "0.74440000", "time": "2025-07-14T14:38:15.361695Z", "fetched_at": "2025-07-14T14:39:32.517191+00:00", "symbol": "ADA-USD"}, {"trade_id": 143561525, "side": "buy", "size": "29.60276167", "price": "0.74440000", "time": "2025-07-14T14:38:14.650980Z", "fetched_at": "2025-07-14T14:39:32.517191+00:00", "symbol": "ADA-USD"}, {"trade_id": 143561524, "side": "buy", "size": "261.88293833", "price": "0.74450000", "time": "2025-07-14T14:38:14.650980Z", "fetched_at": "2025-07-14T14:39:32.517191+00:00", "symbol": "ADA-USD"}, {"trade_id": 143561523, "side": "sell", "size": "714.46022171", "price": "0.74480000", "time": "2025-07-14T14:38:13.856435Z", "fetched_at": "2025-07-14T14:39:32.517191+00:00", "symbol": "ADA-USD"}, {"trade_id": 143561522, "side": "sell", "size": "1.50000000", "price": "0.74480000", "time": "2025-07-14T14:38:13.856435Z", "fetched_at": "2025-07-14T14:39:32.517191+00:00", "symbol": "ADA-USD"}, {"trade_id": 143561521, "side": "sell", "size": "1.50000000", "price": "0.74470000", "time": "2025-07-14T14:38:13.856435Z", "fetched_at": "2025-07-14T14:39:32.517191+00:00", "symbol": "ADA-USD"}, {"trade_id": 143561520, "side": "sell", "size": "1.50000000", "price": "0.74460000", "time": "2025-07-14T14:38:13.765056Z", "fetched_at": "2025-07-14T14:39:32.517191+00:00", "symbol": "ADA-USD"}, {"trade_id": 143561519, "side": "buy", "size": "62.50814095", "price": "0.74440000", "time": "2025-07-14T14:38:13.638432Z", "fetched_at": "2025-07-14T14:39:32.517191+00:00", "symbol": "ADA-USD"}, {"trade_id": 143561518, "side": "buy", "size": "6.42412551", "price": "0.74440000", "time": "2025-07-14T14:38:13.638432Z", "fetched_at": "2025-07-14T14:39:32.517191+00:00", "symbol": "ADA-USD"}, {"trade_id": 143561517, "side": "buy", "size": "310.50000000", "price": "0.74450000", "time": "2025-07-14T14:38:13.638432Z", "fetched_at": "2025-07-14T14:39:32.517191+00:00", "symbol": "ADA-USD"}, {"trade_id": 143561516, "side": "buy", "size": "25.00753354", "price": "0.74450000", "time": "2025-07-14T14:38:13.638432Z", "fetched_at": "2025-07-14T14:39:32.517191+00:00", "symbol": "ADA-USD"}, {"trade_id": 143561515, "side": "sell", "size": "1.50000000", "price": "0.74450000", "time": "2025-07-14T14:38:12.156931Z", "fetched_at": "2025-07-14T14:39:32.517191+00:00", "symbol": "ADA-USD"}, {"trade_id": 143561514, "side": "sell", "size": "1.50000000", "price": "0.74440000", "time": "2025-07-14T14:38:12.135493Z", "fetched_at": "2025-07-14T14:39:32.517191+00:00", "symbol": "ADA-USD"}, {"trade_id": 143561513, "side": "sell", "size": "1.50000000", "price": "0.74430000", "time": "2025-07-14T14:38:12.052077Z", "fetched_at": "2025-07-14T14:39:32.517191+00:00", "symbol": "ADA-USD"}, {"trade_id": 143561512, "side": "buy", "size": "113.37959263", "price": "0.74410000", "time": "2025-07-14T14:38:11.674116Z", "fetched_at": "2025-07-14T14:39:32.517191+00:00", "symbol": "ADA-USD"}, {"trade_id": 143561511, "side": "buy", "size": "1353.95183447", "price": "0.74410000", "time": "2025-07-14T14:38:11.673989Z", "fetched_at": "2025-07-14T14:39:32.517191+00:00", "symbol": "ADA-USD"}, {"trade_id": 143561510, "side": "buy", "size": "714.46022171", "price": "0.74410000", "time": "2025-07-14T14:38:11.673989Z", "fetched_at": "2025-07-14T14:39:32.517191+00:00", "symbol": "ADA-USD"}, {"trade_id": 143561509, "side": "buy", "size": "261.88293833", "price": "0.74410000", "time": "2025-07-14T14:38:11.673989Z", "fetched_at": "2025-07-14T14:39:32.517191+00:00", "symbol": "ADA-USD"}, {"trade_id": 143561508, "side": "buy", "size": "118.63911000", "price": "0.74420000", "time": "2025-07-14T14:38:11.673989Z", "fetched_at": "2025-07-14T14:39:32.517191+00:00", "symbol": "ADA-USD"}, {"trade_id": 143561507, "side": "buy", "size": "7.90661601", "price": "0.74420000", "time": "2025-07-14T14:38:11.673989Z", "fetched_at": "2025-07-14T14:39:32.517191+00:00", "symbol": "ADA-USD"}, {"trade_id": 143561506, "side": "sell", "size": "3671.38037698", "price": "0.74420000", "time": "2025-07-14T14:38:11.026135Z", "fetched_at": "2025-07-14T14:39:32.517191+00:00", "symbol": "ADA-USD"}, {"trade_id": 143561505, "side": "sell", "size": "1569.51962302", "price": "0.74420000", "time": "2025-07-14T14:38:11.021616Z", "fetched_at": "2025-07-14T14:39:32.517191+00:00", "symbol": "ADA-USD"}, {"trade_id": 143561504, "side": "sell", "size": "1.50000000", "price": "0.74420000", "time": "2025-07-14T14:38:11.021616Z", "fetched_at": "2025-07-14T14:39:32.517191+00:00", "symbol": "ADA-USD"}, {"trade_id": 143561503, "side": "sell", "size": "1760.37710285", "price": "0.74410000", "time": "2025-07-14T14:38:10.494978Z", "fetched_at": "2025-07-14T14:39:32.517191+00:00", "symbol": "ADA-USD"}, {"trade_id": 143561502, "side": "sell", "size": "964.78817363", "price": "0.74410000", "time": "2025-07-14T14:38:10.491010Z", "fetched_at": "2025-07-14T14:39:32.517191+00:00", "symbol": "ADA-USD"}, {"trade_id": 143561501, "side": "sell", "size": "714.46022171", "price": "0.74410000", "time": "2025-07-14T14:38:10.491010Z", "fetched_at": "2025-07-14T14:39:32.517191+00:00", "symbol": "ADA-USD"}, {"trade_id": 143561500, "side": "sell", "size": "16.41591246", "price": "0.74400000", "time": "2025-07-14T14:38:10.491010Z", "fetched_at": "2025-07-14T14:39:32.517191+00:00", "symbol": "ADA-USD"}, {"trade_id": 143561499, "side": "sell", "size": "173.88208000", "price": "0.74380000", "time": "2025-07-14T14:38:09.176639Z", "fetched_at": "2025-07-14T14:39:32.517191+00:00", "symbol": "ADA-USD"}, {"trade_id": 143561498, "side": "buy", "size": "927.38991529", "price": "0.74380000", "time": "2025-07-14T14:38:09.169774Z", "fetched_at": "2025-07-14T14:39:32.517191+00:00", "symbol": "ADA-USD"}, {"trade_id": 143561497, "side": "buy", "size": "1813.19876000", "price": "0.74380000", "time": "2025-07-14T14:38:09.169774Z", "fetched_at": "2025-07-14T14:39:32.517191+00:00", "symbol": "ADA-USD"}, {"trade_id": 143561496, "side": "buy", "size": "839.48421105", "price": "0.74380000", "time": "2025-07-14T14:38:09.169774Z", "fetched_at": "2025-07-14T14:39:32.517191+00:00", "symbol": "ADA-USD"}, {"trade_id": 143561495, "side": "buy", "size": "714.46022171", "price": "0.74380000", "time": "2025-07-14T14:38:09.169774Z", "fetched_at": "2025-07-14T14:39:32.517191+00:00", "symbol": "ADA-USD"}, {"trade_id": 143561494, "side": "buy", "size": "261.88293833", "price": "0.74390000", "time": "2025-07-14T14:38:09.169774Z", "fetched_at": "2025-07-14T14:39:32.517191+00:00", "symbol": "ADA-USD"}, {"trade_id": 143561493, "side": "buy", "size": "51.00306000", "price": "0.74390000", "time": "2025-07-14T14:38:09.169774Z", "fetched_at": "2025-07-14T14:39:32.517191+00:00", "symbol": "ADA-USD"}, {"trade_id": 143561492, "side": "buy", "size": "9.73121970", "price": "0.74390000", "time": "2025-07-14T14:38:09.169774Z", "fetched_at": "2025-07-14T14:39:32.517191+00:00", "symbol": "ADA-USD"}, {"trade_id": 143561491, "side": "buy", "size": "179.38475383", "price": "0.74340000", "time": "2025-07-14T14:38:07.611832Z", "fetched_at": "2025-07-14T14:39:32.517191+00:00", "symbol": "ADA-USD"}, {"trade_id": 143561490, "side": "buy", "size": "1433.69175627", "price": "0.74340000", "time": "2025-07-14T14:38:07.611832Z", "fetched_at": "2025-07-14T14:39:32.517191+00:00", "symbol": "ADA-USD"}, {"trade_id": 143561489, "side": "buy", "size": "1.50000000", "price": "0.74340000", "time": "2025-07-14T14:38:07.611832Z", "fetched_at": "2025-07-14T14:39:32.517191+00:00", "symbol": "ADA-USD"}, {"trade_id": 143561488, "side": "buy", "size": "714.46022171", "price": "0.74340000", "time": "2025-07-14T14:38:07.611832Z", "fetched_at": "2025-07-14T14:39:32.517191+00:00", "symbol": "ADA-USD"}, {"trade_id": 143561487, "side": "buy", "size": "1815.25289000", "price": "0.74340000", "time": "2025-07-14T14:38:07.611832Z", "fetched_at": "2025-07-14T14:39:32.517191+00:00", "symbol": "ADA-USD"}, {"trade_id": 143561486, "side": "buy", "size": "261.88293833", "price": "0.74340000", "time": "2025-07-14T14:38:07.611832Z", "fetched_at": "2025-07-14T14:39:32.517191+00:00", "symbol": "ADA-USD"}, {"trade_id": 143561485, "side": "buy", "size": "1.50000000", "price": "0.74350000", "time": "2025-07-14T14:38:07.611832Z", "fetched_at": "2025-07-14T14:39:32.517191+00:00", "symbol": "ADA-USD"}, {"trade_id": 143561484, "side": "buy", "size": "310.50000000", "price": "0.74350000", "time": "2025-07-14T14:38:07.611832Z", "fetched_at": "2025-07-14T14:39:32.517191+00:00", "symbol": "ADA-USD"}, {"trade_id": 143561483, "side": "buy", "size": "805.80083532", "price": "0.74350000", "time": "2025-07-14T14:38:07.611832Z", "fetched_at": "2025-07-14T14:39:32.517191+00:00", "symbol": "ADA-USD"}, {"trade_id": 143561482, "side": "buy", "size": "442.51374757", "price": "0.74350000", "time": "2025-07-14T14:38:07.611832Z", "fetched_at": "2025-07-14T14:39:32.517191+00:00", "symbol": "ADA-USD"}, {"trade_id": 143561481, "side": "buy", "size": "714.46022171", "price": "0.74350000", "time": "2025-07-14T14:38:07.611832Z", "fetched_at": "2025-07-14T14:39:32.517191+00:00", "symbol": "ADA-USD"}, {"trade_id": 143561480, "side": "buy", "size": "1815.20643000", "price": "0.74350000", "time": "2025-07-14T14:38:07.611832Z", "fetched_at": "2025-07-14T14:39:32.517191+00:00", "symbol": "ADA-USD"}, {"trade_id": 143561479, "side": "buy", "size": "1.50000000", "price": "0.74360000", "time": "2025-07-14T14:38:07.611832Z", "fetched_at": "2025-07-14T14:39:32.517191+00:00", "symbol": "ADA-USD"}, {"trade_id": 143561478, "side": "buy", "size": "5240.80000000", "price": "0.74360000", "time": "2025-07-14T14:38:07.611832Z", "fetched_at": "2025-07-14T14:39:32.517191+00:00", "symbol": "ADA-USD"}, {"trade_id": 143561477, "side": "buy", "size": "303.80938446", "price": "0.74360000", "time": "2025-07-14T14:38:07.611832Z", "fetched_at": "2025-07-14T14:39:32.517191+00:00", "symbol": "ADA-USD"}, {"trade_id": 143561476, "side": "buy", "size": "714.46022171", "price": "0.74360000", "time": "2025-07-14T14:38:07.611832Z", "fetched_at": "2025-07-14T14:39:32.517191+00:00", "symbol": "ADA-USD"}, {"trade_id": 143561475, "side": "buy", "size": "1815.20643000", "price": "0.74360000", "time": "2025-07-14T14:38:07.611832Z", "fetched_at": "2025-07-14T14:39:32.517191+00:00", "symbol": "ADA-USD"}, {"trade_id": 143561474, "side": "buy", "size": "261.88293833", "price": "0.74360000", "time": "2025-07-14T14:38:07.611832Z", "fetched_at": "2025-07-14T14:39:32.517191+00:00", "symbol": "ADA-USD"}, {"trade_id": 143561473, "side": "buy", "size": "1812.04438000", "price": "0.74370000", "time": "2025-07-14T14:38:07.611832Z", "fetched_at": "2025-07-14T14:39:32.517191+00:00", "symbol": "ADA-USD"}, {"trade_id": 143561472, "side": "buy", "size": "672.29485746", "price": "0.74370000", "time": "2025-07-14T14:38:07.611832Z", "fetched_at": "2025-07-14T14:39:32.517191+00:00", "symbol": "ADA-USD"}, {"trade_id": 143561471, "side": "buy", "size": "3677.17339929", "price": "0.74370000", "time": "2025-07-14T14:38:07.611832Z", "fetched_at": "2025-07-14T14:39:32.517191+00:00", "symbol": "ADA-USD"}, {"trade_id": 143561470, "side": "buy", "size": "714.46022171", "price": "0.74370000", "time": "2025-07-14T14:38:07.611832Z", "fetched_at": "2025-07-14T14:39:32.517191+00:00", "symbol": "ADA-USD"}, {"trade_id": 143561469, "side": "buy", "size": "1814.12646000", "price": "0.74370000", "time": "2025-07-14T14:38:07.611832Z", "fetched_at": "2025-07-14T14:39:32.517191+00:00", "symbol": "ADA-USD"}, {"trade_id": 143561468, "side": "buy", "size": "310.50000000", "price": "0.74370000", "time": "2025-07-14T14:38:07.611832Z", "fetched_at": "2025-07-14T14:39:32.517191+00:00", "symbol": "ADA-USD"}, {"trade_id": 143561467, "side": "buy", "size": "57.79468288", "price": "0.74370000", "time": "2025-07-14T14:38:07.611832Z", "fetched_at": "2025-07-14T14:39:32.517191+00:00", "symbol": "ADA-USD"}, {"trade_id": 143561466, "side": "buy", "size": "310.50000000", "price": "0.74380000", "time": "2025-07-14T14:38:07.611832Z", "fetched_at": "2025-07-14T14:39:32.517191+00:00", "symbol": "ADA-USD"}, {"trade_id": 143561465, "side": "buy", "size": "50.00000000", "price": "0.74380000", "time": "2025-07-14T14:38:07.611832Z", "fetched_at": "2025-07-14T14:39:32.517191+00:00", "symbol": "ADA-USD"}, {"trade_id": 143561464, "side": "buy", "size": "239.22570467", "price": "0.74380000", "time": "2025-07-14T14:38:07.611832Z", "fetched_at": "2025-07-14T14:39:32.517191+00:00", "symbol": "ADA-USD"}, {"trade_id": 143561463, "side": "buy", "size": "4.32498654", "price": "0.74380000", "time": "2025-07-14T14:38:07.611832Z", "fetched_at": "2025-07-14T14:39:32.517191+00:00", "symbol": "ADA-USD"}, {"trade_id": 143561462, "side": "buy", "size": "12.97495960", "price": "0.74380000", "time": "2025-07-14T14:38:07.611832Z", "fetched_at": "2025-07-14T14:39:32.517191+00:00", "symbol": "ADA-USD"}, {"trade_id": 143561461, "side": "buy", "size": "819.68854027", "price": "0.74380000", "time": "2025-07-14T14:38:06.864126Z", "fetched_at": "2025-07-14T14:39:32.517191+00:00", "symbol": "ADA-USD"}, {"trade_id": 143561460, "side": "buy", "size": "7.68886495", "price": "0.74380000", "time": "2025-07-14T14:38:06.864126Z", "fetched_at": "2025-07-14T14:39:32.517191+00:00", "symbol": "ADA-USD"}, {"trade_id": 143561459, "side": "buy", "size": "33.31841478", "price": "0.74380000", "time": "2025-07-14T14:38:06.864126Z", "fetched_at": "2025-07-14T14:39:32.517191+00:00", "symbol": "ADA-USD"}, {"trade_id": 143561458, "side": "buy", "size": "366.07594842", "price": "0.74390000", "time": "2025-07-14T14:38:06.864126Z", "fetched_at": "2025-07-14T14:39:32.517191+00:00", "symbol": "ADA-USD"}, {"trade_id": 143561457, "side": "buy", "size": "2.35246673", "price": "0.74390000", "time": "2025-07-14T14:38:06.864126Z", "fetched_at": "2025-07-14T14:39:32.517191+00:00", "symbol": "ADA-USD"}, {"trade_id": 143561456, "side": "buy", "size": "23.06659485", "price": "0.74400000", "time": "2025-07-14T14:38:06.864126Z", "fetched_at": "2025-07-14T14:39:32.517191+00:00", "symbol": "ADA-USD"}, {"trade_id": 143561455, "side": "buy", "size": "50.00000000", "price": "0.74400000", "time": "2025-07-14T14:38:06.696651Z", "fetched_at": "2025-07-14T14:39:32.517191+00:00", "symbol": "ADA-USD"}, {"trade_id": 143561454, "side": "buy", "size": "30.75545980", "price": "0.74400000", "time": "2025-07-14T14:38:06.696651Z", "fetched_at": "2025-07-14T14:39:32.517191+00:00", "symbol": "ADA-USD"}, {"trade_id": 143561453, "side": "sell", "size": "19.95183000", "price": "0.74360000", "time": "2025-07-14T14:38:03.614808Z", "fetched_at": "2025-07-14T14:39:32.517191+00:00", "symbol": "ADA-USD"}, {"trade_id": 143561452, "side": "buy", "size": "325.76852325", "price": "0.74330000", "time": "2025-07-14T14:38:03.518274Z", "fetched_at": "2025-07-14T14:39:32.517191+00:00", "symbol": "ADA-USD"}, {"trade_id": 143561451, "side": "buy", "size": "0.00531407", "price": "0.74330000", "time": "2025-07-14T14:38:03.518274Z", "fetched_at": "2025-07-14T14:39:32.517191+00:00", "symbol": "ADA-USD"}, {"trade_id": 143561450, "side": "buy", "size": "26.18242842", "price": "0.74330000", "time": "2025-07-14T14:38:03.518274Z", "fetched_at": "2025-07-14T14:39:32.517191+00:00", "symbol": "ADA-USD"}, {"trade_id": 143561449, "side": "buy", "size": "16.99067421", "price": "0.74330000", "time": "2025-07-14T14:38:03.518274Z", "fetched_at": "2025-07-14T14:39:32.517191+00:00", "symbol": "ADA-USD"}, {"trade_id": 143561448, "side": "buy", "size": "199.68000000", "price": "0.74330000", "time": "2025-07-14T14:38:03.518274Z", "fetched_at": "2025-07-14T14:39:32.517191+00:00", "symbol": "ADA-USD"}, {"trade_id": 143561447, "side": "buy", "size": "0.02290498", "price": "0.74330000", "time": "2025-07-14T14:38:03.518274Z", "fetched_at": "2025-07-14T14:39:32.517191+00:00", "symbol": "ADA-USD"}, {"trade_id": 143561446, "side": "buy", "size": "766.26249388", "price": "0.74340000", "time": "2025-07-14T14:38:03.518274Z", "fetched_at": "2025-07-14T14:39:32.517191+00:00", "symbol": "ADA-USD"}, {"trade_id": 143561445, "side": "buy", "size": "1823.71883000", "price": "0.74340000", "time": "2025-07-14T14:38:03.518274Z", "fetched_at": "2025-07-14T14:39:32.517191+00:00", "symbol": "ADA-USD"}, {"trade_id": 143561444, "side": "buy", "size": "639.83387158", "price": "0.74340000", "time": "2025-07-14T14:38:03.518274Z", "fetched_at": "2025-07-14T14:39:32.517191+00:00", "symbol": "ADA-USD"}, {"trade_id": 143561443, "side": "buy", "size": "714.46022171", "price": "0.74340000", "time": "2025-07-14T14:38:03.518274Z", "fetched_at": "2025-07-14T14:39:32.517191+00:00", "symbol": "ADA-USD"}, {"trade_id": 143561442, "side": "buy", "size": "1.50000000", "price": "0.74340000", "time": "2025-07-14T14:38:03.518274Z", "fetched_at": "2025-07-14T14:39:32.517191+00:00", "symbol": "ADA-USD"}, {"trade_id": 143561441, "side": "buy", "size": "261.88293833", "price": "0.74340000", "time": "2025-07-14T14:38:03.518274Z", "fetched_at": "2025-07-14T14:39:32.517191+00:00", "symbol": "ADA-USD"}, {"trade_id": 143561440, "side": "buy", "size": "22.08248161", "price": "0.74340000", "time": "2025-07-14T14:38:03.518274Z", "fetched_at": "2025-07-14T14:39:32.517191+00:00", "symbol": "ADA-USD"}, {"trade_id": 143561439, "side": "buy", "size": "0.01702844", "price": "0.74340000", "time": "2025-07-14T14:38:03.518274Z", "fetched_at": "2025-07-14T14:39:32.517191+00:00", "symbol": "ADA-USD"}, {"trade_id": 143561438, "side": "buy", "size": "1812.80493000", "price": "0.74350000", "time": "2025-07-14T14:38:03.518274Z", "fetched_at": "2025-07-14T14:39:32.517191+00:00", "symbol": "ADA-USD"}, {"trade_id": 143561437, "side": "buy", "size": "821.24758672", "price": "0.74350000", "time": "2025-07-14T14:38:03.518274Z", "fetched_at": "2025-07-14T14:39:32.517191+00:00", "symbol": "ADA-USD"}, {"trade_id": 143561436, "side": "buy", "size": "461.75301760", "price": "0.74350000", "time": "2025-07-14T14:38:03.518274Z", "fetched_at": "2025-07-14T14:39:32.517191+00:00", "symbol": "ADA-USD"}, {"trade_id": 143561435, "side": "buy", "size": "714.46022171", "price": "0.74350000", "time": "2025-07-14T14:38:03.518274Z", "fetched_at": "2025-07-14T14:39:32.517191+00:00", "symbol": "ADA-USD"}, {"trade_id": 143561434, "side": "buy", "size": "1814.84040000", "price": "0.74350000", "time": "2025-07-14T14:38:03.518274Z", "fetched_at": "2025-07-14T14:39:32.517191+00:00", "symbol": "ADA-USD"}, {"trade_id": 143561433, "side": "buy", "size": "1.50000000", "price": "0.74350000", "time": "2025-07-14T14:38:03.518274Z", "fetched_at": "2025-07-14T14:39:32.517191+00:00", "symbol": "ADA-USD"}, {"trade_id": 143561432, "side": "buy", "size": "5240.20000000", "price": "0.74360000", "time": "2025-07-14T14:38:03.518274Z", "fetched_at": "2025-07-14T14:39:32.517191+00:00", "symbol": "ADA-USD"}, {"trade_id": 143561431, "side": "buy", "size": "485.40751222", "price": "0.74360000", "time": "2025-07-14T14:38:03.518274Z", "fetched_at": "2025-07-14T14:39:32.517191+00:00", "symbol": "ADA-USD"}, {"trade_id": 143561430, "side": "buy", "size": "714.46022171", "price": "0.74360000", "time": "2025-07-14T14:38:03.518274Z", "fetched_at": "2025-07-14T14:39:32.517191+00:00", "symbol": "ADA-USD"}, {"trade_id": 143561429, "side": "buy", "size": "0.03119956", "price": "0.74360000", "time": "2025-07-14T14:38:03.518274Z", "fetched_at": "2025-07-14T14:39:32.517191+00:00", "symbol": "ADA-USD"}, {"trade_id": 143561428, "side": "buy", "size": "0.00007298", "price": "0.74380000", "time": "2025-07-14T14:38:03.479687Z", "fetched_at": "2025-07-14T14:39:32.517191+00:00", "symbol": "ADA-USD"}, {"trade_id": 143561427, "side": "buy", "size": "54.67630000", "price": "0.74380000", "time": "2025-07-14T14:38:03.476210Z", "fetched_at": "2025-07-14T14:39:32.517191+00:00", "symbol": "ADA-USD"}, {"trade_id": 143561426, "side": "sell", "size": "2.32769000", "price": "0.74390000", "time": "2025-07-14T14:38:03.471763Z", "fetched_at": "2025-07-14T14:39:32.517191+00:00", "symbol": "ADA-USD"}, {"trade_id": 143561425, "side": "sell", "size": "1039.95411080", "price": "0.74380000", "time": "2025-07-14T14:38:02.687669Z", "fetched_at": "2025-07-14T14:39:32.517191+00:00", "symbol": "ADA-USD"}, {"trade_id": 143561424, "side": "buy", "size": "373.32707932", "price": "0.74360000", "time": "2025-07-14T14:38:02.491915Z", "fetched_at": "2025-07-14T14:39:32.517191+00:00", "symbol": "ADA-USD"}, {"trade_id": 143561423, "side": "buy", "size": "1.50000000", "price": "0.74360000", "time": "2025-07-14T14:38:02.491915Z", "fetched_at": "2025-07-14T14:39:32.517191+00:00", "symbol": "ADA-USD"}, {"trade_id": 143561422, "side": "buy", "size": "28.45293168", "price": "0.74360000", "time": "2025-07-14T14:38:02.491915Z", "fetched_at": "2025-07-14T14:39:32.517191+00:00", "symbol": "ADA-USD"}, {"trade_id": 143561421, "side": "buy", "size": "0.00009655", "price": "0.74370000", "time": "2025-07-14T14:38:02.011785Z", "fetched_at": "2025-07-14T14:39:32.517191+00:00", "symbol": "ADA-USD"}, {"trade_id": 143561420, "side": "buy", "size": "38.45770000", "price": "0.74370000", "time": "2025-07-14T14:38:02.008152Z", "fetched_at": "2025-07-14T14:39:32.517191+00:00", "symbol": "ADA-USD"}, {"trade_id": 143561419, "side": "buy", "size": "1.50000000", "price": "0.74370000", "time": "2025-07-14T14:38:02.008152Z", "fetched_at": "2025-07-14T14:39:32.517191+00:00", "symbol": "ADA-USD"}, {"trade_id": 143561418, "side": "buy", "size": "1.50000000", "price": "0.74380000", "time": "2025-07-14T14:38:01.685201Z", "fetched_at": "2025-07-14T14:39:32.517191+00:00", "symbol": "ADA-USD"}, {"trade_id": 143561417, "side": "buy", "size": "2.35246673", "price": "0.74390000", "time": "2025-07-14T14:38:01.564156Z", "fetched_at": "2025-07-14T14:39:32.517191+00:00", "symbol": "ADA-USD"}, {"trade_id": 143561416, "side": "buy", "size": "1.50000000", "price": "0.74400000", "time": "2025-07-14T14:38:00.350207Z", "fetched_at": "2025-07-14T14:39:32.517191+00:00", "symbol": "ADA-USD"}, {"trade_id": 143561415, "side": "sell", "size": "56.56762900", "price": "0.74450000", "time": "2025-07-14T14:37:58.443469Z", "fetched_at": "2025-07-14T14:39:32.517191+00:00", "symbol": "ADA-USD"}, {"trade_id": 143561414, "side": "sell", "size": "0.00004415", "price": "0.74460000", "time": "2025-07-14T14:37:57.838323Z", "fetched_at": "2025-07-14T14:39:32.517191+00:00", "symbol": "ADA-USD"}, {"trade_id": 143561413, "side": "sell", "size": "1.49995585", "price": "0.74460000", "time": "2025-07-14T14:37:57.831856Z", "fetched_at": "2025-07-14T14:39:32.517191+00:00", "symbol": "ADA-USD"}, {"trade_id": 143561412, "side": "sell", "size": "140.20124415", "price": "0.74460000", "time": "2025-07-14T14:37:57.831856Z", "fetched_at": "2025-07-14T14:39:32.517191+00:00", "symbol": "ADA-USD"}, {"trade_id": 143561411, "side": "buy", "size": "1.50000000", "price": "0.74400000", "time": "2025-07-14T14:37:55.548977Z", "fetched_at": "2025-07-14T14:39:32.517191+00:00", "symbol": "ADA-USD"}, {"trade_id": 143561410, "side": "buy", "size": "1.50000000", "price": "0.74410000", "time": "2025-07-14T14:37:55.166653Z", "fetched_at": "2025-07-14T14:39:32.517191+00:00", "symbol": "ADA-USD"}, {"trade_id": 143561409, "side": "buy", "size": "1.50000000", "price": "0.74420000", "time": "2025-07-14T14:37:55.007970Z", "fetched_at": "2025-07-14T14:39:32.517191+00:00", "symbol": "ADA-USD"}, {"trade_id": 143561408, "side": "sell", "size": "81.72128175", "price": "0.74440000", "time": "2025-07-14T14:37:53.951293Z", "fetched_at": "2025-07-14T14:39:32.517191+00:00", "symbol": "ADA-USD"}, {"trade_id": 143561407, "side": "sell", "size": "51.00306000", "price": "0.74430000", "time": "2025-07-14T14:37:53.951293Z", "fetched_at": "2025-07-14T14:39:32.517191+00:00", "symbol": "ADA-USD"}, {"trade_id": 143561406, "side": "buy", "size": "267.19063892", "price": "0.74440000", "time": "2025-07-14T14:37:53.782909Z", "fetched_at": "2025-07-14T14:39:32.517191+00:00", "symbol": "ADA-USD"}, {"trade_id": 143561405, "side": "buy", "size": "1.50000000", "price": "0.74440000", "time": "2025-07-14T14:37:53.782909Z", "fetched_at": "2025-07-14T14:39:32.517191+00:00", "symbol": "ADA-USD"}, {"trade_id": 143561404, "side": "buy", "size": "4.09236400", "price": "0.74450000", "time": "2025-07-14T14:37:52.493698Z", "fetched_at": "2025-07-14T14:39:32.517191+00:00", "symbol": "ADA-USD"}, {"trade_id": 143561403, "side": "sell", "size": "60.43150269", "price": "0.74470000", "time": "2025-07-14T14:37:51.679373Z", "fetched_at": "2025-07-14T14:39:32.517191+00:00", "symbol": "ADA-USD"}, {"trade_id": 143561402, "side": "sell", "size": "1.50000000", "price": "0.74460000", "time": "2025-07-14T14:37:51.106545Z", "fetched_at": "2025-07-14T14:39:32.517191+00:00", "symbol": "ADA-USD"}, {"trade_id": 143561401, "side": "buy", "size": "5.20777300", "price": "0.74440000", "time": "2025-07-14T14:37:50.570230Z", "fetched_at": "2025-07-14T14:39:32.517191+00:00", "symbol": "ADA-USD"}, {"trade_id": 143561400, "side": "sell", "size": "1.50000000", "price": "0.74450000", "time": "2025-07-14T14:37:49.520598Z", "fetched_at": "2025-07-14T14:39:32.517191+00:00", "symbol": "ADA-USD"}, {"trade_id": 143561399, "side": "sell", "size": "1.50000000", "price": "0.74440000", "time": "2025-07-14T14:37:49.498070Z", "fetched_at": "2025-07-14T14:39:32.517191+00:00", "symbol": "ADA-USD"}, {"trade_id": 143561398, "side": "sell", "size": "1.50000000", "price": "0.74430000", "time": "2025-07-14T14:37:49.062794Z", "fetched_at": "2025-07-14T14:39:32.517191+00:00", "symbol": "ADA-USD"}, {"trade_id": 143561397, "side": "sell", "size": "1.50000000", "price": "0.74420000", "time": "2025-07-14T14:37:48.330784Z", "fetched_at": "2025-07-14T14:39:32.517191+00:00", "symbol": "ADA-USD"}, {"trade_id": 143561396, "side": "sell", "size": "19.33795055", "price": "0.74390000", "time": "2025-07-14T14:37:47.721887Z", "fetched_at": "2025-07-14T14:39:32.517191+00:00", "symbol": "ADA-USD"}, {"trade_id": 143561395, "side": "buy", "size": "68.39945000", "price": "0.74380000", "time": "2025-07-14T14:37:46.222930Z", "fetched_at": "2025-07-14T14:39:32.517191+00:00", "symbol": "ADA-USD"}, {"trade_id": 143561394, "side": "sell", "size": "2.66057500", "price": "0.74370000", "time": "2025-07-14T14:37:44.807329Z", "fetched_at": "2025-07-14T14:39:32.517191+00:00", "symbol": "ADA-USD"}, {"trade_id": 143561393, "side": "sell", "size": "2337.65162292", "price": "0.74380000", "time": "2025-07-14T14:37:42.885428Z", "fetched_at": "2025-07-14T14:39:32.517191+00:00", "symbol": "ADA-USD"}, {"trade_id": 143561392, "side": "sell", "size": "480.77079612", "price": "0.74380000", "time": "2025-07-14T14:37:42.885428Z", "fetched_at": "2025-07-14T14:39:32.517191+00:00", "symbol": "ADA-USD"}, {"trade_id": 143561391, "side": "sell", "size": "714.46022171", "price": "0.74380000", "time": "2025-07-14T14:37:42.885428Z", "fetched_at": "2025-07-14T14:39:32.517191+00:00", "symbol": "ADA-USD"}, {"trade_id": 143561390, "side": "sell", "size": "50.00000000", "price": "0.74380000", "time": "2025-07-14T14:37:42.885428Z", "fetched_at": "2025-07-14T14:39:32.517191+00:00", "symbol": "ADA-USD"}, {"trade_id": 143561389, "side": "buy", "size": "1.50000000", "price": "0.74380000", "time": "2025-07-14T14:37:42.773795Z", "fetched_at": "2025-07-14T14:39:32.517191+00:00", "symbol": "ADA-USD"}, {"trade_id": 143561388, "side": "buy", "size": "1.50000000", "price": "0.74390000", "time": "2025-07-14T14:37:42.645152Z", "fetched_at": "2025-07-14T14:39:32.517191+00:00", "symbol": "ADA-USD"}, {"trade_id": 143561387, "side": "sell", "size": "47.52892721", "price": "0.74430000", "time": "2025-07-14T14:37:41.364541Z", "fetched_at": "2025-07-14T14:39:32.517191+00:00", "symbol": "ADA-USD"}, {"trade_id": 143561386, "side": "sell", "size": "30.74256752", "price": "0.74430000", "time": "2025-07-14T14:37:41.364541Z", "fetched_at": "2025-07-14T14:39:32.517191+00:00", "symbol": "ADA-USD"}, {"trade_id": 143561385, "side": "sell", "size": "631.95290527", "price": "0.74420000", "time": "2025-07-14T14:37:41.364541Z", "fetched_at": "2025-07-14T14:39:32.517191+00:00", "symbol": "ADA-USD"}, {"trade_id": 143561384, "side": "sell", "size": "130.35332000", "price": "0.74420000", "time": "2025-07-14T14:37:41.237852Z", "fetched_at": "2025-07-14T14:39:32.517191+00:00", "symbol": "ADA-USD"}, {"trade_id": 143561383, "side": "buy", "size": "9.94798926", "price": "0.74410000", "time": "2025-07-14T14:37:39.553743Z", "fetched_at": "2025-07-14T14:39:32.517191+00:00", "symbol": "ADA-USD"}, {"trade_id": 143561382, "side": "buy", "size": "54.49392074", "price": "0.74410000", "time": "2025-07-14T14:37:39.553743Z", "fetched_at": "2025-07-14T14:39:32.517191+00:00", "symbol": "ADA-USD"}, {"trade_id": 143561381, "side": "buy", "size": "461.30463139", "price": "0.74400000", "time": "2025-07-14T14:37:39.379388Z", "fetched_at": "2025-07-14T14:39:32.517191+00:00", "symbol": "ADA-USD"}, {"trade_id": 143561380, "side": "buy", "size": "65.98323430", "price": "0.74400000", "time": "2025-07-14T14:37:39.379388Z", "fetched_at": "2025-07-14T14:39:32.517191+00:00", "symbol": "ADA-USD"}, {"trade_id": 143561379, "side": "buy", "size": "707.83610180", "price": "0.74400000", "time": "2025-07-14T14:37:39.379388Z", "fetched_at": "2025-07-14T14:39:32.517191+00:00", "symbol": "ADA-USD"}, {"trade_id": 143561378, "side": "buy", "size": "472.45955658", "price": "0.74400000", "time": "2025-07-14T14:37:39.379388Z", "fetched_at": "2025-07-14T14:39:32.517191+00:00", "symbol": "ADA-USD"}, {"trade_id": 143561377, "side": "buy", "size": "714.46022171", "price": "0.74400000", "time": "2025-07-14T14:37:39.379388Z", "fetched_at": "2025-07-14T14:39:32.517191+00:00", "symbol": "ADA-USD"}, {"trade_id": 143561376, "side": "buy", "size": "1.50000000", "price": "0.74400000", "time": "2025-07-14T14:37:39.379388Z", "fetched_at": "2025-07-14T14:39:32.517191+00:00", "symbol": "ADA-USD"}, {"trade_id": 143561375, "side": "buy", "size": "100.00000000", "price": "0.74400000", "time": "2025-07-14T14:37:39.379388Z", "fetched_at": "2025-07-14T14:39:32.517191+00:00", "symbol": "ADA-USD"}, {"trade_id": 143561374, "side": "buy", "size": "653.79769324", "price": "0.74400000", "time": "2025-07-14T14:37:39.379388Z", "fetched_at": "2025-07-14T14:39:32.517191+00:00", "symbol": "ADA-USD"}, {"trade_id": 143561373, "side": "buy", "size": "72.65856098", "price": "0.74410000", "time": "2025-07-14T14:37:39.379388Z", "fetched_at": "2025-07-14T14:39:32.517191+00:00", "symbol": "ADA-USD"}, {"trade_id": 143561372, "side": "buy", "size": "1.50000000", "price": "0.74420000", "time": "2025-07-14T14:37:39.214126Z", "fetched_at": "2025-07-14T14:39:32.517191+00:00", "symbol": "ADA-USD"}, {"trade_id": 143561371, "side": "buy", "size": "1.50000000", "price": "0.74430000", "time": "2025-07-14T14:37:39.088821Z", "fetched_at": "2025-07-14T14:39:32.517191+00:00", "symbol": "ADA-USD"}, {"trade_id": 143561370, "side": "buy", "size": "1.50000000", "price": "0.74440000", "time": "2025-07-14T14:37:38.914014Z", "fetched_at": "2025-07-14T14:39:32.517191+00:00", "symbol": "ADA-USD"}, {"trade_id": 143561369, "side": "buy", "size": "1.50000000", "price": "0.74450000", "time": "2025-07-14T14:37:38.432800Z", "fetched_at": "2025-07-14T14:39:32.517191+00:00", "symbol": "ADA-USD"}