[{"trade_id": 143593619, "side": "sell", "size": "1.50000000", "price": "0.73540000", "time": "2025-07-14T18:10:47.953549Z", "fetched_at": "2025-07-14T18:10:49.759643+00:00", "symbol": "ADA-USD"}, {"trade_id": 143593618, "side": "sell", "size": "161.02810223", "price": "0.73530000", "time": "2025-07-14T18:10:47.784581Z", "fetched_at": "2025-07-14T18:10:49.759643+00:00", "symbol": "ADA-USD"}, {"trade_id": 143593617, "side": "sell", "size": "27.99309777", "price": "0.73530000", "time": "2025-07-14T18:10:47.781168Z", "fetched_at": "2025-07-14T18:10:49.759643+00:00", "symbol": "ADA-USD"}, {"trade_id": 143593616, "side": "sell", "size": "21.50996223", "price": "0.73530000", "time": "2025-07-14T18:10:47.781168Z", "fetched_at": "2025-07-14T18:10:49.759643+00:00", "symbol": "ADA-USD"}, {"trade_id": 143593615, "side": "sell", "size": "1.50000000", "price": "0.73530000", "time": "2025-07-14T18:10:47.781168Z", "fetched_at": "2025-07-14T18:10:49.759643+00:00", "symbol": "ADA-USD"}, {"trade_id": 143593614, "side": "buy", "size": "111.53129200", "price": "0.73520000", "time": "2025-07-14T18:10:47.758104Z", "fetched_at": "2025-07-14T18:10:49.759643+00:00", "symbol": "ADA-USD"}, {"trade_id": 143593613, "side": "sell", "size": "1.50000000", "price": "0.73520000", "time": "2025-07-14T18:10:43.742848Z", "fetched_at": "2025-07-14T18:10:49.759643+00:00", "symbol": "ADA-USD"}, {"trade_id": 143593612, "side": "sell", "size": "1.50000000", "price": "0.73510000", "time": "2025-07-14T18:10:43.428176Z", "fetched_at": "2025-07-14T18:10:49.759643+00:00", "symbol": "ADA-USD"}, {"trade_id": 143593611, "side": "sell", "size": "1.50000000", "price": "0.73500000", "time": "2025-07-14T18:10:42.370567Z", "fetched_at": "2025-07-14T18:10:49.759643+00:00", "symbol": "ADA-USD"}, {"trade_id": 143593610, "side": "sell", "size": "15.16478525", "price": "0.73490000", "time": "2025-07-14T18:10:41.619416Z", "fetched_at": "2025-07-14T18:10:49.759643+00:00", "symbol": "ADA-USD"}, {"trade_id": 143593609, "side": "sell", "size": "11.78498975", "price": "0.73490000", "time": "2025-07-14T18:10:41.619416Z", "fetched_at": "2025-07-14T18:10:49.759643+00:00", "symbol": "ADA-USD"}, {"trade_id": 143593608, "side": "sell", "size": "20.65700300", "price": "0.73490000", "time": "2025-07-14T18:10:41.194449Z", "fetched_at": "2025-07-14T18:10:49.759643+00:00", "symbol": "ADA-USD"}, {"trade_id": 143593607, "side": "sell", "size": "650.25699840", "price": "0.73480000", "time": "2025-07-14T18:10:40.915395Z", "fetched_at": "2025-07-14T18:10:49.759643+00:00", "symbol": "ADA-USD"}, {"trade_id": 143593606, "side": "buy", "size": "2.01794846", "price": "0.73480000", "time": "2025-07-14T18:10:40.020233Z", "fetched_at": "2025-07-14T18:10:49.759643+00:00", "symbol": "ADA-USD"}, {"trade_id": 143593605, "side": "buy", "size": "5.00063154", "price": "0.73490000", "time": "2025-07-14T18:10:39.343767Z", "fetched_at": "2025-07-14T18:10:49.759643+00:00", "symbol": "ADA-USD"}, {"trade_id": 143593604, "side": "buy", "size": "151.84848740", "price": "0.73480000", "time": "2025-07-14T18:10:37.204647Z", "fetched_at": "2025-07-14T18:10:49.759643+00:00", "symbol": "ADA-USD"}, {"trade_id": 143593603, "side": "buy", "size": "261.88293833", "price": "0.73480000", "time": "2025-07-14T18:10:37.204647Z", "fetched_at": "2025-07-14T18:10:49.759643+00:00", "symbol": "ADA-USD"}, {"trade_id": 143593602, "side": "buy", "size": "50.00000000", "price": "0.73480000", "time": "2025-07-14T18:10:37.204647Z", "fetched_at": "2025-07-14T18:10:49.759643+00:00", "symbol": "ADA-USD"}, {"trade_id": 143593601, "side": "buy", "size": "698.19611049", "price": "0.73480000", "time": "2025-07-14T18:10:37.204647Z", "fetched_at": "2025-07-14T18:10:49.759643+00:00", "symbol": "ADA-USD"}, {"trade_id": 143593600, "side": "buy", "size": "5.22733978", "price": "0.73490000", "time": "2025-07-14T18:10:37.204647Z", "fetched_at": "2025-07-14T18:10:49.759643+00:00", "symbol": "ADA-USD"}, {"trade_id": 143593599, "side": "sell", "size": "258.76393138", "price": "0.73490000", "time": "2025-07-14T18:10:32.207779Z", "fetched_at": "2025-07-14T18:10:49.759643+00:00", "symbol": "ADA-USD"}, {"trade_id": 143593598, "side": "sell", "size": "10.58515462", "price": "0.73490000", "time": "2025-07-14T18:10:32.207779Z", "fetched_at": "2025-07-14T18:10:49.759643+00:00", "symbol": "ADA-USD"}, {"trade_id": 143593597, "side": "sell", "size": "1.50000000", "price": "0.73490000", "time": "2025-07-14T18:10:32.207779Z", "fetched_at": "2025-07-14T18:10:49.759643+00:00", "symbol": "ADA-USD"}, {"trade_id": 143593596, "side": "sell", "size": "64.53939392", "price": "0.73480000", "time": "2025-07-14T18:10:31.861552Z", "fetched_at": "2025-07-14T18:10:49.759643+00:00", "symbol": "ADA-USD"}, {"trade_id": 143593595, "side": "sell", "size": "1.50000000", "price": "0.73480000", "time": "2025-07-14T18:10:31.861552Z", "fetched_at": "2025-07-14T18:10:49.759643+00:00", "symbol": "ADA-USD"}, {"trade_id": 143593594, "side": "sell", "size": "41.72763034", "price": "0.73470000", "time": "2025-07-14T18:10:29.083480Z", "fetched_at": "2025-07-14T18:10:49.759643+00:00", "symbol": "ADA-USD"}, {"trade_id": 143593593, "side": "sell", "size": "1.29358900", "price": "0.73470000", "time": "2025-07-14T18:10:25.418210Z", "fetched_at": "2025-07-14T18:10:49.759643+00:00", "symbol": "ADA-USD"}, {"trade_id": 143593592, "side": "buy", "size": "157.06646167", "price": "0.73460000", "time": "2025-07-14T18:10:21.718648Z", "fetched_at": "2025-07-14T18:10:49.759643+00:00", "symbol": "ADA-USD"}, {"trade_id": 143593591, "side": "buy", "size": "261.88293833", "price": "0.73460000", "time": "2025-07-14T18:10:21.718648Z", "fetched_at": "2025-07-14T18:10:49.759643+00:00", "symbol": "ADA-USD"}, {"trade_id": 143593590, "side": "sell", "size": "57.30890030", "price": "0.73450000", "time": "2025-07-14T18:10:17.792724Z", "fetched_at": "2025-07-14T18:10:49.759643+00:00", "symbol": "ADA-USD"}, {"trade_id": 143593589, "side": "sell", "size": "15.40534570", "price": "0.73450000", "time": "2025-07-14T18:10:17.792724Z", "fetched_at": "2025-07-14T18:10:49.759643+00:00", "symbol": "ADA-USD"}, {"trade_id": 143593588, "side": "sell", "size": "138.06538390", "price": "0.73450000", "time": "2025-07-14T18:10:17.240160Z", "fetched_at": "2025-07-14T18:10:49.759643+00:00", "symbol": "ADA-USD"}, {"trade_id": 143593587, "side": "sell", "size": "827.81248484", "price": "0.73450000", "time": "2025-07-14T18:10:17.240160Z", "fetched_at": "2025-07-14T18:10:49.759643+00:00", "symbol": "ADA-USD"}, {"trade_id": 143593586, "side": "sell", "size": "749.43923661", "price": "0.73450000", "time": "2025-07-14T18:10:17.240160Z", "fetched_at": "2025-07-14T18:10:49.759643+00:00", "symbol": "ADA-USD"}, {"trade_id": 143593585, "side": "sell", "size": "142.01094000", "price": "0.73450000", "time": "2025-07-14T18:10:17.240160Z", "fetched_at": "2025-07-14T18:10:49.759643+00:00", "symbol": "ADA-USD"}, {"trade_id": 143593584, "side": "sell", "size": "701.59817965", "price": "0.73440000", "time": "2025-07-14T18:10:17.240160Z", "fetched_at": "2025-07-14T18:10:49.759643+00:00", "symbol": "ADA-USD"}, {"trade_id": 143593583, "side": "sell", "size": "135.31789000", "price": "0.73440000", "time": "2025-07-14T18:10:17.240160Z", "fetched_at": "2025-07-14T18:10:49.759643+00:00", "symbol": "ADA-USD"}, {"trade_id": 143593582, "side": "sell", "size": "7.40322061", "price": "0.73440000", "time": "2025-07-14T18:10:17.061120Z", "fetched_at": "2025-07-14T18:10:49.759643+00:00", "symbol": "ADA-USD"}, {"trade_id": 143593581, "side": "sell", "size": "47.85898907", "price": "0.73440000", "time": "2025-07-14T18:10:16.172752Z", "fetched_at": "2025-07-14T18:10:49.759643+00:00", "symbol": "ADA-USD"}, {"trade_id": 143593580, "side": "sell", "size": "20.54046093", "price": "0.73440000", "time": "2025-07-14T18:10:16.172752Z", "fetched_at": "2025-07-14T18:10:49.759643+00:00", "symbol": "ADA-USD"}, {"trade_id": 143593579, "side": "buy", "size": "500.00000000", "price": "0.73440000", "time": "2025-07-14T18:10:16.164136Z", "fetched_at": "2025-07-14T18:10:49.759643+00:00", "symbol": "ADA-USD"}, {"trade_id": 143593578, "side": "sell", "size": "12.31791330", "price": "0.73460000", "time": "2025-07-14T18:10:15.110830Z", "fetched_at": "2025-07-14T18:10:49.759643+00:00", "symbol": "ADA-USD"}, {"trade_id": 143593577, "side": "sell", "size": "261.88293833", "price": "0.73460000", "time": "2025-07-14T18:10:15.110830Z", "fetched_at": "2025-07-14T18:10:49.759643+00:00", "symbol": "ADA-USD"}, {"trade_id": 143593576, "side": "sell", "size": "1791.70556000", "price": "0.73460000", "time": "2025-07-14T18:10:15.110830Z", "fetched_at": "2025-07-14T18:10:49.759643+00:00", "symbol": "ADA-USD"}, {"trade_id": 143593575, "side": "sell", "size": "1.50000000", "price": "0.73450000", "time": "2025-07-14T18:10:15.105033Z", "fetched_at": "2025-07-14T18:10:49.759643+00:00", "symbol": "ADA-USD"}, {"trade_id": 143593574, "side": "sell", "size": "5418.50000000", "price": "0.73450000", "time": "2025-07-14T18:10:15.105033Z", "fetched_at": "2025-07-14T18:10:49.759643+00:00", "symbol": "ADA-USD"}, {"trade_id": 143593573, "side": "sell", "size": "765.18444213", "price": "0.73450000", "time": "2025-07-14T18:10:15.105033Z", "fetched_at": "2025-07-14T18:10:49.759643+00:00", "symbol": "ADA-USD"}, {"trade_id": 143593572, "side": "sell", "size": "310.50000000", "price": "0.73450000", "time": "2025-07-14T18:10:15.105033Z", "fetched_at": "2025-07-14T18:10:49.759643+00:00", "symbol": "ADA-USD"}, {"trade_id": 143593571, "side": "sell", "size": "27.38728124", "price": "0.73450000", "time": "2025-07-14T18:10:15.105033Z", "fetched_at": "2025-07-14T18:10:49.759643+00:00", "symbol": "ADA-USD"}, {"trade_id": 143593570, "side": "buy", "size": "1.50000000", "price": "0.73430000", "time": "2025-07-14T18:10:13.945734Z", "fetched_at": "2025-07-14T18:10:49.759643+00:00", "symbol": "ADA-USD"}, {"trade_id": 143593569, "side": "buy", "size": "1.02124183", "price": "0.73430000", "time": "2025-07-14T18:10:13.945734Z", "fetched_at": "2025-07-14T18:10:49.759643+00:00", "symbol": "ADA-USD"}, {"trade_id": 143593568, "side": "sell", "size": "31.88307501", "price": "0.73460000", "time": "2025-07-14T18:10:12.174525Z", "fetched_at": "2025-07-14T18:10:49.759643+00:00", "symbol": "ADA-USD"}, {"trade_id": 143593567, "side": "sell", "size": "36.51637499", "price": "0.73460000", "time": "2025-07-14T18:10:12.174525Z", "fetched_at": "2025-07-14T18:10:49.759643+00:00", "symbol": "ADA-USD"}, {"trade_id": 143593566, "side": "buy", "size": "68.39945000", "price": "0.73460000", "time": "2025-07-14T18:10:10.640903Z", "fetched_at": "2025-07-14T18:10:49.759643+00:00", "symbol": "ADA-USD"}, {"trade_id": 143593565, "side": "sell", "size": "502.64720000", "price": "0.73460000", "time": "2025-07-14T18:10:10.399866Z", "fetched_at": "2025-07-14T18:10:49.759643+00:00", "symbol": "ADA-USD"}, {"trade_id": 143593564, "side": "sell", "size": "931.50000000", "price": "0.73460000", "time": "2025-07-14T18:10:10.395977Z", "fetched_at": "2025-07-14T18:10:49.759643+00:00", "symbol": "ADA-USD"}, {"trade_id": 143593563, "side": "sell", "size": "354.43077966", "price": "0.73460000", "time": "2025-07-14T18:10:10.392595Z", "fetched_at": "2025-07-14T18:10:49.759643+00:00", "symbol": "ADA-USD"}, {"trade_id": 143593562, "side": "sell", "size": "51.00306000", "price": "0.73460000", "time": "2025-07-14T18:10:10.392595Z", "fetched_at": "2025-07-14T18:10:49.759643+00:00", "symbol": "ADA-USD"}, {"trade_id": 143593561, "side": "sell", "size": "526.06616034", "price": "0.73460000", "time": "2025-07-14T18:10:10.392595Z", "fetched_at": "2025-07-14T18:10:49.759643+00:00", "symbol": "ADA-USD"}, {"trade_id": 143593560, "side": "sell", "size": "132.32130000", "price": "0.73460000", "time": "2025-07-14T18:10:10.392276Z", "fetched_at": "2025-07-14T18:10:49.759643+00:00", "symbol": "ADA-USD"}, {"trade_id": 143593559, "side": "sell", "size": "728.85829118", "price": "0.73450000", "time": "2025-07-14T18:10:10.293761Z", "fetched_at": "2025-07-14T18:10:49.759643+00:00", "symbol": "ADA-USD"}, {"trade_id": 143593558, "side": "sell", "size": "0.00010882", "price": "0.73450000", "time": "2025-07-14T18:10:10.293761Z", "fetched_at": "2025-07-14T18:10:49.759643+00:00", "symbol": "ADA-USD"}, {"trade_id": 143593557, "side": "sell", "size": "30.57174000", "price": "0.73450000", "time": "2025-07-14T18:10:10.289217Z", "fetched_at": "2025-07-14T18:10:49.759643+00:00", "symbol": "ADA-USD"}, {"trade_id": 143593556, "side": "sell", "size": "0.00006000", "price": "0.73450000", "time": "2025-07-14T18:10:10.289217Z", "fetched_at": "2025-07-14T18:10:49.759643+00:00", "symbol": "ADA-USD"}, {"trade_id": 143593555, "side": "sell", "size": "51.00300000", "price": "0.73450000", "time": "2025-07-14T18:10:10.275808Z", "fetched_at": "2025-07-14T18:10:49.759643+00:00", "symbol": "ADA-USD"}, {"trade_id": 143593554, "side": "buy", "size": "305.10795000", "price": "0.73440000", "time": "2025-07-14T18:10:10.243636Z", "fetched_at": "2025-07-14T18:10:49.759643+00:00", "symbol": "ADA-USD"}, {"trade_id": 143593553, "side": "sell", "size": "790.08806142", "price": "0.73450000", "time": "2025-07-14T18:10:10.240656Z", "fetched_at": "2025-07-14T18:10:49.759643+00:00", "symbol": "ADA-USD"}, {"trade_id": 143593552, "side": "sell", "size": "130.15796575", "price": "0.73450000", "time": "2025-07-14T18:10:10.240656Z", "fetched_at": "2025-07-14T18:10:49.759643+00:00", "symbol": "ADA-USD"}, {"trade_id": 143593551, "side": "sell", "size": "363.00680000", "price": "0.73450000", "time": "2025-07-14T18:10:10.238660Z", "fetched_at": "2025-07-14T18:10:49.759643+00:00", "symbol": "ADA-USD"}, {"trade_id": 143593550, "side": "sell", "size": "121.25087490", "price": "0.73450000", "time": "2025-07-14T18:10:10.220338Z", "fetched_at": "2025-07-14T18:10:49.759643+00:00", "symbol": "ADA-USD"}, {"trade_id": 143593549, "side": "sell", "size": "40.76246510", "price": "0.73450000", "time": "2025-07-14T18:10:10.220338Z", "fetched_at": "2025-07-14T18:10:49.759643+00:00", "symbol": "ADA-USD"}, {"trade_id": 143593548, "side": "sell", "size": "51.00306000", "price": "0.73450000", "time": "2025-07-14T18:10:10.220338Z", "fetched_at": "2025-07-14T18:10:49.759643+00:00", "symbol": "ADA-USD"}, {"trade_id": 143593547, "side": "buy", "size": "262.19702796", "price": "0.73440000", "time": "2025-07-14T18:10:10.129484Z", "fetched_at": "2025-07-14T18:10:49.759643+00:00", "symbol": "ADA-USD"}, {"trade_id": 143593546, "side": "buy", "size": "1241.20513495", "price": "0.73440000", "time": "2025-07-14T18:10:10.129484Z", "fetched_at": "2025-07-14T18:10:49.759643+00:00", "symbol": "ADA-USD"}, {"trade_id": 143593545, "side": "buy", "size": "9.86366870", "price": "0.73460000", "time": "2025-07-14T18:10:10.129484Z", "fetched_at": "2025-07-14T18:10:49.759643+00:00", "symbol": "ADA-USD"}, {"trade_id": 143593544, "side": "buy", "size": "51.00306000", "price": "0.73460000", "time": "2025-07-14T18:10:10.128629Z", "fetched_at": "2025-07-14T18:10:49.759643+00:00", "symbol": "ADA-USD"}, {"trade_id": 143593543, "side": "buy", "size": "3695.09486505", "price": "0.73440000", "time": "2025-07-14T18:10:10.126513Z", "fetched_at": "2025-07-14T18:10:49.759643+00:00", "symbol": "ADA-USD"}, {"trade_id": 143593542, "side": "buy", "size": "22.66172837", "price": "0.73440000", "time": "2025-07-14T18:10:10.126513Z", "fetched_at": "2025-07-14T18:10:49.759643+00:00", "symbol": "ADA-USD"}, {"trade_id": 143593541, "side": "buy", "size": "239.22120996", "price": "0.73440000", "time": "2025-07-14T18:10:10.125981Z", "fetched_at": "2025-07-14T18:10:49.759643+00:00", "symbol": "ADA-USD"}, {"trade_id": 143593540, "side": "buy", "size": "1791.23242000", "price": "0.73440000", "time": "2025-07-14T18:10:10.125981Z", "fetched_at": "2025-07-14T18:10:49.759643+00:00", "symbol": "ADA-USD"}, {"trade_id": 143593539, "side": "buy", "size": "250.54492536", "price": "0.73440000", "time": "2025-07-14T18:10:10.125981Z", "fetched_at": "2025-07-14T18:10:49.759643+00:00", "symbol": "ADA-USD"}, {"trade_id": 143593538, "side": "buy", "size": "1.50000000", "price": "0.73440000", "time": "2025-07-14T18:10:10.125981Z", "fetched_at": "2025-07-14T18:10:49.759643+00:00", "symbol": "ADA-USD"}, {"trade_id": 143593537, "side": "buy", "size": "78.39924661", "price": "0.73450000", "time": "2025-07-14T18:10:10.125981Z", "fetched_at": "2025-07-14T18:10:49.759643+00:00", "symbol": "ADA-USD"}, {"trade_id": 143593536, "side": "buy", "size": "3328.85734681", "price": "0.73450000", "time": "2025-07-14T18:10:10.115824Z", "fetched_at": "2025-07-14T18:10:49.759643+00:00", "symbol": "ADA-USD"}, {"trade_id": 143593535, "side": "buy", "size": "360.50000000", "price": "0.73450000", "time": "2025-07-14T18:10:10.105134Z", "fetched_at": "2025-07-14T18:10:49.759643+00:00", "symbol": "ADA-USD"}, {"trade_id": 143593534, "side": "buy", "size": "827.91828193", "price": "0.73450000", "time": "2025-07-14T18:10:10.105134Z", "fetched_at": "2025-07-14T18:10:49.759643+00:00", "symbol": "ADA-USD"}, {"trade_id": 143593533, "side": "buy", "size": "1791.97952000", "price": "0.73450000", "time": "2025-07-14T18:10:10.105134Z", "fetched_at": "2025-07-14T18:10:49.759643+00:00", "symbol": "ADA-USD"}, {"trade_id": 143593532, "side": "buy", "size": "1.50000000", "price": "0.73450000", "time": "2025-07-14T18:10:10.105134Z", "fetched_at": "2025-07-14T18:10:49.759643+00:00", "symbol": "ADA-USD"}, {"trade_id": 143593531, "side": "buy", "size": "441.13636646", "price": "0.73460000", "time": "2025-07-14T18:10:10.095382Z", "fetched_at": "2025-07-14T18:10:49.759643+00:00", "symbol": "ADA-USD"}, {"trade_id": 143593530, "side": "buy", "size": "1.50000000", "price": "0.73460000", "time": "2025-07-14T18:10:10.095382Z", "fetched_at": "2025-07-14T18:10:49.759643+00:00", "symbol": "ADA-USD"}, {"trade_id": 143593529, "side": "buy", "size": "1791.97952000", "price": "0.73460000", "time": "2025-07-14T18:10:10.095382Z", "fetched_at": "2025-07-14T18:10:49.759643+00:00", "symbol": "ADA-USD"}, {"trade_id": 143593528, "side": "buy", "size": "1.50000000", "price": "0.73470000", "time": "2025-07-14T18:10:10.095382Z", "fetched_at": "2025-07-14T18:10:49.759643+00:00", "symbol": "ADA-USD"}, {"trade_id": 143593527, "side": "sell", "size": "52.17769506", "price": "0.73480000", "time": "2025-07-14T18:10:10.057183Z", "fetched_at": "2025-07-14T18:10:49.759643+00:00", "symbol": "ADA-USD"}, {"trade_id": 143593526, "side": "sell", "size": "213.01640000", "price": "0.73490000", "time": "2025-07-14T18:10:09.901662Z", "fetched_at": "2025-07-14T18:10:49.759643+00:00", "symbol": "ADA-USD"}, {"trade_id": 143593525, "side": "sell", "size": "202.97684000", "price": "0.73490000", "time": "2025-07-14T18:10:09.901662Z", "fetched_at": "2025-07-14T18:10:49.759643+00:00", "symbol": "ADA-USD"}, {"trade_id": 143593524, "side": "buy", "size": "500.00000000", "price": "0.73490000", "time": "2025-07-14T18:10:09.895007Z", "fetched_at": "2025-07-14T18:10:49.759643+00:00", "symbol": "ADA-USD"}, {"trade_id": 143593523, "side": "buy", "size": "1168.55861696", "price": "0.73490000", "time": "2025-07-14T18:10:09.895007Z", "fetched_at": "2025-07-14T18:10:49.759643+00:00", "symbol": "ADA-USD"}, {"trade_id": 143593522, "side": "sell", "size": "21.51054300", "price": "0.73490000", "time": "2025-07-14T18:10:09.078327Z", "fetched_at": "2025-07-14T18:10:49.759643+00:00", "symbol": "ADA-USD"}, {"trade_id": 143593521, "side": "sell", "size": "1.50000000", "price": "0.73490000", "time": "2025-07-14T18:10:09.078327Z", "fetched_at": "2025-07-14T18:10:49.759643+00:00", "symbol": "ADA-USD"}, {"trade_id": 143593520, "side": "sell", "size": "1301.63878443", "price": "0.73490000", "time": "2025-07-14T18:10:09.078327Z", "fetched_at": "2025-07-14T18:10:49.759643+00:00", "symbol": "ADA-USD"}, {"trade_id": 143593519, "side": "sell", "size": "85.35104341", "price": "0.73490000", "time": "2025-07-14T18:10:09.051886Z", "fetched_at": "2025-07-14T18:10:49.759643+00:00", "symbol": "ADA-USD"}, {"trade_id": 143593518, "side": "sell", "size": "312.88946747", "price": "0.73490000", "time": "2025-07-14T18:10:09.039953Z", "fetched_at": "2025-07-14T18:10:49.759643+00:00", "symbol": "ADA-USD"}, {"trade_id": 143593517, "side": "sell", "size": "68.39945000", "price": "0.73490000", "time": "2025-07-14T18:10:09.038431Z", "fetched_at": "2025-07-14T18:10:49.759643+00:00", "symbol": "ADA-USD"}, {"trade_id": 143593516, "side": "sell", "size": "93.38322472", "price": "0.73490000", "time": "2025-07-14T18:10:09.012787Z", "fetched_at": "2025-07-14T18:10:49.759643+00:00", "symbol": "ADA-USD"}, {"trade_id": 143593515, "side": "sell", "size": "92.75005546", "price": "0.73490000", "time": "2025-07-14T18:10:09.000552Z", "fetched_at": "2025-07-14T18:10:49.759643+00:00", "symbol": "ADA-USD"}, {"trade_id": 143593514, "side": "sell", "size": "494.14989332", "price": "0.73490000", "time": "2025-07-14T18:10:08.995442Z", "fetched_at": "2025-07-14T18:10:49.759643+00:00", "symbol": "ADA-USD"}, {"trade_id": 143593513, "side": "sell", "size": "680.99832304", "price": "0.73490000", "time": "2025-07-14T18:10:08.995133Z", "fetched_at": "2025-07-14T18:10:49.759643+00:00", "symbol": "ADA-USD"}, {"trade_id": 143593512, "side": "sell", "size": "170.96927694", "price": "0.73490000", "time": "2025-07-14T18:10:08.983660Z", "fetched_at": "2025-07-14T18:10:49.759643+00:00", "symbol": "ADA-USD"}, {"trade_id": 143593511, "side": "sell", "size": "1770.26159000", "price": "0.73490000", "time": "2025-07-14T18:10:08.971548Z", "fetched_at": "2025-07-14T18:10:49.759643+00:00", "symbol": "ADA-USD"}, {"trade_id": 143593510, "side": "sell", "size": "319.31028827", "price": "0.73490000", "time": "2025-07-14T18:10:08.967935Z", "fetched_at": "2025-07-14T18:10:49.759643+00:00", "symbol": "ADA-USD"}, {"trade_id": 143593509, "side": "sell", "size": "955.78712006", "price": "0.73490000", "time": "2025-07-14T18:10:08.962855Z", "fetched_at": "2025-07-14T18:10:49.759643+00:00", "symbol": "ADA-USD"}, {"trade_id": 143593508, "side": "sell", "size": "158.92369186", "price": "0.73490000", "time": "2025-07-14T18:10:08.934238Z", "fetched_at": "2025-07-14T18:10:49.759643+00:00", "symbol": "ADA-USD"}, {"trade_id": 143593507, "side": "sell", "size": "83.76783649", "price": "0.73490000", "time": "2025-07-14T18:10:08.911713Z", "fetched_at": "2025-07-14T18:10:49.759643+00:00", "symbol": "ADA-USD"}, {"trade_id": 143593506, "side": "sell", "size": "362.00475397", "price": "0.73490000", "time": "2025-07-14T18:10:08.898067Z", "fetched_at": "2025-07-14T18:10:49.759643+00:00", "symbol": "ADA-USD"}, {"trade_id": 143593505, "side": "sell", "size": "76.99065296", "price": "0.73490000", "time": "2025-07-14T18:10:08.841108Z", "fetched_at": "2025-07-14T18:10:49.759643+00:00", "symbol": "ADA-USD"}, {"trade_id": 143593504, "side": "sell", "size": "81.45606156", "price": "0.73490000", "time": "2025-07-14T18:10:08.829257Z", "fetched_at": "2025-07-14T18:10:49.759643+00:00", "symbol": "ADA-USD"}, {"trade_id": 143593503, "side": "sell", "size": "74.58510204", "price": "0.73490000", "time": "2025-07-14T18:10:08.817293Z", "fetched_at": "2025-07-14T18:10:49.759643+00:00", "symbol": "ADA-USD"}, {"trade_id": 143593502, "side": "sell", "size": "186.18515047", "price": "0.73490000", "time": "2025-07-14T18:10:08.806198Z", "fetched_at": "2025-07-14T18:10:49.759643+00:00", "symbol": "ADA-USD"}, {"trade_id": 143593501, "side": "sell", "size": "209.70128245", "price": "0.73490000", "time": "2025-07-14T18:10:08.778924Z", "fetched_at": "2025-07-14T18:10:49.759643+00:00", "symbol": "ADA-USD"}, {"trade_id": 143593500, "side": "sell", "size": "425.91670245", "price": "0.73490000", "time": "2025-07-14T18:10:08.761474Z", "fetched_at": "2025-07-14T18:10:49.759643+00:00", "symbol": "ADA-USD"}, {"trade_id": 143593499, "side": "sell", "size": "144.97790696", "price": "0.73490000", "time": "2025-07-14T18:10:08.683184Z", "fetched_at": "2025-07-14T18:10:49.759643+00:00", "symbol": "ADA-USD"}, {"trade_id": 143593498, "side": "sell", "size": "128.18130303", "price": "0.73490000", "time": "2025-07-14T18:10:08.663136Z", "fetched_at": "2025-07-14T18:10:49.759643+00:00", "symbol": "ADA-USD"}, {"trade_id": 143593497, "side": "sell", "size": "215.19784685", "price": "0.73490000", "time": "2025-07-14T18:10:08.525851Z", "fetched_at": "2025-07-14T18:10:49.759643+00:00", "symbol": "ADA-USD"}, {"trade_id": 143593496, "side": "sell", "size": "51.00306000", "price": "0.73490000", "time": "2025-07-14T18:10:08.525234Z", "fetched_at": "2025-07-14T18:10:49.759643+00:00", "symbol": "ADA-USD"}, {"trade_id": 143593495, "side": "sell", "size": "51.00306000", "price": "0.73490000", "time": "2025-07-14T18:10:08.521618Z", "fetched_at": "2025-07-14T18:10:49.759643+00:00", "symbol": "ADA-USD"}, {"trade_id": 143593494, "side": "sell", "size": "1700.26818771", "price": "0.73490000", "time": "2025-07-14T18:10:08.519067Z", "fetched_at": "2025-07-14T18:10:49.759643+00:00", "symbol": "ADA-USD"}, {"trade_id": 143593493, "side": "buy", "size": "5.24094700", "price": "0.73480000", "time": "2025-07-14T18:10:08.519031Z", "fetched_at": "2025-07-14T18:10:49.759643+00:00", "symbol": "ADA-USD"}, {"trade_id": 143593492, "side": "sell", "size": "51.00306000", "price": "0.73490000", "time": "2025-07-14T18:10:08.517832Z", "fetched_at": "2025-07-14T18:10:49.759643+00:00", "symbol": "ADA-USD"}, {"trade_id": 143593491, "side": "sell", "size": "18207.25903737", "price": "0.73490000", "time": "2025-07-14T18:10:08.516216Z", "fetched_at": "2025-07-14T18:10:49.759643+00:00", "symbol": "ADA-USD"}, {"trade_id": 143593490, "side": "sell", "size": "385.68128953", "price": "0.73490000", "time": "2025-07-14T18:10:08.515809Z", "fetched_at": "2025-07-14T18:10:49.759643+00:00", "symbol": "ADA-USD"}, {"trade_id": 143593489, "side": "sell", "size": "68.39945000", "price": "0.73490000", "time": "2025-07-14T18:10:08.514399Z", "fetched_at": "2025-07-14T18:10:49.759643+00:00", "symbol": "ADA-USD"}, {"trade_id": 143593488, "side": "sell", "size": "259.51756987", "price": "0.73490000", "time": "2025-07-14T18:10:08.509452Z", "fetched_at": "2025-07-14T18:10:49.759643+00:00", "symbol": "ADA-USD"}, {"trade_id": 143593487, "side": "sell", "size": "325.68299011", "price": "0.73490000", "time": "2025-07-14T18:10:08.394085Z", "fetched_at": "2025-07-14T18:10:49.759643+00:00", "symbol": "ADA-USD"}, {"trade_id": 143593486, "side": "sell", "size": "1901.94383398", "price": "0.73490000", "time": "2025-07-14T18:10:08.389950Z", "fetched_at": "2025-07-14T18:10:49.759643+00:00", "symbol": "ADA-USD"}, {"trade_id": 143593485, "side": "sell", "size": "51.00306000", "price": "0.73490000", "time": "2025-07-14T18:10:08.386059Z", "fetched_at": "2025-07-14T18:10:49.759643+00:00", "symbol": "ADA-USD"}, {"trade_id": 143593484, "side": "sell", "size": "241.74239386", "price": "0.73490000", "time": "2025-07-14T18:10:08.382690Z", "fetched_at": "2025-07-14T18:10:49.759643+00:00", "symbol": "ADA-USD"}, {"trade_id": 143593483, "side": "sell", "size": "4036.62304000", "price": "0.73490000", "time": "2025-07-14T18:10:08.378773Z", "fetched_at": "2025-07-14T18:10:49.759643+00:00", "symbol": "ADA-USD"}, {"trade_id": 143593482, "side": "sell", "size": "51.00306000", "price": "0.73490000", "time": "2025-07-14T18:10:08.374339Z", "fetched_at": "2025-07-14T18:10:49.759643+00:00", "symbol": "ADA-USD"}, {"trade_id": 143593481, "side": "sell", "size": "365.34886117", "price": "0.73490000", "time": "2025-07-14T18:10:08.371266Z", "fetched_at": "2025-07-14T18:10:49.759643+00:00", "symbol": "ADA-USD"}, {"trade_id": 143593480, "side": "sell", "size": "51.00306000", "price": "0.73490000", "time": "2025-07-14T18:10:08.369811Z", "fetched_at": "2025-07-14T18:10:49.759643+00:00", "symbol": "ADA-USD"}, {"trade_id": 143593479, "side": "sell", "size": "607.91101983", "price": "0.73490000", "time": "2025-07-14T18:10:08.367434Z", "fetched_at": "2025-07-14T18:10:49.759643+00:00", "symbol": "ADA-USD"}, {"trade_id": 143593478, "side": "sell", "size": "359.05855558", "price": "0.73490000", "time": "2025-07-14T18:10:08.366457Z", "fetched_at": "2025-07-14T18:10:49.759643+00:00", "symbol": "ADA-USD"}, {"trade_id": 143593477, "side": "sell", "size": "51.00306000", "price": "0.73490000", "time": "2025-07-14T18:10:08.366336Z", "fetched_at": "2025-07-14T18:10:49.759643+00:00", "symbol": "ADA-USD"}, {"trade_id": 143593476, "side": "sell", "size": "241.74239385", "price": "0.73490000", "time": "2025-07-14T18:10:08.363302Z", "fetched_at": "2025-07-14T18:10:49.759643+00:00", "symbol": "ADA-USD"}, {"trade_id": 143593475, "side": "sell", "size": "1456.07188000", "price": "0.73490000", "time": "2025-07-14T18:10:08.285542Z", "fetched_at": "2025-07-14T18:10:49.759643+00:00", "symbol": "ADA-USD"}, {"trade_id": 143593474, "side": "sell", "size": "751.07807012", "price": "0.73490000", "time": "2025-07-14T18:10:08.279509Z", "fetched_at": "2025-07-14T18:10:49.759643+00:00", "symbol": "ADA-USD"}, {"trade_id": 143593473, "side": "sell", "size": "871.61046180", "price": "0.73490000", "time": "2025-07-14T18:10:08.276098Z", "fetched_at": "2025-07-14T18:10:49.759643+00:00", "symbol": "ADA-USD"}, {"trade_id": 143593472, "side": "sell", "size": "544.25526402", "price": "0.73490000", "time": "2025-07-14T18:10:08.275917Z", "fetched_at": "2025-07-14T18:10:49.759643+00:00", "symbol": "ADA-USD"}, {"trade_id": 143593471, "side": "sell", "size": "1907.82109514", "price": "0.73490000", "time": "2025-07-14T18:10:08.275789Z", "fetched_at": "2025-07-14T18:10:49.759643+00:00", "symbol": "ADA-USD"}, {"trade_id": 143593470, "side": "sell", "size": "2879.30869917", "price": "0.73490000", "time": "2025-07-14T18:10:08.272848Z", "fetched_at": "2025-07-14T18:10:49.759643+00:00", "symbol": "ADA-USD"}, {"trade_id": 143593469, "side": "sell", "size": "211.43859000", "price": "0.73490000", "time": "2025-07-14T18:10:08.272838Z", "fetched_at": "2025-07-14T18:10:49.759643+00:00", "symbol": "ADA-USD"}, {"trade_id": 143593468, "side": "sell", "size": "1952.52198592", "price": "0.73490000", "time": "2025-07-14T18:10:08.272827Z", "fetched_at": "2025-07-14T18:10:49.759643+00:00", "symbol": "ADA-USD"}, {"trade_id": 143593467, "side": "sell", "size": "483.48478770", "price": "0.73490000", "time": "2025-07-14T18:10:08.271995Z", "fetched_at": "2025-07-14T18:10:49.759643+00:00", "symbol": "ADA-USD"}, {"trade_id": 143593466, "side": "sell", "size": "695.69415706", "price": "0.73490000", "time": "2025-07-14T18:10:08.271685Z", "fetched_at": "2025-07-14T18:10:49.759643+00:00", "symbol": "ADA-USD"}, {"trade_id": 143593465, "side": "sell", "size": "689.67682952", "price": "0.73490000", "time": "2025-07-14T18:10:08.271416Z", "fetched_at": "2025-07-14T18:10:49.759643+00:00", "symbol": "ADA-USD"}, {"trade_id": 143593464, "side": "sell", "size": "240.11181000", "price": "0.73490000", "time": "2025-07-14T18:10:08.269334Z", "fetched_at": "2025-07-14T18:10:49.759643+00:00", "symbol": "ADA-USD"}, {"trade_id": 143593463, "side": "sell", "size": "583.02577341", "price": "0.73490000", "time": "2025-07-14T18:10:08.268904Z", "fetched_at": "2025-07-14T18:10:49.759643+00:00", "symbol": "ADA-USD"}, {"trade_id": 143593462, "side": "sell", "size": "511.92506934", "price": "0.73490000", "time": "2025-07-14T18:10:08.266828Z", "fetched_at": "2025-07-14T18:10:49.759643+00:00", "symbol": "ADA-USD"}, {"trade_id": 143593461, "side": "sell", "size": "1158.94147641", "price": "0.73490000", "time": "2025-07-14T18:10:08.265951Z", "fetched_at": "2025-07-14T18:10:49.759643+00:00", "symbol": "ADA-USD"}, {"trade_id": 143593460, "side": "sell", "size": "334.95868000", "price": "0.73490000", "time": "2025-07-14T18:10:08.264104Z", "fetched_at": "2025-07-14T18:10:49.759643+00:00", "symbol": "ADA-USD"}, {"trade_id": 143593459, "side": "sell", "size": "51.00306000", "price": "0.73490000", "time": "2025-07-14T18:10:08.264028Z", "fetched_at": "2025-07-14T18:10:49.759643+00:00", "symbol": "ADA-USD"}, {"trade_id": 143593458, "side": "sell", "size": "26463.12064000", "price": "0.73490000", "time": "2025-07-14T18:10:08.260568Z", "fetched_at": "2025-07-14T18:10:49.759643+00:00", "symbol": "ADA-USD"}, {"trade_id": 143593457, "side": "sell", "size": "51.00306000", "price": "0.73490000", "time": "2025-07-14T18:10:08.260527Z", "fetched_at": "2025-07-14T18:10:49.759643+00:00", "symbol": "ADA-USD"}, {"trade_id": 143593456, "side": "sell", "size": "982.86696209", "price": "0.73490000", "time": "2025-07-14T18:10:08.256881Z", "fetched_at": "2025-07-14T18:10:49.759643+00:00", "symbol": "ADA-USD"}, {"trade_id": 143593455, "side": "sell", "size": "51.00306000", "price": "0.73490000", "time": "2025-07-14T18:10:08.254540Z", "fetched_at": "2025-07-14T18:10:49.759643+00:00", "symbol": "ADA-USD"}, {"trade_id": 143593454, "side": "sell", "size": "51.00306000", "price": "0.73490000", "time": "2025-07-14T18:10:08.251345Z", "fetched_at": "2025-07-14T18:10:49.759643+00:00", "symbol": "ADA-USD"}, {"trade_id": 143593453, "side": "sell", "size": "51.00306000", "price": "0.73490000", "time": "2025-07-14T18:10:08.248054Z", "fetched_at": "2025-07-14T18:10:49.759643+00:00", "symbol": "ADA-USD"}, {"trade_id": 143593452, "side": "sell", "size": "51.00306000", "price": "0.73490000", "time": "2025-07-14T18:10:08.241412Z", "fetched_at": "2025-07-14T18:10:49.759643+00:00", "symbol": "ADA-USD"}, {"trade_id": 143593451, "side": "sell", "size": "9378.70193000", "price": "0.73490000", "time": "2025-07-14T18:10:08.238318Z", "fetched_at": "2025-07-14T18:10:49.759643+00:00", "symbol": "ADA-USD"}, {"trade_id": 143593450, "side": "sell", "size": "3828.11896228", "price": "0.73490000", "time": "2025-07-14T18:10:08.238156Z", "fetched_at": "2025-07-14T18:10:49.759643+00:00", "symbol": "ADA-USD"}, {"trade_id": 143593449, "side": "sell", "size": "51.00306000", "price": "0.73490000", "time": "2025-07-14T18:10:08.219398Z", "fetched_at": "2025-07-14T18:10:49.759643+00:00", "symbol": "ADA-USD"}, {"trade_id": 143593448, "side": "sell", "size": "1139.07781626", "price": "0.73490000", "time": "2025-07-14T18:10:08.215553Z", "fetched_at": "2025-07-14T18:10:49.759643+00:00", "symbol": "ADA-USD"}, {"trade_id": 143593447, "side": "sell", "size": "51.00306000", "price": "0.73490000", "time": "2025-07-14T18:10:08.214601Z", "fetched_at": "2025-07-14T18:10:49.759643+00:00", "symbol": "ADA-USD"}, {"trade_id": 143593446, "side": "sell", "size": "1113.48838602", "price": "0.73490000", "time": "2025-07-14T18:10:07.838991Z", "fetched_at": "2025-07-14T18:10:49.759643+00:00", "symbol": "ADA-USD"}, {"trade_id": 143593445, "side": "sell", "size": "3783.53760139", "price": "0.73480000", "time": "2025-07-14T18:10:07.480652Z", "fetched_at": "2025-07-14T18:10:49.759643+00:00", "symbol": "ADA-USD"}, {"trade_id": 143593444, "side": "sell", "size": "598.50000000", "price": "0.73480000", "time": "2025-07-14T18:10:07.478313Z", "fetched_at": "2025-07-14T18:10:49.759643+00:00", "symbol": "ADA-USD"}, {"trade_id": 143593443, "side": "sell", "size": "1.50000000", "price": "0.73480000", "time": "2025-07-14T18:10:07.478313Z", "fetched_at": "2025-07-14T18:10:49.759643+00:00", "symbol": "ADA-USD"}, {"trade_id": 143593442, "side": "sell", "size": "21.51419961", "price": "0.73460000", "time": "2025-07-14T18:10:07.340918Z", "fetched_at": "2025-07-14T18:10:49.759643+00:00", "symbol": "ADA-USD"}, {"trade_id": 143593441, "side": "sell", "size": "33.07637800", "price": "0.73460000", "time": "2025-07-14T18:10:00.291175Z", "fetched_at": "2025-07-14T18:10:49.759643+00:00", "symbol": "ADA-USD"}, {"trade_id": 143593440, "side": "sell", "size": "126.27651447", "price": "0.73470000", "time": "2025-07-14T18:10:00.260099Z", "fetched_at": "2025-07-14T18:10:49.759643+00:00", "symbol": "ADA-USD"}, {"trade_id": 143593439, "side": "sell", "size": "726.70281124", "price": "0.73460000", "time": "2025-07-14T18:10:00.260099Z", "fetched_at": "2025-07-14T18:10:49.759643+00:00", "symbol": "ADA-USD"}, {"trade_id": 143593438, "side": "sell", "size": "135.31789000", "price": "0.73460000", "time": "2025-07-14T18:10:00.260099Z", "fetched_at": "2025-07-14T18:10:49.759643+00:00", "symbol": "ADA-USD"}, {"trade_id": 143593437, "side": "sell", "size": "310.50000000", "price": "0.73460000", "time": "2025-07-14T18:10:00.260099Z", "fetched_at": "2025-07-14T18:10:49.759643+00:00", "symbol": "ADA-USD"}, {"trade_id": 143593436, "side": "sell", "size": "23.99795029", "price": "0.73460000", "time": "2025-07-14T18:10:00.260099Z", "fetched_at": "2025-07-14T18:10:49.759643+00:00", "symbol": "ADA-USD"}, {"trade_id": 143593435, "side": "sell", "size": "1.50000000", "price": "0.73470000", "time": "2025-07-14T18:09:49.379036Z", "fetched_at": "2025-07-14T18:10:49.759643+00:00", "symbol": "ADA-USD"}, {"trade_id": 143593434, "side": "sell", "size": "19.02370785", "price": "0.73460000", "time": "2025-07-14T18:09:49.311799Z", "fetched_at": "2025-07-14T18:10:49.759643+00:00", "symbol": "ADA-USD"}, {"trade_id": 143593433, "side": "sell", "size": "1.50000000", "price": "0.73460000", "time": "2025-07-14T18:09:49.311799Z", "fetched_at": "2025-07-14T18:10:49.759643+00:00", "symbol": "ADA-USD"}, {"trade_id": 143593432, "side": "sell", "size": "21.51240141", "price": "0.73450000", "time": "2025-07-14T18:09:48.815845Z", "fetched_at": "2025-07-14T18:10:49.759643+00:00", "symbol": "ADA-USD"}, {"trade_id": 143593431, "side": "sell", "size": "987.13967163", "price": "0.73450000", "time": "2025-07-14T18:09:44.537419Z", "fetched_at": "2025-07-14T18:10:49.759643+00:00", "symbol": "ADA-USD"}, {"trade_id": 143593430, "side": "sell", "size": "748.54684207", "price": "0.73450000", "time": "2025-07-14T18:09:44.537419Z", "fetched_at": "2025-07-14T18:10:49.759643+00:00", "symbol": "ADA-USD"}, {"trade_id": 143593429, "side": "sell", "size": "490.73777083", "price": "0.73450000", "time": "2025-07-14T18:09:44.537419Z", "fetched_at": "2025-07-14T18:10:49.759643+00:00", "symbol": "ADA-USD"}, {"trade_id": 143593428, "side": "sell", "size": "827.81248484", "price": "0.73450000", "time": "2025-07-14T18:09:44.537419Z", "fetched_at": "2025-07-14T18:10:49.759643+00:00", "symbol": "ADA-USD"}, {"trade_id": 143593427, "side": "sell", "size": "310.50000000", "price": "0.73450000", "time": "2025-07-14T18:09:44.537419Z", "fetched_at": "2025-07-14T18:10:49.759643+00:00", "symbol": "ADA-USD"}, {"trade_id": 143593426, "side": "sell", "size": "37.90263063", "price": "0.73440000", "time": "2025-07-14T18:09:44.537419Z", "fetched_at": "2025-07-14T18:10:49.759643+00:00", "symbol": "ADA-USD"}, {"trade_id": 143593425, "side": "sell", "size": "1.50000000", "price": "0.73440000", "time": "2025-07-14T18:09:44.537419Z", "fetched_at": "2025-07-14T18:10:49.759643+00:00", "symbol": "ADA-USD"}, {"trade_id": 143593424, "side": "sell", "size": "134.80392200", "price": "0.73440000", "time": "2025-07-14T18:09:42.149547Z", "fetched_at": "2025-07-14T18:10:49.759643+00:00", "symbol": "ADA-USD"}, {"trade_id": 143593423, "side": "sell", "size": "12.32555277", "price": "0.73420000", "time": "2025-07-14T18:09:41.446957Z", "fetched_at": "2025-07-14T18:10:49.759643+00:00", "symbol": "ADA-USD"}, {"trade_id": 143593422, "side": "sell", "size": "1.50000000", "price": "0.73420000", "time": "2025-07-14T18:09:41.446957Z", "fetched_at": "2025-07-14T18:10:49.759643+00:00", "symbol": "ADA-USD"}, {"trade_id": 143593421, "side": "sell", "size": "5.11744010", "price": "0.73420000", "time": "2025-07-14T18:09:41.446957Z", "fetched_at": "2025-07-14T18:10:49.759643+00:00", "symbol": "ADA-USD"}, {"trade_id": 143593420, "side": "sell", "size": "2616.95785334", "price": "0.73410000", "time": "2025-07-14T18:09:41.438392Z", "fetched_at": "2025-07-14T18:10:49.759643+00:00", "symbol": "ADA-USD"}, {"trade_id": 143593419, "side": "sell", "size": "785.92992005", "price": "0.73410000", "time": "2025-07-14T18:09:41.438392Z", "fetched_at": "2025-07-14T18:10:49.759643+00:00", "symbol": "ADA-USD"}, {"trade_id": 143593418, "side": "sell", "size": "827.81248484", "price": "0.73410000", "time": "2025-07-14T18:09:41.438392Z", "fetched_at": "2025-07-14T18:10:49.759643+00:00", "symbol": "ADA-USD"}, {"trade_id": 143593417, "side": "sell", "size": "46.95457690", "price": "0.73410000", "time": "2025-07-14T18:09:41.438392Z", "fetched_at": "2025-07-14T18:10:49.759643+00:00", "symbol": "ADA-USD"}, {"trade_id": 143593416, "side": "sell", "size": "142.39315597", "price": "0.73400000", "time": "2025-07-14T18:09:41.438392Z", "fetched_at": "2025-07-14T18:10:49.759643+00:00", "symbol": "ADA-USD"}, {"trade_id": 143593415, "side": "sell", "size": "0.00002302", "price": "0.73410000", "time": "2025-07-14T18:09:37.587566Z", "fetched_at": "2025-07-14T18:10:49.759643+00:00", "symbol": "ADA-USD"}, {"trade_id": 143593414, "side": "sell", "size": "0.08197347", "price": "0.73440000", "time": "2025-07-14T18:09:37.274202Z", "fetched_at": "2025-07-14T18:10:49.759643+00:00", "symbol": "ADA-USD"}, {"trade_id": 143593413, "side": "sell", "size": "4248.41598325", "price": "0.73440000", "time": "2025-07-14T18:09:37.023647Z", "fetched_at": "2025-07-14T18:10:49.759643+00:00", "symbol": "ADA-USD"}, {"trade_id": 143593412, "side": "sell", "size": "684.45384075", "price": "0.73430000", "time": "2025-07-14T18:09:37.023647Z", "fetched_at": "2025-07-14T18:10:49.759643+00:00", "symbol": "ADA-USD"}, {"trade_id": 143593411, "side": "sell", "size": "310.50000000", "price": "0.73430000", "time": "2025-07-14T18:09:37.023647Z", "fetched_at": "2025-07-14T18:10:49.759643+00:00", "symbol": "ADA-USD"}, {"trade_id": 143593410, "side": "sell", "size": "50.00000000", "price": "0.73430000", "time": "2025-07-14T18:09:37.023647Z", "fetched_at": "2025-07-14T18:10:49.759643+00:00", "symbol": "ADA-USD"}, {"trade_id": 143593409, "side": "sell", "size": "135.31789000", "price": "0.73430000", "time": "2025-07-14T18:09:37.023647Z", "fetched_at": "2025-07-14T18:10:49.759643+00:00", "symbol": "ADA-USD"}, {"trade_id": 143593408, "side": "sell", "size": "310.50000000", "price": "0.73430000", "time": "2025-07-14T18:09:36.676924Z", "fetched_at": "2025-07-14T18:10:49.759643+00:00", "symbol": "ADA-USD"}, {"trade_id": 143593407, "side": "sell", "size": "202.97684000", "price": "0.73420000", "time": "2025-07-14T18:09:36.637654Z", "fetched_at": "2025-07-14T18:10:49.759643+00:00", "symbol": "ADA-USD"}, {"trade_id": 143593406, "side": "buy", "size": "441.13636646", "price": "0.73400000", "time": "2025-07-14T18:09:36.631991Z", "fetched_at": "2025-07-14T18:10:49.759643+00:00", "symbol": "ADA-USD"}, {"trade_id": 143593405, "side": "buy", "size": "3878.64793000", "price": "0.73400000", "time": "2025-07-14T18:09:36.631991Z", "fetched_at": "2025-07-14T18:10:49.759643+00:00", "symbol": "ADA-USD"}, {"trade_id": 143593404, "side": "buy", "size": "1.50000000", "price": "0.73400000", "time": "2025-07-14T18:09:36.631991Z", "fetched_at": "2025-07-14T18:10:49.759643+00:00", "symbol": "ADA-USD"}, {"trade_id": 143593403, "side": "buy", "size": "310.50000000", "price": "0.73400000", "time": "2025-07-14T18:09:36.631991Z", "fetched_at": "2025-07-14T18:10:49.759643+00:00", "symbol": "ADA-USD"}, {"trade_id": 143593402, "side": "buy", "size": "261.88293833", "price": "0.73400000", "time": "2025-07-14T18:09:36.631991Z", "fetched_at": "2025-07-14T18:10:49.759643+00:00", "symbol": "ADA-USD"}, {"trade_id": 143593401, "side": "buy", "size": "4957.20000000", "price": "0.73410000", "time": "2025-07-14T18:09:36.631807Z", "fetched_at": "2025-07-14T18:10:49.759643+00:00", "symbol": "ADA-USD"}, {"trade_id": 143593400, "side": "buy", "size": "1.50000000", "price": "0.73410000", "time": "2025-07-14T18:09:36.631807Z", "fetched_at": "2025-07-14T18:10:49.759643+00:00", "symbol": "ADA-USD"}, {"trade_id": 143593399, "side": "buy", "size": "310.50000000", "price": "0.73410000", "time": "2025-07-14T18:09:36.631807Z", "fetched_at": "2025-07-14T18:10:49.759643+00:00", "symbol": "ADA-USD"}, {"trade_id": 143593398, "side": "buy", "size": "92.54080634", "price": "0.73410000", "time": "2025-07-14T18:09:36.631807Z", "fetched_at": "2025-07-14T18:10:49.759643+00:00", "symbol": "ADA-USD"}, {"trade_id": 143593397, "side": "buy", "size": "68.39945000", "price": "0.73410000", "time": "2025-07-14T18:09:36.630360Z", "fetched_at": "2025-07-14T18:10:49.759643+00:00", "symbol": "ADA-USD"}, {"trade_id": 143593396, "side": "buy", "size": "810.75221745", "price": "0.73420000", "time": "2025-07-14T18:09:36.630307Z", "fetched_at": "2025-07-14T18:10:49.759643+00:00", "symbol": "ADA-USD"}, {"trade_id": 143593395, "side": "buy", "size": "441.13636646", "price": "0.73420000", "time": "2025-07-14T18:09:36.630307Z", "fetched_at": "2025-07-14T18:10:49.759643+00:00", "symbol": "ADA-USD"}, {"trade_id": 143593394, "side": "buy", "size": "261.88293833", "price": "0.73420000", "time": "2025-07-14T18:09:36.630307Z", "fetched_at": "2025-07-14T18:10:49.759643+00:00", "symbol": "ADA-USD"}, {"trade_id": 143593393, "side": "buy", "size": "310.50000000", "price": "0.73420000", "time": "2025-07-14T18:09:36.630307Z", "fetched_at": "2025-07-14T18:10:49.759643+00:00", "symbol": "ADA-USD"}, {"trade_id": 143593392, "side": "buy", "size": "1.50000000", "price": "0.73420000", "time": "2025-07-14T18:09:36.630307Z", "fetched_at": "2025-07-14T18:10:49.759643+00:00", "symbol": "ADA-USD"}, {"trade_id": 143593391, "side": "buy", "size": "548.76442334", "price": "0.73430000", "time": "2025-07-14T18:09:36.630065Z", "fetched_at": "2025-07-14T18:10:49.759643+00:00", "symbol": "ADA-USD"}, {"trade_id": 143593390, "side": "buy", "size": "68.39945000", "price": "0.73430000", "time": "2025-07-14T18:09:36.630055Z", "fetched_at": "2025-07-14T18:10:49.759643+00:00", "symbol": "ADA-USD"}, {"trade_id": 143593389, "side": "buy", "size": "66.89945000", "price": "0.73430000", "time": "2025-07-14T18:09:36.629873Z", "fetched_at": "2025-07-14T18:10:49.759643+00:00", "symbol": "ADA-USD"}, {"trade_id": 143593388, "side": "buy", "size": "1.50000000", "price": "0.73430000", "time": "2025-07-14T18:09:36.629873Z", "fetched_at": "2025-07-14T18:10:49.759643+00:00", "symbol": "ADA-USD"}, {"trade_id": 143593387, "side": "buy", "size": "814.80000000", "price": "0.73440000", "time": "2025-07-14T18:09:36.629742Z", "fetched_at": "2025-07-14T18:10:49.759643+00:00", "symbol": "ADA-USD"}, {"trade_id": 143593386, "side": "buy", "size": "680.80675079", "price": "0.73440000", "time": "2025-07-14T18:09:36.629742Z", "fetched_at": "2025-07-14T18:10:49.759643+00:00", "symbol": "ADA-USD"}, {"trade_id": 143593385, "side": "buy", "size": "500.00000000", "price": "0.73440000", "time": "2025-07-14T18:09:36.629742Z", "fetched_at": "2025-07-14T18:10:49.759643+00:00", "symbol": "ADA-USD"}, {"trade_id": 143593384, "side": "buy", "size": "1.50000000", "price": "0.73440000", "time": "2025-07-14T18:09:36.629742Z", "fetched_at": "2025-07-14T18:10:49.759643+00:00", "symbol": "ADA-USD"}, {"trade_id": 143593383, "side": "buy", "size": "1.50000000", "price": "0.73450000", "time": "2025-07-14T18:09:32.885304Z", "fetched_at": "2025-07-14T18:10:49.759643+00:00", "symbol": "ADA-USD"}, {"trade_id": 143593382, "side": "sell", "size": "34.68388575", "price": "0.73460000", "time": "2025-07-14T18:09:30.584257Z", "fetched_at": "2025-07-14T18:10:49.759643+00:00", "symbol": "ADA-USD"}, {"trade_id": 143593381, "side": "sell", "size": "51.00306000", "price": "0.73460000", "time": "2025-07-14T18:09:29.837902Z", "fetched_at": "2025-07-14T18:10:49.759643+00:00", "symbol": "ADA-USD"}, {"trade_id": 143593380, "side": "buy", "size": "1.02068590", "price": "0.73460000", "time": "2025-07-14T18:09:29.829611Z", "fetched_at": "2025-07-14T18:10:49.759643+00:00", "symbol": "ADA-USD"}, {"trade_id": 143593379, "side": "sell", "size": "50.00000000", "price": "0.73470000", "time": "2025-07-14T18:09:29.586607Z", "fetched_at": "2025-07-14T18:10:49.759643+00:00", "symbol": "ADA-USD"}, {"trade_id": 143593378, "side": "sell", "size": "202.97684000", "price": "0.73460000", "time": "2025-07-14T18:09:29.459896Z", "fetched_at": "2025-07-14T18:10:49.759643+00:00", "symbol": "ADA-USD"}, {"trade_id": 143593377, "side": "sell", "size": "562.86855168", "price": "0.73460000", "time": "2025-07-14T18:09:29.448002Z", "fetched_at": "2025-07-14T18:10:49.759643+00:00", "symbol": "ADA-USD"}, {"trade_id": 143593376, "side": "sell", "size": "135.31789000", "price": "0.73460000", "time": "2025-07-14T18:09:29.448002Z", "fetched_at": "2025-07-14T18:10:49.759643+00:00", "symbol": "ADA-USD"}, {"trade_id": 143593375, "side": "sell", "size": "51.00306000", "price": "0.73460000", "time": "2025-07-14T18:09:29.313757Z", "fetched_at": "2025-07-14T18:10:49.759643+00:00", "symbol": "ADA-USD"}, {"trade_id": 143593374, "side": "sell", "size": "202.97684000", "price": "0.73460000", "time": "2025-07-14T18:09:29.288229Z", "fetched_at": "2025-07-14T18:10:49.759643+00:00", "symbol": "ADA-USD"}, {"trade_id": 143593373, "side": "buy", "size": "575.14676224", "price": "0.73470000", "time": "2025-07-14T18:09:29.273345Z", "fetched_at": "2025-07-14T18:10:49.759643+00:00", "symbol": "ADA-USD"}, {"trade_id": 143593372, "side": "sell", "size": "51.35786033", "price": "0.73470000", "time": "2025-07-14T18:09:29.162786Z", "fetched_at": "2025-07-14T18:10:49.759643+00:00", "symbol": "ADA-USD"}, {"trade_id": 143593371, "side": "buy", "size": "1.50000000", "price": "0.73460000", "time": "2025-07-14T18:09:28.700713Z", "fetched_at": "2025-07-14T18:10:49.759643+00:00", "symbol": "ADA-USD"}, {"trade_id": 143593370, "side": "buy", "size": "0.00000287", "price": "0.73470000", "time": "2025-07-14T18:09:27.830132Z", "fetched_at": "2025-07-14T18:10:49.759643+00:00", "symbol": "ADA-USD"}, {"trade_id": 143593369, "side": "buy", "size": "456.07188000", "price": "0.73470000", "time": "2025-07-14T18:09:27.827724Z", "fetched_at": "2025-07-14T18:10:49.759643+00:00", "symbol": "ADA-USD"}, {"trade_id": 143593368, "side": "buy", "size": "43.92811713", "price": "0.73470000", "time": "2025-07-14T18:09:27.825145Z", "fetched_at": "2025-07-14T18:10:49.759643+00:00", "symbol": "ADA-USD"}, {"trade_id": 143593367, "side": "buy", "size": "678.54729287", "price": "0.73470000", "time": "2025-07-14T18:09:27.825145Z", "fetched_at": "2025-07-14T18:10:49.759643+00:00", "symbol": "ADA-USD"}, {"trade_id": 143593366, "side": "buy", "size": "5573.49649634", "price": "0.73470000", "time": "2025-07-14T18:09:27.820114Z", "fetched_at": "2025-07-14T18:10:49.759643+00:00", "symbol": "ADA-USD"}, {"trade_id": 143593365, "side": "sell", "size": "5.29419000", "price": "0.73480000", "time": "2025-07-14T18:09:27.323572Z", "fetched_at": "2025-07-14T18:10:49.759643+00:00", "symbol": "ADA-USD"}, {"trade_id": 143593364, "side": "sell", "size": "202.97684000", "price": "0.73480000", "time": "2025-07-14T18:09:22.725569Z", "fetched_at": "2025-07-14T18:10:49.759643+00:00", "symbol": "ADA-USD"}, {"trade_id": 143593363, "side": "buy", "size": "500.00000000", "price": "0.73480000", "time": "2025-07-14T18:09:22.720879Z", "fetched_at": "2025-07-14T18:10:49.759643+00:00", "symbol": "ADA-USD"}, {"trade_id": 143593362, "side": "buy", "size": "49.85852994", "price": "0.73480000", "time": "2025-07-14T18:09:22.720879Z", "fetched_at": "2025-07-14T18:10:49.759643+00:00", "symbol": "ADA-USD"}, {"trade_id": 143593361, "side": "sell", "size": "2310.96217172", "price": "0.73490000", "time": "2025-07-14T18:09:20.809916Z", "fetched_at": "2025-07-14T18:10:49.759643+00:00", "symbol": "ADA-USD"}, {"trade_id": 143593360, "side": "sell", "size": "1029.46321059", "price": "0.73490000", "time": "2025-07-14T18:09:20.014520Z", "fetched_at": "2025-07-14T18:10:49.759643+00:00", "symbol": "ADA-USD"}, {"trade_id": 143593359, "side": "sell", "size": "1037.57753736", "price": "0.73490000", "time": "2025-07-14T18:09:19.816447Z", "fetched_at": "2025-07-14T18:10:49.759643+00:00", "symbol": "ADA-USD"}, {"trade_id": 143593358, "side": "sell", "size": "1074.31291592", "price": "0.73490000", "time": "2025-07-14T18:09:19.750403Z", "fetched_at": "2025-07-14T18:10:49.759643+00:00", "symbol": "ADA-USD"}, {"trade_id": 143593357, "side": "buy", "size": "0.00001416", "price": "0.73480000", "time": "2025-07-14T18:09:19.198289Z", "fetched_at": "2025-07-14T18:10:49.759643+00:00", "symbol": "ADA-USD"}, {"trade_id": 143593356, "side": "buy", "size": "0.00007008", "price": "0.73480000", "time": "2025-07-14T18:09:19.198061Z", "fetched_at": "2025-07-14T18:10:49.759643+00:00", "symbol": "ADA-USD"}, {"trade_id": 143593355, "side": "buy", "size": "500.00000000", "price": "0.73480000", "time": "2025-07-14T18:09:19.198061Z", "fetched_at": "2025-07-14T18:10:49.759643+00:00", "symbol": "ADA-USD"}, {"trade_id": 143593354, "side": "buy", "size": "66.47803992", "price": "0.73480000", "time": "2025-07-14T18:09:19.198061Z", "fetched_at": "2025-07-14T18:10:49.759643+00:00", "symbol": "ADA-USD"}, {"trade_id": 143593353, "side": "sell", "size": "1222.00313626", "price": "0.73490000", "time": "2025-07-14T18:09:18.947400Z", "fetched_at": "2025-07-14T18:10:49.759643+00:00", "symbol": "ADA-USD"}, {"trade_id": 143593352, "side": "sell", "size": "1133.38631709", "price": "0.73490000", "time": "2025-07-14T18:09:18.760739Z", "fetched_at": "2025-07-14T18:10:49.759643+00:00", "symbol": "ADA-USD"}, {"trade_id": 143593351, "side": "sell", "size": "1319.92023102", "price": "0.73490000", "time": "2025-07-14T18:09:18.554623Z", "fetched_at": "2025-07-14T18:10:49.759643+00:00", "symbol": "ADA-USD"}, {"trade_id": 143593350, "side": "sell", "size": "2242.92232230", "price": "0.73490000", "time": "2025-07-14T18:09:18.280574Z", "fetched_at": "2025-07-14T18:10:49.759643+00:00", "symbol": "ADA-USD"}, {"trade_id": 143593349, "side": "sell", "size": "0.05373800", "price": "0.73490000", "time": "2025-07-14T18:09:17.258499Z", "fetched_at": "2025-07-14T18:10:49.759643+00:00", "symbol": "ADA-USD"}, {"trade_id": 143593348, "side": "sell", "size": "644.50800841", "price": "0.73480000", "time": "2025-07-14T18:09:15.601197Z", "fetched_at": "2025-07-14T18:10:49.759643+00:00", "symbol": "ADA-USD"}, {"trade_id": 143593347, "side": "sell", "size": "13.46755500", "price": "0.73480000", "time": "2025-07-14T18:09:15.196613Z", "fetched_at": "2025-07-14T18:10:49.759643+00:00", "symbol": "ADA-USD"}, {"trade_id": 143593346, "side": "sell", "size": "202.97684000", "price": "0.73480000", "time": "2025-07-14T18:09:15.130946Z", "fetched_at": "2025-07-14T18:10:49.759643+00:00", "symbol": "ADA-USD"}, {"trade_id": 143593345, "side": "buy", "size": "3679.60943748", "price": "0.73470000", "time": "2025-07-14T18:09:15.125716Z", "fetched_at": "2025-07-14T18:10:49.759643+00:00", "symbol": "ADA-USD"}, {"trade_id": 143593344, "side": "buy", "size": "669.43379811", "price": "0.73470000", "time": "2025-07-14T18:09:15.125716Z", "fetched_at": "2025-07-14T18:10:49.759643+00:00", "symbol": "ADA-USD"}, {"trade_id": 143593343, "side": "buy", "size": "1.50000000", "price": "0.73470000", "time": "2025-07-14T18:09:15.125716Z", "fetched_at": "2025-07-14T18:10:49.759643+00:00", "symbol": "ADA-USD"}, {"trade_id": 143593342, "side": "buy", "size": "500.00000000", "price": "0.73480000", "time": "2025-07-14T18:09:15.124842Z", "fetched_at": "2025-07-14T18:10:49.759643+00:00", "symbol": "ADA-USD"}, {"trade_id": 143593341, "side": "buy", "size": "1.50000000", "price": "0.73480000", "time": "2025-07-14T18:09:15.124842Z", "fetched_at": "2025-07-14T18:10:49.759643+00:00", "symbol": "ADA-USD"}, {"trade_id": 143593340, "side": "sell", "size": "1470.05888082", "price": "0.73490000", "time": "2025-07-14T18:09:12.755831Z", "fetched_at": "2025-07-14T18:10:49.759643+00:00", "symbol": "ADA-USD"}, {"trade_id": 143593339, "side": "sell", "size": "31.30297608", "price": "0.73490000", "time": "2025-07-14T18:09:12.455596Z", "fetched_at": "2025-07-14T18:10:49.759643+00:00", "symbol": "ADA-USD"}, {"trade_id": 143593338, "side": "sell", "size": "2.75719400", "price": "0.73490000", "time": "2025-07-14T18:09:12.116297Z", "fetched_at": "2025-07-14T18:10:49.759643+00:00", "symbol": "ADA-USD"}, {"trade_id": 143593337, "side": "sell", "size": "66.08977100", "price": "0.73490000", "time": "2025-07-14T18:09:11.445896Z", "fetched_at": "2025-07-14T18:10:49.759643+00:00", "symbol": "ADA-USD"}, {"trade_id": 143593336, "side": "sell", "size": "43.01980401", "price": "0.73490000", "time": "2025-07-14T18:09:10.808750Z", "fetched_at": "2025-07-14T18:10:49.759643+00:00", "symbol": "ADA-USD"}, {"trade_id": 143593335, "side": "sell", "size": "784.00933290", "price": "0.73500000", "time": "2025-07-14T18:09:08.416500Z", "fetched_at": "2025-07-14T18:10:49.759643+00:00", "symbol": "ADA-USD"}, {"trade_id": 143593334, "side": "sell", "size": "776.56236201", "price": "0.73500000", "time": "2025-07-14T18:09:08.416500Z", "fetched_at": "2025-07-14T18:10:49.759643+00:00", "symbol": "ADA-USD"}, {"trade_id": 143593333, "side": "sell", "size": "827.81248484", "price": "0.73500000", "time": "2025-07-14T18:09:08.416500Z", "fetched_at": "2025-07-14T18:10:49.759643+00:00", "symbol": "ADA-USD"}, {"trade_id": 143593332, "side": "sell", "size": "113.45573472", "price": "0.73500000", "time": "2025-07-14T18:09:08.416500Z", "fetched_at": "2025-07-14T18:10:49.759643+00:00", "symbol": "ADA-USD"}, {"trade_id": 143593331, "side": "sell", "size": "2823.18353440", "price": "0.73500000", "time": "2025-07-14T18:09:08.416500Z", "fetched_at": "2025-07-14T18:10:49.759643+00:00", "symbol": "ADA-USD"}, {"trade_id": 143593330, "side": "sell", "size": "2106.61646560", "price": "0.73500000", "time": "2025-07-14T18:09:08.415651Z", "fetched_at": "2025-07-14T18:10:49.759643+00:00", "symbol": "ADA-USD"}, {"trade_id": 143593329, "side": "sell", "size": "350.20408200", "price": "0.73500000", "time": "2025-07-14T18:09:07.532152Z", "fetched_at": "2025-07-14T18:10:49.759643+00:00", "symbol": "ADA-USD"}, {"trade_id": 143593328, "side": "sell", "size": "2.48285400", "price": "0.73490000", "time": "2025-07-14T18:09:06.357469Z", "fetched_at": "2025-07-14T18:10:49.759643+00:00", "symbol": "ADA-USD"}, {"trade_id": 143593327, "side": "buy", "size": "1.50000000", "price": "0.73490000", "time": "2025-07-14T18:09:06.025536Z", "fetched_at": "2025-07-14T18:10:49.759643+00:00", "symbol": "ADA-USD"}, {"trade_id": 143593326, "side": "buy", "size": "91.54859000", "price": "0.73500000", "time": "2025-07-14T18:09:05.486753Z", "fetched_at": "2025-07-14T18:10:49.759643+00:00", "symbol": "ADA-USD"}, {"trade_id": 143593325, "side": "sell", "size": "21.51003967", "price": "0.73500000", "time": "2025-07-14T18:09:02.940749Z", "fetched_at": "2025-07-14T18:10:49.759643+00:00", "symbol": "ADA-USD"}, {"trade_id": 143593324, "side": "sell", "size": "1848.42944286", "price": "0.73500000", "time": "2025-07-14T18:09:02.940749Z", "fetched_at": "2025-07-14T18:10:49.759643+00:00", "symbol": "ADA-USD"}, {"trade_id": 143593323, "side": "sell", "size": "3074.37055714", "price": "0.73500000", "time": "2025-07-14T18:09:02.925215Z", "fetched_at": "2025-07-14T18:10:49.759643+00:00", "symbol": "ADA-USD"}, {"trade_id": 143593322, "side": "sell", "size": "6.66503181", "price": "0.73500000", "time": "2025-07-14T18:09:02.925215Z", "fetched_at": "2025-07-14T18:10:49.759643+00:00", "symbol": "ADA-USD"}, {"trade_id": 143593321, "side": "buy", "size": "500.00000000", "price": "0.73490000", "time": "2025-07-14T18:09:01.328556Z", "fetched_at": "2025-07-14T18:10:49.759643+00:00", "symbol": "ADA-USD"}, {"trade_id": 143593320, "side": "sell", "size": "66.02206600", "price": "0.73500000", "time": "2025-07-14T18:09:00.359148Z", "fetched_at": "2025-07-14T18:10:49.759643+00:00", "symbol": "ADA-USD"}, {"trade_id": 143593319, "side": "buy", "size": "435.23585130", "price": "0.73490000", "time": "2025-07-14T18:08:58.084783Z", "fetched_at": "2025-07-14T18:10:49.759643+00:00", "symbol": "ADA-USD"}, {"trade_id": 143593318, "side": "buy", "size": "64.76414870", "price": "0.73490000", "time": "2025-07-14T18:08:58.083819Z", "fetched_at": "2025-07-14T18:10:49.759643+00:00", "symbol": "ADA-USD"}, {"trade_id": 143593317, "side": "buy", "size": "1.50000000", "price": "0.73490000", "time": "2025-07-14T18:08:58.083819Z", "fetched_at": "2025-07-14T18:10:49.759643+00:00", "symbol": "ADA-USD"}, {"trade_id": 143593316, "side": "buy", "size": "0.63530130", "price": "0.73490000", "time": "2025-07-14T18:08:58.083819Z", "fetched_at": "2025-07-14T18:10:49.759643+00:00", "symbol": "ADA-USD"}, {"trade_id": 143593315, "side": "buy", "size": "1.50000000", "price": "0.73500000", "time": "2025-07-14T18:08:58.083819Z", "fetched_at": "2025-07-14T18:10:49.759643+00:00", "symbol": "ADA-USD"}, {"trade_id": 143593314, "side": "sell", "size": "300.00000000", "price": "0.73510000", "time": "2025-07-14T18:08:56.700904Z", "fetched_at": "2025-07-14T18:10:49.759643+00:00", "symbol": "ADA-USD"}, {"trade_id": 143593313, "side": "sell", "size": "27.53374533", "price": "0.73510000", "time": "2025-07-14T18:08:56.176056Z", "fetched_at": "2025-07-14T18:10:49.759643+00:00", "symbol": "ADA-USD"}, {"trade_id": 143593312, "side": "buy", "size": "708.32096358", "price": "0.73510000", "time": "2025-07-14T18:08:56.170980Z", "fetched_at": "2025-07-14T18:10:49.759643+00:00", "symbol": "ADA-USD"}, {"trade_id": 143593311, "side": "buy", "size": "612.13278581", "price": "0.73510000", "time": "2025-07-14T18:08:56.170980Z", "fetched_at": "2025-07-14T18:10:49.759643+00:00", "symbol": "ADA-USD"}, {"trade_id": 143593310, "side": "buy", "size": "1.50000000", "price": "0.73510000", "time": "2025-07-14T18:08:56.170980Z", "fetched_at": "2025-07-14T18:10:49.759643+00:00", "symbol": "ADA-USD"}, {"trade_id": 143593309, "side": "buy", "size": "1.50000000", "price": "0.73520000", "time": "2025-07-14T18:08:56.170980Z", "fetched_at": "2025-07-14T18:10:49.759643+00:00", "symbol": "ADA-USD"}, {"trade_id": 143593308, "side": "sell", "size": "88.69172800", "price": "0.73530000", "time": "2025-07-14T18:08:52.430114Z", "fetched_at": "2025-07-14T18:10:49.759643+00:00", "symbol": "ADA-USD"}, {"trade_id": 143593307, "side": "sell", "size": "2.25403600", "price": "0.73530000", "time": "2025-07-14T18:08:52.160201Z", "fetched_at": "2025-07-14T18:10:49.759643+00:00", "symbol": "ADA-USD"}, {"trade_id": 143593306, "side": "buy", "size": "1.50000000", "price": "0.73530000", "time": "2025-07-14T18:08:51.198880Z", "fetched_at": "2025-07-14T18:10:49.759643+00:00", "symbol": "ADA-USD"}, {"trade_id": 143593305, "side": "sell", "size": "65.70065200", "price": "0.73560000", "time": "2025-07-14T18:08:49.298972Z", "fetched_at": "2025-07-14T18:10:49.759643+00:00", "symbol": "ADA-USD"}, {"trade_id": 143593304, "side": "sell", "size": "1.50000000", "price": "0.73560000", "time": "2025-07-14T18:08:49.298972Z", "fetched_at": "2025-07-14T18:10:49.759643+00:00", "symbol": "ADA-USD"}, {"trade_id": 143593303, "side": "sell", "size": "11.71914666", "price": "0.73550000", "time": "2025-07-14T18:08:48.866916Z", "fetched_at": "2025-07-14T18:10:49.759643+00:00", "symbol": "ADA-USD"}, {"trade_id": 143593302, "side": "sell", "size": "1.50000000", "price": "0.73550000", "time": "2025-07-14T18:08:48.866916Z", "fetched_at": "2025-07-14T18:10:49.759643+00:00", "symbol": "ADA-USD"}, {"trade_id": 143593301, "side": "sell", "size": "16.78026613", "price": "0.73550000", "time": "2025-07-14T18:08:48.866916Z", "fetched_at": "2025-07-14T18:10:49.759643+00:00", "symbol": "ADA-USD"}, {"trade_id": 143593300, "side": "sell", "size": "43.02057406", "price": "0.73530000", "time": "2025-07-14T18:08:47.117650Z", "fetched_at": "2025-07-14T18:10:49.759643+00:00", "symbol": "ADA-USD"}, {"trade_id": 143593299, "side": "sell", "size": "346.91680903", "price": "0.73530000", "time": "2025-07-14T18:08:47.083627Z", "fetched_at": "2025-07-14T18:10:49.759643+00:00", "symbol": "ADA-USD"}, {"trade_id": 143593298, "side": "sell", "size": "718.11606700", "price": "0.73530000", "time": "2025-07-14T18:08:47.033888Z", "fetched_at": "2025-07-14T18:10:49.759643+00:00", "symbol": "ADA-USD"}, {"trade_id": 143593297, "side": "sell", "size": "43.02160651", "price": "0.73520000", "time": "2025-07-14T18:08:45.648041Z", "fetched_at": "2025-07-14T18:10:49.759643+00:00", "symbol": "ADA-USD"}, {"trade_id": 143593296, "side": "sell", "size": "2000.00000000", "price": "0.73520000", "time": "2025-07-14T18:08:45.648041Z", "fetched_at": "2025-07-14T18:10:49.759643+00:00", "symbol": "ADA-USD"}, {"trade_id": 143593295, "side": "buy", "size": "55.25000000", "price": "0.73500000", "time": "2025-07-14T18:08:41.910849Z", "fetched_at": "2025-07-14T18:10:49.759643+00:00", "symbol": "ADA-USD"}, {"trade_id": 143593294, "side": "buy", "size": "250.60163880", "price": "0.73500000", "time": "2025-07-14T18:08:41.910849Z", "fetched_at": "2025-07-14T18:10:49.759643+00:00", "symbol": "ADA-USD"}, {"trade_id": 143593293, "side": "buy", "size": "310.50000000", "price": "0.73500000", "time": "2025-07-14T18:08:41.910849Z", "fetched_at": "2025-07-14T18:10:49.759643+00:00", "symbol": "ADA-USD"}, {"trade_id": 143593292, "side": "buy", "size": "1.50000000", "price": "0.73500000", "time": "2025-07-14T18:08:41.910849Z", "fetched_at": "2025-07-14T18:10:49.759643+00:00", "symbol": "ADA-USD"}, {"trade_id": 143593291, "side": "buy", "size": "261.88293833", "price": "0.73500000", "time": "2025-07-14T18:08:41.910849Z", "fetched_at": "2025-07-14T18:10:49.759643+00:00", "symbol": "ADA-USD"}, {"trade_id": 143593290, "side": "buy", "size": "175.51542287", "price": "0.73500000", "time": "2025-07-14T18:08:41.910849Z", "fetched_at": "2025-07-14T18:10:49.759643+00:00", "symbol": "ADA-USD"}, {"trade_id": 143593289, "side": "buy", "size": "769.72267236", "price": "0.73500000", "time": "2025-07-14T18:08:41.910849Z", "fetched_at": "2025-07-14T18:10:49.759643+00:00", "symbol": "ADA-USD"}, {"trade_id": 143593288, "side": "buy", "size": "50.00000000", "price": "0.73500000", "time": "2025-07-14T18:08:41.910849Z", "fetched_at": "2025-07-14T18:10:49.759643+00:00", "symbol": "ADA-USD"}, {"trade_id": 143593287, "side": "buy", "size": "1817.66892300", "price": "0.73500000", "time": "2025-07-14T18:08:41.910849Z", "fetched_at": "2025-07-14T18:10:49.759643+00:00", "symbol": "ADA-USD"}, {"trade_id": 143593286, "side": "buy", "size": "4907.40000000", "price": "0.73510000", "time": "2025-07-14T18:08:41.910849Z", "fetched_at": "2025-07-14T18:10:49.759643+00:00", "symbol": "ADA-USD"}, {"trade_id": 143593285, "side": "buy", "size": "1.50000000", "price": "0.73510000", "time": "2025-07-14T18:08:41.910849Z", "fetched_at": "2025-07-14T18:10:49.759643+00:00", "symbol": "ADA-USD"}, {"trade_id": 143593284, "side": "buy", "size": "310.50000000", "price": "0.73510000", "time": "2025-07-14T18:08:41.910849Z", "fetched_at": "2025-07-14T18:10:49.759643+00:00", "symbol": "ADA-USD"}, {"trade_id": 143593283, "side": "buy", "size": "243.44538158", "price": "0.73510000", "time": "2025-07-14T18:08:41.910849Z", "fetched_at": "2025-07-14T18:10:49.759643+00:00", "symbol": "ADA-USD"}, {"trade_id": 143593282, "side": "buy", "size": "346.64521410", "price": "0.73520000", "time": "2025-07-14T18:08:41.910849Z", "fetched_at": "2025-07-14T18:10:49.759643+00:00", "symbol": "ADA-USD"}, {"trade_id": 143593281, "side": "buy", "size": "439.31141488", "price": "0.73520000", "time": "2025-07-14T18:08:41.910849Z", "fetched_at": "2025-07-14T18:10:49.759643+00:00", "symbol": "ADA-USD"}, {"trade_id": 143593280, "side": "buy", "size": "1.50000000", "price": "0.73520000", "time": "2025-07-14T18:08:41.910849Z", "fetched_at": "2025-07-14T18:10:49.759643+00:00", "symbol": "ADA-USD"}, {"trade_id": 143593279, "side": "buy", "size": "261.88293833", "price": "0.73520000", "time": "2025-07-14T18:08:41.910849Z", "fetched_at": "2025-07-14T18:10:49.759643+00:00", "symbol": "ADA-USD"}, {"trade_id": 143593278, "side": "buy", "size": "679.97632272", "price": "0.73530000", "time": "2025-07-14T18:08:41.910849Z", "fetched_at": "2025-07-14T18:10:49.759643+00:00", "symbol": "ADA-USD"}, {"trade_id": 143593277, "side": "buy", "size": "812.04626975", "price": "0.73530000", "time": "2025-07-14T18:08:41.910849Z", "fetched_at": "2025-07-14T18:10:49.759643+00:00", "symbol": "ADA-USD"}, {"trade_id": 143593276, "side": "buy", "size": "1.50000000", "price": "0.73530000", "time": "2025-07-14T18:08:41.910849Z", "fetched_at": "2025-07-14T18:10:49.759643+00:00", "symbol": "ADA-USD"}, {"trade_id": 143593275, "side": "buy", "size": "1019.26249700", "price": "0.73530000", "time": "2025-07-14T18:08:41.910849Z", "fetched_at": "2025-07-14T18:10:49.759643+00:00", "symbol": "ADA-USD"}, {"trade_id": 143593274, "side": "buy", "size": "607.82270400", "price": "0.73530000", "time": "2025-07-14T18:08:41.910849Z", "fetched_at": "2025-07-14T18:10:49.759643+00:00", "symbol": "ADA-USD"}, {"trade_id": 143593273, "side": "buy", "size": "68.39945000", "price": "0.73530000", "time": "2025-07-14T18:08:41.910849Z", "fetched_at": "2025-07-14T18:10:49.759643+00:00", "symbol": "ADA-USD"}, {"trade_id": 143593272, "side": "buy", "size": "1.50000000", "price": "0.73540000", "time": "2025-07-14T18:08:41.910175Z", "fetched_at": "2025-07-14T18:10:49.759643+00:00", "symbol": "ADA-USD"}, {"trade_id": 143593271, "side": "buy", "size": "78.63185345", "price": "0.73550000", "time": "2025-07-14T18:08:41.910175Z", "fetched_at": "2025-07-14T18:10:49.759643+00:00", "symbol": "ADA-USD"}, {"trade_id": 143593270, "side": "sell", "size": "4.03313400", "price": "0.73570000", "time": "2025-07-14T18:08:40.252861Z", "fetched_at": "2025-07-14T18:10:49.759643+00:00", "symbol": "ADA-USD"}, {"trade_id": 143593269, "side": "buy", "size": "1.50000000", "price": "0.73550000", "time": "2025-07-14T18:08:38.212440Z", "fetched_at": "2025-07-14T18:10:49.759643+00:00", "symbol": "ADA-USD"}, {"trade_id": 143593268, "side": "sell", "size": "0.28129041", "price": "0.73560000", "time": "2025-07-14T18:08:38.147037Z", "fetched_at": "2025-07-14T18:10:49.759643+00:00", "symbol": "ADA-USD"}, {"trade_id": 143593267, "side": "buy", "size": "1.50000000", "price": "0.73560000", "time": "2025-07-14T18:08:38.112628Z", "fetched_at": "2025-07-14T18:10:49.759643+00:00", "symbol": "ADA-USD"}, {"trade_id": 143593266, "side": "buy", "size": "672.64692816", "price": "0.73560000", "time": "2025-07-14T18:08:38.112628Z", "fetched_at": "2025-07-14T18:10:49.759643+00:00", "symbol": "ADA-USD"}, {"trade_id": 143593265, "side": "buy", "size": "1.50000000", "price": "0.73570000", "time": "2025-07-14T18:08:37.983596Z", "fetched_at": "2025-07-14T18:10:49.759643+00:00", "symbol": "ADA-USD"}, {"trade_id": 143593264, "side": "sell", "size": "2.21485300", "price": "0.73580000", "time": "2025-07-14T18:08:36.635263Z", "fetched_at": "2025-07-14T18:10:49.759643+00:00", "symbol": "ADA-USD"}, {"trade_id": 143593263, "side": "buy", "size": "500.00000000", "price": "0.73580000", "time": "2025-07-14T18:08:36.615360Z", "fetched_at": "2025-07-14T18:10:49.759643+00:00", "symbol": "ADA-USD"}, {"trade_id": 143593262, "side": "buy", "size": "1.50000000", "price": "0.73580000", "time": "2025-07-14T18:08:36.615360Z", "fetched_at": "2025-07-14T18:10:49.759643+00:00", "symbol": "ADA-USD"}, {"trade_id": 143593261, "side": "buy", "size": "1.50000000", "price": "0.73590000", "time": "2025-07-14T18:08:34.991839Z", "fetched_at": "2025-07-14T18:10:49.759643+00:00", "symbol": "ADA-USD"}, {"trade_id": 143593260, "side": "buy", "size": "1.50000000", "price": "0.73600000", "time": "2025-07-14T18:08:33.686269Z", "fetched_at": "2025-07-14T18:10:49.759643+00:00", "symbol": "ADA-USD"}, {"trade_id": 143593259, "side": "sell", "size": "134.41955200", "price": "0.73610000", "time": "2025-07-14T18:08:33.584528Z", "fetched_at": "2025-07-14T18:10:49.759643+00:00", "symbol": "ADA-USD"}, {"trade_id": 143593258, "side": "buy", "size": "34.81521900", "price": "0.73610000", "time": "2025-07-14T18:08:31.472168Z", "fetched_at": "2025-07-14T18:10:49.759643+00:00", "symbol": "ADA-USD"}, {"trade_id": 143593257, "side": "buy", "size": "1.50000000", "price": "0.73610000", "time": "2025-07-14T18:08:31.472168Z", "fetched_at": "2025-07-14T18:10:49.759643+00:00", "symbol": "ADA-USD"}, {"trade_id": 143593256, "side": "buy", "size": "1.50000000", "price": "0.73620000", "time": "2025-07-14T18:08:31.472168Z", "fetched_at": "2025-07-14T18:10:49.759643+00:00", "symbol": "ADA-USD"}, {"trade_id": 143593255, "side": "buy", "size": "1.50000000", "price": "0.73630000", "time": "2025-07-14T18:08:29.290084Z", "fetched_at": "2025-07-14T18:10:49.759643+00:00", "symbol": "ADA-USD"}, {"trade_id": 143593254, "side": "sell", "size": "34.69643012", "price": "0.73650000", "time": "2025-07-14T18:08:25.792981Z", "fetched_at": "2025-07-14T18:10:49.759643+00:00", "symbol": "ADA-USD"}, {"trade_id": 143593253, "side": "sell", "size": "14.16974500", "price": "0.73650000", "time": "2025-07-14T18:08:20.846508Z", "fetched_at": "2025-07-14T18:10:49.759643+00:00", "symbol": "ADA-USD"}, {"trade_id": 143593252, "side": "sell", "size": "208.00000000", "price": "0.73650000", "time": "2025-07-14T18:08:20.425347Z", "fetched_at": "2025-07-14T18:10:49.759643+00:00", "symbol": "ADA-USD"}, {"trade_id": 143593251, "side": "buy", "size": "45.64365500", "price": "0.73630000", "time": "2025-07-14T18:08:18.770345Z", "fetched_at": "2025-07-14T18:10:49.759643+00:00", "symbol": "ADA-USD"}, {"trade_id": 143593250, "side": "sell", "size": "560.22503998", "price": "0.73650000", "time": "2025-07-14T18:08:17.581459Z", "fetched_at": "2025-07-14T18:10:49.759643+00:00", "symbol": "ADA-USD"}, {"trade_id": 143593249, "side": "sell", "size": "827.81248484", "price": "0.73650000", "time": "2025-07-14T18:08:17.581459Z", "fetched_at": "2025-07-14T18:10:49.759643+00:00", "symbol": "ADA-USD"}, {"trade_id": 143593248, "side": "sell", "size": "51.00306000", "price": "0.73650000", "time": "2025-07-14T18:08:17.581459Z", "fetched_at": "2025-07-14T18:10:49.759643+00:00", "symbol": "ADA-USD"}, {"trade_id": 143593247, "side": "sell", "size": "723.31521142", "price": "0.73650000", "time": "2025-07-14T18:08:17.581459Z", "fetched_at": "2025-07-14T18:10:49.759643+00:00", "symbol": "ADA-USD"}, {"trade_id": 143593246, "side": "sell", "size": "533.51417981", "price": "0.73650000", "time": "2025-07-14T18:08:17.581459Z", "fetched_at": "2025-07-14T18:10:49.759643+00:00", "symbol": "ADA-USD"}, {"trade_id": 143593245, "side": "sell", "size": "1.50000000", "price": "0.73650000", "time": "2025-07-14T18:08:17.581459Z", "fetched_at": "2025-07-14T18:10:49.759643+00:00", "symbol": "ADA-USD"}, {"trade_id": 143593244, "side": "sell", "size": "18.17652395", "price": "0.73650000", "time": "2025-07-14T18:08:17.581459Z", "fetched_at": "2025-07-14T18:10:49.759643+00:00", "symbol": "ADA-USD"}, {"trade_id": 143593243, "side": "buy", "size": "701.92067779", "price": "0.73640000", "time": "2025-07-14T18:08:17.520892Z", "fetched_at": "2025-07-14T18:10:49.759643+00:00", "symbol": "ADA-USD"}, {"trade_id": 143593242, "side": "sell", "size": "1.78937500", "price": "0.73650000", "time": "2025-07-14T18:08:17.234826Z", "fetched_at": "2025-07-14T18:10:49.759643+00:00", "symbol": "ADA-USD"}, {"trade_id": 143593241, "side": "sell", "size": "8.32571864", "price": "0.73640000", "time": "2025-07-14T18:08:16.826413Z", "fetched_at": "2025-07-14T18:10:49.759643+00:00", "symbol": "ADA-USD"}, {"trade_id": 143593240, "side": "sell", "size": "1.50000000", "price": "0.73640000", "time": "2025-07-14T18:08:16.826413Z", "fetched_at": "2025-07-14T18:10:49.759643+00:00", "symbol": "ADA-USD"}, {"trade_id": 143593239, "side": "sell", "size": "21.51361885", "price": "0.73630000", "time": "2025-07-14T18:08:16.316322Z", "fetched_at": "2025-07-14T18:10:49.759643+00:00", "symbol": "ADA-USD"}, {"trade_id": 143593238, "side": "sell", "size": "0.00008624", "price": "0.73630000", "time": "2025-07-14T18:08:16.316322Z", "fetched_at": "2025-07-14T18:10:49.759643+00:00", "symbol": "ADA-USD"}, {"trade_id": 143593237, "side": "sell", "size": "21.51170000", "price": "0.73630000", "time": "2025-07-14T18:08:16.292788Z", "fetched_at": "2025-07-14T18:10:49.759643+00:00", "symbol": "ADA-USD"}, {"trade_id": 143593236, "side": "buy", "size": "402.50000000", "price": "0.73640000", "time": "2025-07-14T18:08:13.253862Z", "fetched_at": "2025-07-14T18:10:49.759643+00:00", "symbol": "ADA-USD"}, {"trade_id": 143593235, "side": "sell", "size": "64.53215812", "price": "0.73630000", "time": "2025-07-14T18:08:12.746623Z", "fetched_at": "2025-07-14T18:10:49.759643+00:00", "symbol": "ADA-USD"}, {"trade_id": 143593234, "side": "sell", "size": "803.84032760", "price": "0.73620000", "time": "2025-07-14T18:08:10.804913Z", "fetched_at": "2025-07-14T18:10:49.759643+00:00", "symbol": "ADA-USD"}, {"trade_id": 143593233, "side": "buy", "size": "230.96477700", "price": "0.73600000", "time": "2025-07-14T18:08:10.681859Z", "fetched_at": "2025-07-14T18:10:49.759643+00:00", "symbol": "ADA-USD"}, {"trade_id": 143593232, "side": "buy", "size": "310.50000000", "price": "0.73610000", "time": "2025-07-14T18:08:10.681859Z", "fetched_at": "2025-07-14T18:10:49.759643+00:00", "symbol": "ADA-USD"}, {"trade_id": 143593231, "side": "buy", "size": "1.50000000", "price": "0.73610000", "time": "2025-07-14T18:08:10.681859Z", "fetched_at": "2025-07-14T18:10:49.759643+00:00", "symbol": "ADA-USD"}, {"trade_id": 143593230, "side": "sell", "size": "218.80118300", "price": "0.73620000", "time": "2025-07-14T18:08:10.595376Z", "fetched_at": "2025-07-14T18:10:49.759643+00:00", "symbol": "ADA-USD"}, {"trade_id": 143593229, "side": "sell", "size": "135.31789000", "price": "0.73620000", "time": "2025-07-14T18:08:10.595376Z", "fetched_at": "2025-07-14T18:10:49.759643+00:00", "symbol": "ADA-USD"}, {"trade_id": 143593228, "side": "sell", "size": "51.00306000", "price": "0.73620000", "time": "2025-07-14T18:08:10.595376Z", "fetched_at": "2025-07-14T18:10:49.759643+00:00", "symbol": "ADA-USD"}, {"trade_id": 143593227, "side": "buy", "size": "1.50000000", "price": "0.73620000", "time": "2025-07-14T18:08:10.262206Z", "fetched_at": "2025-07-14T18:10:49.759643+00:00", "symbol": "ADA-USD"}, {"trade_id": 143593226, "side": "buy", "size": "1.50000000", "price": "0.73630000", "time": "2025-07-14T18:08:10.157689Z", "fetched_at": "2025-07-14T18:10:49.759643+00:00", "symbol": "ADA-USD"}, {"trade_id": 143593225, "side": "buy", "size": "1.50000000", "price": "0.73640000", "time": "2025-07-14T18:08:07.568875Z", "fetched_at": "2025-07-14T18:10:49.759643+00:00", "symbol": "ADA-USD"}, {"trade_id": 143593224, "side": "sell", "size": "1.72005500", "price": "0.73650000", "time": "2025-07-14T18:08:07.397536Z", "fetched_at": "2025-07-14T18:10:49.759643+00:00", "symbol": "ADA-USD"}, {"trade_id": 143593223, "side": "buy", "size": "1.50000000", "price": "0.73650000", "time": "2025-07-14T18:08:07.383676Z", "fetched_at": "2025-07-14T18:10:49.759643+00:00", "symbol": "ADA-USD"}, {"trade_id": 143593222, "side": "buy", "size": "501.50000000", "price": "0.73660000", "time": "2025-07-14T18:08:03.405506Z", "fetched_at": "2025-07-14T18:10:49.759643+00:00", "symbol": "ADA-USD"}, {"trade_id": 143593221, "side": "buy", "size": "1.50000000", "price": "0.73660000", "time": "2025-07-14T18:08:03.405506Z", "fetched_at": "2025-07-14T18:10:49.759643+00:00", "symbol": "ADA-USD"}, {"trade_id": 143593220, "side": "sell", "size": "356.10708500", "price": "0.73690000", "time": "2025-07-14T18:08:02.011316Z", "fetched_at": "2025-07-14T18:10:49.759643+00:00", "symbol": "ADA-USD"}, {"trade_id": 143593219, "side": "sell", "size": "9.88790900", "price": "0.73690000", "time": "2025-07-14T18:08:00.674400Z", "fetched_at": "2025-07-14T18:10:49.759643+00:00", "symbol": "ADA-USD"}, {"trade_id": 143593218, "side": "sell", "size": "26.35435300", "price": "0.73690000", "time": "2025-07-14T18:07:58.381009Z", "fetched_at": "2025-07-14T18:10:49.759643+00:00", "symbol": "ADA-USD"}, {"trade_id": 143593217, "side": "buy", "size": "13.38668100", "price": "0.73670000", "time": "2025-07-14T18:07:57.976725Z", "fetched_at": "2025-07-14T18:10:49.759643+00:00", "symbol": "ADA-USD"}, {"trade_id": 143593216, "side": "sell", "size": "29.94234746", "price": "0.73690000", "time": "2025-07-14T18:07:57.075479Z", "fetched_at": "2025-07-14T18:10:49.759643+00:00", "symbol": "ADA-USD"}, {"trade_id": 143593215, "side": "sell", "size": "21.51133454", "price": "0.73690000", "time": "2025-07-14T18:07:57.075479Z", "fetched_at": "2025-07-14T18:10:49.759643+00:00", "symbol": "ADA-USD"}, {"trade_id": 143593214, "side": "buy", "size": "172.00000000", "price": "0.73670000", "time": "2025-07-14T18:07:55.186653Z", "fetched_at": "2025-07-14T18:10:49.759643+00:00", "symbol": "ADA-USD"}, {"trade_id": 143593213, "side": "buy", "size": "1.50000000", "price": "0.73670000", "time": "2025-07-14T18:07:55.186653Z", "fetched_at": "2025-07-14T18:10:49.759643+00:00", "symbol": "ADA-USD"}, {"trade_id": 143593212, "side": "buy", "size": "1.50000000", "price": "0.73680000", "time": "2025-07-14T18:07:55.186653Z", "fetched_at": "2025-07-14T18:10:49.759643+00:00", "symbol": "ADA-USD"}, {"trade_id": 143593211, "side": "buy", "size": "1.50000000", "price": "0.73690000", "time": "2025-07-14T18:07:53.324738Z", "fetched_at": "2025-07-14T18:10:49.759643+00:00", "symbol": "ADA-USD"}, {"trade_id": 143593210, "side": "buy", "size": "1.50000000", "price": "0.73700000", "time": "2025-07-14T18:07:53.147779Z", "fetched_at": "2025-07-14T18:10:49.759643+00:00", "symbol": "ADA-USD"}, {"trade_id": 143593209, "side": "buy", "size": "1.50000000", "price": "0.73710000", "time": "2025-07-14T18:07:51.654666Z", "fetched_at": "2025-07-14T18:10:49.759643+00:00", "symbol": "ADA-USD"}, {"trade_id": 143593208, "side": "sell", "size": "68.39945000", "price": "0.73730000", "time": "2025-07-14T18:07:50.827599Z", "fetched_at": "2025-07-14T18:10:49.759643+00:00", "symbol": "ADA-USD"}, {"trade_id": 143593207, "side": "buy", "size": "50.00000000", "price": "0.73740000", "time": "2025-07-14T18:07:50.356538Z", "fetched_at": "2025-07-14T18:10:49.759643+00:00", "symbol": "ADA-USD"}, {"trade_id": 143593206, "side": "sell", "size": "202.97684000", "price": "0.73750000", "time": "2025-07-14T18:07:50.350189Z", "fetched_at": "2025-07-14T18:10:49.759643+00:00", "symbol": "ADA-USD"}, {"trade_id": 143593205, "side": "buy", "size": "678.05804176", "price": "0.73740000", "time": "2025-07-14T18:07:50.347739Z", "fetched_at": "2025-07-14T18:10:49.759643+00:00", "symbol": "ADA-USD"}, {"trade_id": 143593204, "side": "buy", "size": "261.88293833", "price": "0.73740000", "time": "2025-07-14T18:07:50.347739Z", "fetched_at": "2025-07-14T18:10:49.759643+00:00", "symbol": "ADA-USD"}, {"trade_id": 143593203, "side": "buy", "size": "500.00000000", "price": "0.73750000", "time": "2025-07-14T18:07:50.342418Z", "fetched_at": "2025-07-14T18:10:49.759643+00:00", "symbol": "ADA-USD"}, {"trade_id": 143593202, "side": "sell", "size": "4.93957100", "price": "0.73770000", "time": "2025-07-14T18:07:49.191122Z", "fetched_at": "2025-07-14T18:10:49.759643+00:00", "symbol": "ADA-USD"}, {"trade_id": 143593201, "side": "sell", "size": "1.50000000", "price": "0.73760000", "time": "2025-07-14T18:07:49.191122Z", "fetched_at": "2025-07-14T18:10:49.759643+00:00", "symbol": "ADA-USD"}, {"trade_id": 143593200, "side": "sell", "size": "21.50976434", "price": "0.73750000", "time": "2025-07-14T18:07:48.259307Z", "fetched_at": "2025-07-14T18:10:49.759643+00:00", "symbol": "ADA-USD"}, {"trade_id": 143593199, "side": "sell", "size": "97.63268416", "price": "0.73750000", "time": "2025-07-14T18:07:48.259307Z", "fetched_at": "2025-07-14T18:10:49.759643+00:00", "symbol": "ADA-USD"}, {"trade_id": 143593198, "side": "sell", "size": "1.53211800", "price": "0.73750000", "time": "2025-07-14T18:07:47.666392Z", "fetched_at": "2025-07-14T18:10:49.759643+00:00", "symbol": "ADA-USD"}, {"trade_id": 143593197, "side": "sell", "size": "35.95127571", "price": "0.73740000", "time": "2025-07-14T18:07:43.057603Z", "fetched_at": "2025-07-14T18:10:49.759643+00:00", "symbol": "ADA-USD"}, {"trade_id": 143593196, "side": "sell", "size": "29.80249805", "price": "0.73740000", "time": "2025-07-14T18:07:43.057603Z", "fetched_at": "2025-07-14T18:10:49.759643+00:00", "symbol": "ADA-USD"}, {"trade_id": 143593195, "side": "sell", "size": "1097.91488068", "price": "0.73750000", "time": "2025-07-14T18:07:38.549391Z", "fetched_at": "2025-07-14T18:10:49.759643+00:00", "symbol": "ADA-USD"}, {"trade_id": 143593194, "side": "sell", "size": "827.81248484", "price": "0.73750000", "time": "2025-07-14T18:07:38.549391Z", "fetched_at": "2025-07-14T18:10:49.759643+00:00", "symbol": "ADA-USD"}, {"trade_id": 143593193, "side": "sell", "size": "0.09042500", "price": "0.73750000", "time": "2025-07-14T18:07:38.549391Z", "fetched_at": "2025-07-14T18:10:49.759643+00:00", "symbol": "ADA-USD"}, {"trade_id": 143593192, "side": "sell", "size": "51.00306000", "price": "0.73740000", "time": "2025-07-14T18:07:38.549391Z", "fetched_at": "2025-07-14T18:10:49.759643+00:00", "symbol": "ADA-USD"}, {"trade_id": 143593191, "side": "sell", "size": "669.62099827", "price": "0.73740000", "time": "2025-07-14T18:07:38.549391Z", "fetched_at": "2025-07-14T18:10:49.759643+00:00", "symbol": "ADA-USD"}, {"trade_id": 143593190, "side": "sell", "size": "649.20114121", "price": "0.73740000", "time": "2025-07-14T18:07:38.549391Z", "fetched_at": "2025-07-14T18:10:49.759643+00:00", "symbol": "ADA-USD"}, {"trade_id": 143593189, "side": "sell", "size": "1.40957500", "price": "0.73750000", "time": "2025-07-14T18:07:37.792795Z", "fetched_at": "2025-07-14T18:10:49.759643+00:00", "symbol": "ADA-USD"}, {"trade_id": 143593188, "side": "sell", "size": "39.73666407", "price": "0.73740000", "time": "2025-07-14T18:07:36.901281Z", "fetched_at": "2025-07-14T18:10:49.759643+00:00", "symbol": "ADA-USD"}, {"trade_id": 143593187, "side": "sell", "size": "52.98221876", "price": "0.73740000", "time": "2025-07-14T18:07:36.720484Z", "fetched_at": "2025-07-14T18:10:49.759643+00:00", "symbol": "ADA-USD"}, {"trade_id": 143593186, "side": "sell", "size": "70.64295834", "price": "0.73740000", "time": "2025-07-14T18:07:36.665012Z", "fetched_at": "2025-07-14T18:10:49.759643+00:00", "symbol": "ADA-USD"}, {"trade_id": 143593185, "side": "sell", "size": "1.50000000", "price": "0.73740000", "time": "2025-07-14T18:07:36.567275Z", "fetched_at": "2025-07-14T18:10:49.759643+00:00", "symbol": "ADA-USD"}, {"trade_id": 143593184, "side": "sell", "size": "0.60749821", "price": "0.73740000", "time": "2025-07-14T18:07:36.567275Z", "fetched_at": "2025-07-14T18:10:49.759643+00:00", "symbol": "ADA-USD"}, {"trade_id": 143593183, "side": "sell", "size": "32.95523600", "price": "0.73740000", "time": "2025-07-14T18:07:35.266907Z", "fetched_at": "2025-07-14T18:10:49.759643+00:00", "symbol": "ADA-USD"}, {"trade_id": 143593182, "side": "sell", "size": "25.71986400", "price": "0.73740000", "time": "2025-07-14T18:07:33.158411Z", "fetched_at": "2025-07-14T18:10:49.759643+00:00", "symbol": "ADA-USD"}, {"trade_id": 143593181, "side": "sell", "size": "1195.80617969", "price": "0.73730000", "time": "2025-07-14T18:07:31.442029Z", "fetched_at": "2025-07-14T18:10:49.759643+00:00", "symbol": "ADA-USD"}, {"trade_id": 143593180, "side": "sell", "size": "1.50000000", "price": "0.73730000", "time": "2025-07-14T18:07:31.442029Z", "fetched_at": "2025-07-14T18:10:49.759643+00:00", "symbol": "ADA-USD"}, {"trade_id": 143593179, "side": "sell", "size": "7.06908755", "price": "0.73720000", "time": "2025-07-14T18:07:31.217547Z", "fetched_at": "2025-07-14T18:10:49.759643+00:00", "symbol": "ADA-USD"}, {"trade_id": 143593178, "side": "sell", "size": "1.50000000", "price": "0.73720000", "time": "2025-07-14T18:07:31.217547Z", "fetched_at": "2025-07-14T18:10:49.759643+00:00", "symbol": "ADA-USD"}, {"trade_id": 143593177, "side": "sell", "size": "64.53151619", "price": "0.73710000", "time": "2025-07-14T18:07:31.030683Z", "fetched_at": "2025-07-14T18:10:49.759643+00:00", "symbol": "ADA-USD"}, {"trade_id": 143593176, "side": "sell", "size": "1.50000000", "price": "0.73710000", "time": "2025-07-14T18:07:31.030683Z", "fetched_at": "2025-07-14T18:10:49.759643+00:00", "symbol": "ADA-USD"}, {"trade_id": 143593175, "side": "sell", "size": "643.79841938", "price": "0.73710000", "time": "2025-07-14T18:07:31.014649Z", "fetched_at": "2025-07-14T18:10:49.759643+00:00", "symbol": "ADA-USD"}, {"trade_id": 143593174, "side": "sell", "size": "65.20888462", "price": "0.73710000", "time": "2025-07-14T18:07:31.014649Z", "fetched_at": "2025-07-14T18:10:49.759643+00:00", "symbol": "ADA-USD"}, {"trade_id": 143593173, "side": "sell", "size": "712.95041002", "price": "0.73700000", "time": "2025-07-14T18:07:29.976817Z", "fetched_at": "2025-07-14T18:10:49.759643+00:00", "symbol": "ADA-USD"}, {"trade_id": 143593172, "side": "sell", "size": "0.00000767", "price": "0.73690000", "time": "2025-07-14T18:07:29.976817Z", "fetched_at": "2025-07-14T18:10:49.759643+00:00", "symbol": "ADA-USD"}, {"trade_id": 143593171, "side": "buy", "size": "65.68789600", "price": "0.73680000", "time": "2025-07-14T18:07:29.790697Z", "fetched_at": "2025-07-14T18:10:49.759643+00:00", "symbol": "ADA-USD"}, {"trade_id": 143593170, "side": "buy", "size": "1.50000000", "price": "0.73680000", "time": "2025-07-14T18:07:29.790697Z", "fetched_at": "2025-07-14T18:10:49.759643+00:00", "symbol": "ADA-USD"}, {"trade_id": 143593169, "side": "sell", "size": "43.01925000", "price": "0.73690000", "time": "2025-07-14T18:07:29.748357Z", "fetched_at": "2025-07-14T18:10:49.759643+00:00", "symbol": "ADA-USD"}, {"trade_id": 143593168, "side": "buy", "size": "1.50000000", "price": "0.73690000", "time": "2025-07-14T18:07:28.276977Z", "fetched_at": "2025-07-14T18:10:49.759643+00:00", "symbol": "ADA-USD"}, {"trade_id": 143593167, "side": "buy", "size": "1.50000000", "price": "0.73700000", "time": "2025-07-14T18:07:27.117677Z", "fetched_at": "2025-07-14T18:10:49.759643+00:00", "symbol": "ADA-USD"}, {"trade_id": 143593166, "side": "buy", "size": "500.00000000", "price": "0.73710000", "time": "2025-07-14T18:07:26.811601Z", "fetched_at": "2025-07-14T18:10:49.759643+00:00", "symbol": "ADA-USD"}, {"trade_id": 143593165, "side": "buy", "size": "1.50000000", "price": "0.73710000", "time": "2025-07-14T18:07:26.811601Z", "fetched_at": "2025-07-14T18:10:49.759643+00:00", "symbol": "ADA-USD"}, {"trade_id": 143593164, "side": "buy", "size": "90.15719676", "price": "0.73710000", "time": "2025-07-14T18:07:24.207519Z", "fetched_at": "2025-07-14T18:10:49.759643+00:00", "symbol": "ADA-USD"}, {"trade_id": 143593163, "side": "buy", "size": "15.93602340", "price": "0.73720000", "time": "2025-07-14T18:07:24.207519Z", "fetched_at": "2025-07-14T18:10:49.759643+00:00", "symbol": "ADA-USD"}, {"trade_id": 143593162, "side": "buy", "size": "666.98305084", "price": "0.73720000", "time": "2025-07-14T18:07:24.207519Z", "fetched_at": "2025-07-14T18:10:49.759643+00:00", "symbol": "ADA-USD"}, {"trade_id": 143593161, "side": "buy", "size": "1.50000000", "price": "0.73720000", "time": "2025-07-14T18:07:24.207519Z", "fetched_at": "2025-07-14T18:10:49.759643+00:00", "symbol": "ADA-USD"}, {"trade_id": 143593160, "side": "buy", "size": "500.00000000", "price": "0.73730000", "time": "2025-07-14T18:07:24.207519Z", "fetched_at": "2025-07-14T18:10:49.759643+00:00", "symbol": "ADA-USD"}, {"trade_id": 143593159, "side": "sell", "size": "2464.53734675", "price": "0.73750000", "time": "2025-07-14T18:07:22.779456Z", "fetched_at": "2025-07-14T18:10:49.759643+00:00", "symbol": "ADA-USD"}, {"trade_id": 143593158, "side": "sell", "size": "790.14125325", "price": "0.73740000", "time": "2025-07-14T18:07:22.779456Z", "fetched_at": "2025-07-14T18:10:49.759643+00:00", "symbol": "ADA-USD"}, {"trade_id": 143593157, "side": "buy", "size": "500.00000000", "price": "0.73740000", "time": "2025-07-14T18:07:19.166082Z", "fetched_at": "2025-07-14T18:10:49.759643+00:00", "symbol": "ADA-USD"}, {"trade_id": 143593156, "side": "sell", "size": "1.34576271", "price": "0.73750000", "time": "2025-07-14T18:07:18.637368Z", "fetched_at": "2025-07-14T18:10:49.759643+00:00", "symbol": "ADA-USD"}, {"trade_id": 143593155, "side": "buy", "size": "756.42114600", "price": "0.73740000", "time": "2025-07-14T18:07:16.909110Z", "fetched_at": "2025-07-14T18:10:49.759643+00:00", "symbol": "ADA-USD"}, {"trade_id": 143593154, "side": "sell", "size": "0.02155069", "price": "0.73750000", "time": "2025-07-14T18:07:16.479619Z", "fetched_at": "2025-07-14T18:10:49.759643+00:00", "symbol": "ADA-USD"}, {"trade_id": 143593153, "side": "sell", "size": "50.82605262", "price": "0.73750000", "time": "2025-07-14T18:07:16.463183Z", "fetched_at": "2025-07-14T18:10:49.759643+00:00", "symbol": "ADA-USD"}, {"trade_id": 143593152, "side": "sell", "size": "1.50000000", "price": "0.73750000", "time": "2025-07-14T18:07:16.463183Z", "fetched_at": "2025-07-14T18:10:49.759643+00:00", "symbol": "ADA-USD"}, {"trade_id": 143593151, "side": "sell", "size": "1.50000000", "price": "0.73740000", "time": "2025-07-14T18:07:12.097330Z", "fetched_at": "2025-07-14T18:10:49.759643+00:00", "symbol": "ADA-USD"}, {"trade_id": 143593150, "side": "sell", "size": "21.51003107", "price": "0.73730000", "time": "2025-07-14T18:07:12.051909Z", "fetched_at": "2025-07-14T18:10:49.759643+00:00", "symbol": "ADA-USD"}, {"trade_id": 143593149, "side": "sell", "size": "1.50000000", "price": "0.73730000", "time": "2025-07-14T18:07:12.051909Z", "fetched_at": "2025-07-14T18:10:49.759643+00:00", "symbol": "ADA-USD"}, {"trade_id": 143593148, "side": "sell", "size": "37.68689558", "price": "0.73730000", "time": "2025-07-14T18:07:12.051909Z", "fetched_at": "2025-07-14T18:10:49.759643+00:00", "symbol": "ADA-USD"}, {"trade_id": 143593147, "side": "sell", "size": "13.09168600", "price": "0.73730000", "time": "2025-07-14T18:07:10.493028Z", "fetched_at": "2025-07-14T18:10:49.759643+00:00", "symbol": "ADA-USD"}, {"trade_id": 143593146, "side": "buy", "size": "0.53929000", "price": "0.73710000", "time": "2025-07-14T18:07:07.729499Z", "fetched_at": "2025-07-14T18:10:49.759643+00:00", "symbol": "ADA-USD"}, {"trade_id": 143593145, "side": "sell", "size": "627.15843733", "price": "0.73720000", "time": "2025-07-14T18:07:06.686641Z", "fetched_at": "2025-07-14T18:10:49.759643+00:00", "symbol": "ADA-USD"}, {"trade_id": 143593144, "side": "sell", "size": "50.00000000", "price": "0.73720000", "time": "2025-07-14T18:07:06.686641Z", "fetched_at": "2025-07-14T18:10:49.759643+00:00", "symbol": "ADA-USD"}, {"trade_id": 143593143, "side": "sell", "size": "21.50957076", "price": "0.73710000", "time": "2025-07-14T18:07:06.481609Z", "fetched_at": "2025-07-14T18:10:49.759643+00:00", "symbol": "ADA-USD"}, {"trade_id": 143593142, "side": "buy", "size": "453.38635126", "price": "0.73690000", "time": "2025-07-14T18:07:06.329099Z", "fetched_at": "2025-07-14T18:10:49.759643+00:00", "symbol": "ADA-USD"}, {"trade_id": 143593141, "side": "buy", "size": "343.41717818", "price": "0.73690000", "time": "2025-07-14T18:07:06.329099Z", "fetched_at": "2025-07-14T18:10:49.759643+00:00", "symbol": "ADA-USD"}, {"trade_id": 143593140, "side": "buy", "size": "794.95799477", "price": "0.73690000", "time": "2025-07-14T18:07:06.329099Z", "fetched_at": "2025-07-14T18:10:49.759643+00:00", "symbol": "ADA-USD"}, {"trade_id": 143593139, "side": "buy", "size": "4865.50000000", "price": "0.73690000", "time": "2025-07-14T18:07:06.329099Z", "fetched_at": "2025-07-14T18:10:49.759643+00:00", "symbol": "ADA-USD"}, {"trade_id": 143593138, "side": "buy", "size": "702.03165757", "price": "0.73690000", "time": "2025-07-14T18:07:06.329099Z", "fetched_at": "2025-07-14T18:10:49.759643+00:00", "symbol": "ADA-USD"}, {"trade_id": 143593137, "side": "buy", "size": "1771.91335000", "price": "0.73690000", "time": "2025-07-14T18:07:06.329099Z", "fetched_at": "2025-07-14T18:10:49.759643+00:00", "symbol": "ADA-USD"}, {"trade_id": 143593136, "side": "buy", "size": "310.50000000", "price": "0.73690000", "time": "2025-07-14T18:07:06.329099Z", "fetched_at": "2025-07-14T18:10:49.759643+00:00", "symbol": "ADA-USD"}, {"trade_id": 143593135, "side": "buy", "size": "678.39892401", "price": "0.73700000", "time": "2025-07-14T18:07:06.329099Z", "fetched_at": "2025-07-14T18:10:49.759643+00:00", "symbol": "ADA-USD"}, {"trade_id": 143593134, "side": "buy", "size": "439.31141488", "price": "0.73700000", "time": "2025-07-14T18:07:06.329099Z", "fetched_at": "2025-07-14T18:10:49.759643+00:00", "symbol": "ADA-USD"}, {"trade_id": 143593133, "side": "buy", "size": "1.50000000", "price": "0.73700000", "time": "2025-07-14T18:07:06.329099Z", "fetched_at": "2025-07-14T18:10:49.759643+00:00", "symbol": "ADA-USD"}, {"trade_id": 143593132, "side": "buy", "size": "253.73408633", "price": "0.73700000", "time": "2025-07-14T18:07:06.329099Z", "fetched_at": "2025-07-14T18:10:49.759643+00:00", "symbol": "ADA-USD"}, {"trade_id": 143593131, "side": "buy", "size": "500.00000000", "price": "0.73710000", "time": "2025-07-14T18:07:06.329099Z", "fetched_at": "2025-07-14T18:10:49.759643+00:00", "symbol": "ADA-USD"}, {"trade_id": 143593130, "side": "buy", "size": "1.50000000", "price": "0.73710000", "time": "2025-07-14T18:07:06.329099Z", "fetched_at": "2025-07-14T18:10:49.759643+00:00", "symbol": "ADA-USD"}, {"trade_id": 143593129, "side": "buy", "size": "1.50000000", "price": "0.73720000", "time": "2025-07-14T18:07:06.329099Z", "fetched_at": "2025-07-14T18:10:49.759643+00:00", "symbol": "ADA-USD"}, {"trade_id": 143593128, "side": "sell", "size": "637.03821487", "price": "0.73730000", "time": "2025-07-14T18:07:01.207937Z", "fetched_at": "2025-07-14T18:10:49.759643+00:00", "symbol": "ADA-USD"}, {"trade_id": 143593127, "side": "sell", "size": "68.39945000", "price": "0.73730000", "time": "2025-07-14T18:07:01.079895Z", "fetched_at": "2025-07-14T18:10:49.759643+00:00", "symbol": "ADA-USD"}, {"trade_id": 143593126, "side": "buy", "size": "328.74389000", "price": "0.73740000", "time": "2025-07-14T18:07:00.929308Z", "fetched_at": "2025-07-14T18:10:49.759643+00:00", "symbol": "ADA-USD"}, {"trade_id": 143593125, "side": "buy", "size": "171.25610400", "price": "0.73740000", "time": "2025-07-14T18:07:00.205053Z", "fetched_at": "2025-07-14T18:10:49.759643+00:00", "symbol": "ADA-USD"}, {"trade_id": 143593124, "side": "sell", "size": "2.63176500", "price": "0.73750000", "time": "2025-07-14T18:06:59.869143Z", "fetched_at": "2025-07-14T18:10:49.759643+00:00", "symbol": "ADA-USD"}, {"trade_id": 143593123, "side": "sell", "size": "0.09399200", "price": "0.73750000", "time": "2025-07-14T18:06:59.422581Z", "fetched_at": "2025-07-14T18:10:49.759643+00:00", "symbol": "ADA-USD"}, {"trade_id": 143593122, "side": "sell", "size": "0.69372700", "price": "0.73750000", "time": "2025-07-14T18:06:58.800513Z", "fetched_at": "2025-07-14T18:10:49.759643+00:00", "symbol": "ADA-USD"}, {"trade_id": 143593121, "side": "sell", "size": "1.50000000", "price": "0.73750000", "time": "2025-07-14T18:06:57.492286Z", "fetched_at": "2025-07-14T18:10:49.759643+00:00", "symbol": "ADA-USD"}, {"trade_id": 143593120, "side": "sell", "size": "1.50000000", "price": "0.73740000", "time": "2025-07-14T18:06:55.660537Z", "fetched_at": "2025-07-14T18:10:49.759643+00:00", "symbol": "ADA-USD"}, {"trade_id": 143593119, "side": "sell", "size": "28.77704088", "price": "0.73730000", "time": "2025-07-14T18:06:55.535436Z", "fetched_at": "2025-07-14T18:10:49.759643+00:00", "symbol": "ADA-USD"}, {"trade_id": 143593118, "side": "sell", "size": "1.50000000", "price": "0.73730000", "time": "2025-07-14T18:06:55.535436Z", "fetched_at": "2025-07-14T18:10:49.759643+00:00", "symbol": "ADA-USD"}, {"trade_id": 143593117, "side": "sell", "size": "1.50000000", "price": "0.73720000", "time": "2025-07-14T18:06:52.965754Z", "fetched_at": "2025-07-14T18:10:49.759643+00:00", "symbol": "ADA-USD"}, {"trade_id": 143593116, "side": "buy", "size": "8.14885200", "price": "0.73700000", "time": "2025-07-14T18:06:52.504954Z", "fetched_at": "2025-07-14T18:10:49.759643+00:00", "symbol": "ADA-USD"}, {"trade_id": 143593115, "side": "sell", "size": "648.62344262", "price": "0.73710000", "time": "2025-07-14T18:06:51.889230Z", "fetched_at": "2025-07-14T18:10:49.759643+00:00", "symbol": "ADA-USD"}, {"trade_id": 143593114, "side": "sell", "size": "1.50000000", "price": "0.73710000", "time": "2025-07-14T18:06:51.889230Z", "fetched_at": "2025-07-14T18:10:49.759643+00:00", "symbol": "ADA-USD"}, {"trade_id": 143593113, "side": "sell", "size": "112.47650629", "price": "0.73700000", "time": "2025-07-14T18:06:50.935182Z", "fetched_at": "2025-07-14T18:10:49.759643+00:00", "symbol": "ADA-USD"}