[{"trade_id": 143599273, "side": "sell", "size": "58.08550804", "price": "0.73330000", "time": "2025-07-14T19:10:48.380027Z", "fetched_at": "2025-07-14T19:10:50.422881+00:00", "symbol": "ADA-USD"}, {"trade_id": 143599272, "side": "sell", "size": "2.42572996", "price": "0.73330000", "time": "2025-07-14T19:10:48.380027Z", "fetched_at": "2025-07-14T19:10:50.422881+00:00", "symbol": "ADA-USD"}, {"trade_id": 143599271, "side": "sell", "size": "917.32000000", "price": "0.73320000", "time": "2025-07-14T19:10:45.212447Z", "fetched_at": "2025-07-14T19:10:50.422881+00:00", "symbol": "ADA-USD"}, {"trade_id": 143599270, "side": "sell", "size": "261.88293833", "price": "0.73320000", "time": "2025-07-14T19:10:45.212447Z", "fetched_at": "2025-07-14T19:10:50.422881+00:00", "symbol": "ADA-USD"}, {"trade_id": 143599269, "side": "buy", "size": "68.39945000", "price": "0.73310000", "time": "2025-07-14T19:10:45.179735Z", "fetched_at": "2025-07-14T19:10:50.422881+00:00", "symbol": "ADA-USD"}, {"trade_id": 143599268, "side": "sell", "size": "8.84246254", "price": "0.73310000", "time": "2025-07-14T19:10:45.162376Z", "fetched_at": "2025-07-14T19:10:50.422881+00:00", "symbol": "ADA-USD"}, {"trade_id": 143599267, "side": "buy", "size": "455.57964246", "price": "0.73300000", "time": "2025-07-14T19:10:41.503236Z", "fetched_at": "2025-07-14T19:10:50.422881+00:00", "symbol": "ADA-USD"}, {"trade_id": 143599266, "side": "buy", "size": "1.76088456", "price": "0.73300000", "time": "2025-07-14T19:10:41.503236Z", "fetched_at": "2025-07-14T19:10:50.422881+00:00", "symbol": "ADA-USD"}, {"trade_id": 143599265, "side": "buy", "size": "695.13332598", "price": "0.73300000", "time": "2025-07-14T19:10:41.503236Z", "fetched_at": "2025-07-14T19:10:50.422881+00:00", "symbol": "ADA-USD"}, {"trade_id": 143599264, "side": "buy", "size": "1.60000000", "price": "0.73300000", "time": "2025-07-14T19:10:41.503236Z", "fetched_at": "2025-07-14T19:10:50.422881+00:00", "symbol": "ADA-USD"}, {"trade_id": 143599263, "side": "sell", "size": "21.03729854", "price": "0.73310000", "time": "2025-07-14T19:10:41.296336Z", "fetched_at": "2025-07-14T19:10:50.422881+00:00", "symbol": "ADA-USD"}, {"trade_id": 143599262, "side": "sell", "size": "12.06161146", "price": "0.73310000", "time": "2025-07-14T19:10:41.296336Z", "fetched_at": "2025-07-14T19:10:50.422881+00:00", "symbol": "ADA-USD"}, {"trade_id": 143599261, "side": "buy", "size": "1.60000000", "price": "0.73310000", "time": "2025-07-14T19:10:40.090633Z", "fetched_at": "2025-07-14T19:10:50.422881+00:00", "symbol": "ADA-USD"}, {"trade_id": 143599260, "side": "buy", "size": "1.60000000", "price": "0.73320000", "time": "2025-07-14T19:10:39.800351Z", "fetched_at": "2025-07-14T19:10:50.422881+00:00", "symbol": "ADA-USD"}, {"trade_id": 143599259, "side": "buy", "size": "1.60000000", "price": "0.73330000", "time": "2025-07-14T19:10:39.331558Z", "fetched_at": "2025-07-14T19:10:50.422881+00:00", "symbol": "ADA-USD"}, {"trade_id": 143599258, "side": "buy", "size": "1.50000000", "price": "0.73340000", "time": "2025-07-14T19:10:39.294455Z", "fetched_at": "2025-07-14T19:10:50.422881+00:00", "symbol": "ADA-USD"}, {"trade_id": 143599257, "side": "buy", "size": "1.50000000", "price": "0.73350000", "time": "2025-07-14T19:10:37.780446Z", "fetched_at": "2025-07-14T19:10:50.422881+00:00", "symbol": "ADA-USD"}, {"trade_id": 143599256, "side": "buy", "size": "1.50000000", "price": "0.73360000", "time": "2025-07-14T19:10:37.702626Z", "fetched_at": "2025-07-14T19:10:50.422881+00:00", "symbol": "ADA-USD"}, {"trade_id": 143599255, "side": "sell", "size": "13.14696300", "price": "0.73370000", "time": "2025-07-14T19:10:37.085689Z", "fetched_at": "2025-07-14T19:10:50.422881+00:00", "symbol": "ADA-USD"}, {"trade_id": 143599254, "side": "buy", "size": "1.50000000", "price": "0.73370000", "time": "2025-07-14T19:10:34.534159Z", "fetched_at": "2025-07-14T19:10:50.422881+00:00", "symbol": "ADA-USD"}, {"trade_id": 143599253, "side": "buy", "size": "1.50000000", "price": "0.73380000", "time": "2025-07-14T19:10:32.387952Z", "fetched_at": "2025-07-14T19:10:50.422881+00:00", "symbol": "ADA-USD"}, {"trade_id": 143599252, "side": "buy", "size": "1.50000000", "price": "0.73390000", "time": "2025-07-14T19:10:32.136417Z", "fetched_at": "2025-07-14T19:10:50.422881+00:00", "symbol": "ADA-USD"}, {"trade_id": 143599251, "side": "buy", "size": "1.38784041", "price": "0.73400000", "time": "2025-07-14T19:10:27.644210Z", "fetched_at": "2025-07-14T19:10:50.422881+00:00", "symbol": "ADA-USD"}, {"trade_id": 143599250, "side": "buy", "size": "1.50000000", "price": "0.73400000", "time": "2025-07-14T19:10:27.644210Z", "fetched_at": "2025-07-14T19:10:50.422881+00:00", "symbol": "ADA-USD"}, {"trade_id": 143599249, "side": "buy", "size": "12.25991009", "price": "0.73410000", "time": "2025-07-14T19:10:25.184578Z", "fetched_at": "2025-07-14T19:10:50.422881+00:00", "symbol": "ADA-USD"}, {"trade_id": 143599248, "side": "buy", "size": "1.50000000", "price": "0.73410000", "time": "2025-07-14T19:10:20.201798Z", "fetched_at": "2025-07-14T19:10:50.422881+00:00", "symbol": "ADA-USD"}, {"trade_id": 143599247, "side": "sell", "size": "68.39945000", "price": "0.73420000", "time": "2025-07-14T19:10:19.297292Z", "fetched_at": "2025-07-14T19:10:50.422881+00:00", "symbol": "ADA-USD"}, {"trade_id": 143599246, "side": "buy", "size": "1.50000000", "price": "0.73420000", "time": "2025-07-14T19:10:19.283881Z", "fetched_at": "2025-07-14T19:10:50.422881+00:00", "symbol": "ADA-USD"}, {"trade_id": 143599245, "side": "buy", "size": "1.38727340", "price": "0.73430000", "time": "2025-07-14T19:10:19.272887Z", "fetched_at": "2025-07-14T19:10:50.422881+00:00", "symbol": "ADA-USD"}, {"trade_id": 143599244, "side": "buy", "size": "1.50000000", "price": "0.73430000", "time": "2025-07-14T19:10:19.272887Z", "fetched_at": "2025-07-14T19:10:50.422881+00:00", "symbol": "ADA-USD"}, {"trade_id": 143599243, "side": "buy", "size": "1.50000000", "price": "0.73440000", "time": "2025-07-14T19:10:16.646675Z", "fetched_at": "2025-07-14T19:10:50.422881+00:00", "symbol": "ADA-USD"}, {"trade_id": 143599242, "side": "sell", "size": "8.86157700", "price": "0.73450000", "time": "2025-07-14T19:10:16.545548Z", "fetched_at": "2025-07-14T19:10:50.422881+00:00", "symbol": "ADA-USD"}, {"trade_id": 143599241, "side": "buy", "size": "1.38689565", "price": "0.73450000", "time": "2025-07-14T19:10:16.499873Z", "fetched_at": "2025-07-14T19:10:50.422881+00:00", "symbol": "ADA-USD"}, {"trade_id": 143599240, "side": "buy", "size": "1.50000000", "price": "0.73450000", "time": "2025-07-14T19:10:16.499873Z", "fetched_at": "2025-07-14T19:10:50.422881+00:00", "symbol": "ADA-USD"}, {"trade_id": 143599239, "side": "sell", "size": "132.23350100", "price": "0.73470000", "time": "2025-07-14T19:10:10.927239Z", "fetched_at": "2025-07-14T19:10:50.422881+00:00", "symbol": "ADA-USD"}, {"trade_id": 143599238, "side": "buy", "size": "1211.00387410", "price": "0.73460000", "time": "2025-07-14T19:10:09.714808Z", "fetched_at": "2025-07-14T19:10:50.422881+00:00", "symbol": "ADA-USD"}, {"trade_id": 143599237, "side": "buy", "size": "877.01414981", "price": "0.73460000", "time": "2025-07-14T19:10:09.714808Z", "fetched_at": "2025-07-14T19:10:50.422881+00:00", "symbol": "ADA-USD"}, {"trade_id": 143599236, "side": "buy", "size": "320.21283422", "price": "0.73460000", "time": "2025-07-14T19:10:09.714808Z", "fetched_at": "2025-07-14T19:10:50.422881+00:00", "symbol": "ADA-USD"}, {"trade_id": 143599235, "side": "buy", "size": "310.50000000", "price": "0.73470000", "time": "2025-07-14T19:10:09.714808Z", "fetched_at": "2025-07-14T19:10:50.422881+00:00", "symbol": "ADA-USD"}, {"trade_id": 143599234, "side": "buy", "size": "2.79911487", "price": "0.73470000", "time": "2025-07-14T19:10:09.714808Z", "fetched_at": "2025-07-14T19:10:50.422881+00:00", "symbol": "ADA-USD"}, {"trade_id": 143599233, "side": "sell", "size": "13.00000000", "price": "0.73480000", "time": "2025-07-14T19:10:07.517657Z", "fetched_at": "2025-07-14T19:10:50.422881+00:00", "symbol": "ADA-USD"}, {"trade_id": 143599232, "side": "buy", "size": "179.78716578", "price": "0.73460000", "time": "2025-07-14T19:10:07.157693Z", "fetched_at": "2025-07-14T19:10:50.422881+00:00", "symbol": "ADA-USD"}, {"trade_id": 143599231, "side": "buy", "size": "1.50000000", "price": "0.73460000", "time": "2025-07-14T19:10:07.157693Z", "fetched_at": "2025-07-14T19:10:50.422881+00:00", "symbol": "ADA-USD"}, {"trade_id": 143599230, "side": "buy", "size": "11.35645286", "price": "0.73470000", "time": "2025-07-14T19:10:07.157693Z", "fetched_at": "2025-07-14T19:10:50.422881+00:00", "symbol": "ADA-USD"}, {"trade_id": 143599229, "side": "buy", "size": "80.79826836", "price": "0.73470000", "time": "2025-07-14T19:10:07.157693Z", "fetched_at": "2025-07-14T19:10:50.422881+00:00", "symbol": "ADA-USD"}, {"trade_id": 143599228, "side": "buy", "size": "1.50000000", "price": "0.73470000", "time": "2025-07-14T19:10:07.157693Z", "fetched_at": "2025-07-14T19:10:50.422881+00:00", "symbol": "ADA-USD"}, {"trade_id": 143599227, "side": "buy", "size": "12.01836400", "price": "0.73480000", "time": "2025-07-14T19:10:04.928802Z", "fetched_at": "2025-07-14T19:10:50.422881+00:00", "symbol": "ADA-USD"}, {"trade_id": 143599226, "side": "sell", "size": "52.42156900", "price": "0.73510000", "time": "2025-07-14T19:10:00.064188Z", "fetched_at": "2025-07-14T19:10:50.422881+00:00", "symbol": "ADA-USD"}, {"trade_id": 143599225, "side": "sell", "size": "1.50000000", "price": "0.73510000", "time": "2025-07-14T19:10:00.064188Z", "fetched_at": "2025-07-14T19:10:50.422881+00:00", "symbol": "ADA-USD"}, {"trade_id": 143599224, "side": "sell", "size": "4.90231400", "price": "0.73510000", "time": "2025-07-14T19:09:58.532985Z", "fetched_at": "2025-07-14T19:10:50.422881+00:00", "symbol": "ADA-USD"}, {"trade_id": 143599223, "side": "sell", "size": "1.50000000", "price": "0.73500000", "time": "2025-07-14T19:09:58.532985Z", "fetched_at": "2025-07-14T19:10:50.422881+00:00", "symbol": "ADA-USD"}, {"trade_id": 143599222, "side": "sell", "size": "403.75127672", "price": "0.73490000", "time": "2025-07-14T19:09:56.500422Z", "fetched_at": "2025-07-14T19:10:50.422881+00:00", "symbol": "ADA-USD"}, {"trade_id": 143599221, "side": "sell", "size": "1.50000000", "price": "0.73490000", "time": "2025-07-14T19:09:56.500422Z", "fetched_at": "2025-07-14T19:10:50.422881+00:00", "symbol": "ADA-USD"}, {"trade_id": 143599220, "side": "sell", "size": "1.50000000", "price": "0.73480000", "time": "2025-07-14T19:09:56.500422Z", "fetched_at": "2025-07-14T19:10:50.422881+00:00", "symbol": "ADA-USD"}, {"trade_id": 143599219, "side": "sell", "size": "1.50000000", "price": "0.73470000", "time": "2025-07-14T19:09:56.467580Z", "fetched_at": "2025-07-14T19:10:50.422881+00:00", "symbol": "ADA-USD"}, {"trade_id": 143599218, "side": "sell", "size": "1.50000000", "price": "0.73460000", "time": "2025-07-14T19:09:55.365856Z", "fetched_at": "2025-07-14T19:10:50.422881+00:00", "symbol": "ADA-USD"}, {"trade_id": 143599217, "side": "sell", "size": "145.24000000", "price": "0.73450000", "time": "2025-07-14T19:09:54.579677Z", "fetched_at": "2025-07-14T19:10:50.422881+00:00", "symbol": "ADA-USD"}, {"trade_id": 143599216, "side": "sell", "size": "145.23135397", "price": "0.73450000", "time": "2025-07-14T19:09:54.579677Z", "fetched_at": "2025-07-14T19:10:50.422881+00:00", "symbol": "ADA-USD"}, {"trade_id": 143599215, "side": "sell", "size": "13.43378700", "price": "0.73440000", "time": "2025-07-14T19:09:53.676825Z", "fetched_at": "2025-07-14T19:10:50.422881+00:00", "symbol": "ADA-USD"}, {"trade_id": 143599214, "side": "buy", "size": "303.55351824", "price": "0.73420000", "time": "2025-07-14T19:09:52.590787Z", "fetched_at": "2025-07-14T19:10:50.422881+00:00", "symbol": "ADA-USD"}, {"trade_id": 143599213, "side": "buy", "size": "114.29377000", "price": "0.73420000", "time": "2025-07-14T19:09:52.590787Z", "fetched_at": "2025-07-14T19:10:50.422881+00:00", "symbol": "ADA-USD"}, {"trade_id": 143599212, "side": "buy", "size": "674.57561176", "price": "0.73420000", "time": "2025-07-14T19:09:52.590787Z", "fetched_at": "2025-07-14T19:10:50.422881+00:00", "symbol": "ADA-USD"}, {"trade_id": 143599211, "side": "buy", "size": "107.57710000", "price": "0.73420000", "time": "2025-07-14T19:09:52.590787Z", "fetched_at": "2025-07-14T19:10:50.422881+00:00", "symbol": "ADA-USD"}, {"trade_id": 143599210, "side": "sell", "size": "510.77626067", "price": "0.73450000", "time": "2025-07-14T19:09:52.331292Z", "fetched_at": "2025-07-14T19:10:50.422881+00:00", "symbol": "ADA-USD"}, {"trade_id": 143599209, "side": "sell", "size": "310.50000000", "price": "0.73450000", "time": "2025-07-14T19:09:52.331292Z", "fetched_at": "2025-07-14T19:10:50.422881+00:00", "symbol": "ADA-USD"}, {"trade_id": 143599208, "side": "sell", "size": "263.39000000", "price": "0.73440000", "time": "2025-07-14T19:09:52.331292Z", "fetched_at": "2025-07-14T19:10:50.422881+00:00", "symbol": "ADA-USD"}, {"trade_id": 143599207, "side": "sell", "size": "1.50000000", "price": "0.73440000", "time": "2025-07-14T19:09:52.331292Z", "fetched_at": "2025-07-14T19:10:50.422881+00:00", "symbol": "ADA-USD"}, {"trade_id": 143599206, "side": "sell", "size": "261.88293833", "price": "0.73440000", "time": "2025-07-14T19:09:52.331292Z", "fetched_at": "2025-07-14T19:10:50.422881+00:00", "symbol": "ADA-USD"}, {"trade_id": 143599205, "side": "sell", "size": "2.69064216", "price": "0.73420000", "time": "2025-07-14T19:09:51.617728Z", "fetched_at": "2025-07-14T19:10:50.422881+00:00", "symbol": "ADA-USD"}, {"trade_id": 143599204, "side": "sell", "size": "9.84750792", "price": "0.73430000", "time": "2025-07-14T19:09:50.708926Z", "fetched_at": "2025-07-14T19:10:50.422881+00:00", "symbol": "ADA-USD"}, {"trade_id": 143599203, "side": "sell", "size": "1.50000000", "price": "0.73430000", "time": "2025-07-14T19:09:50.708926Z", "fetched_at": "2025-07-14T19:10:50.422881+00:00", "symbol": "ADA-USD"}, {"trade_id": 143599202, "side": "sell", "size": "12.03059108", "price": "0.73420000", "time": "2025-07-14T19:09:50.708926Z", "fetched_at": "2025-07-14T19:10:50.422881+00:00", "symbol": "ADA-USD"}, {"trade_id": 143599201, "side": "sell", "size": "1.50000000", "price": "0.73420000", "time": "2025-07-14T19:09:50.708926Z", "fetched_at": "2025-07-14T19:10:50.422881+00:00", "symbol": "ADA-USD"}, {"trade_id": 143599200, "side": "sell", "size": "153.22000000", "price": "0.73410000", "time": "2025-07-14T19:09:49.962394Z", "fetched_at": "2025-07-14T19:10:50.422881+00:00", "symbol": "ADA-USD"}, {"trade_id": 143599199, "side": "sell", "size": "12.03060524", "price": "0.73410000", "time": "2025-07-14T19:09:49.962394Z", "fetched_at": "2025-07-14T19:10:50.422881+00:00", "symbol": "ADA-USD"}, {"trade_id": 143599198, "side": "sell", "size": "141.17870707", "price": "0.73410000", "time": "2025-07-14T19:09:49.962394Z", "fetched_at": "2025-07-14T19:10:50.422881+00:00", "symbol": "ADA-USD"}, {"trade_id": 143599197, "side": "buy", "size": "353.82252700", "price": "0.73390000", "time": "2025-07-14T19:09:46.697890Z", "fetched_at": "2025-07-14T19:10:50.422881+00:00", "symbol": "ADA-USD"}, {"trade_id": 143599196, "side": "buy", "size": "1.50000000", "price": "0.73390000", "time": "2025-07-14T19:09:46.697890Z", "fetched_at": "2025-07-14T19:10:50.422881+00:00", "symbol": "ADA-USD"}, {"trade_id": 143599195, "side": "buy", "size": "1.50000000", "price": "0.73400000", "time": "2025-07-14T19:09:46.697890Z", "fetched_at": "2025-07-14T19:10:50.422881+00:00", "symbol": "ADA-USD"}, {"trade_id": 143599194, "side": "buy", "size": "1.50000000", "price": "0.73410000", "time": "2025-07-14T19:09:45.464625Z", "fetched_at": "2025-07-14T19:10:50.422881+00:00", "symbol": "ADA-USD"}, {"trade_id": 143599193, "side": "sell", "size": "3.36918100", "price": "0.73420000", "time": "2025-07-14T19:09:44.199491Z", "fetched_at": "2025-07-14T19:10:50.422881+00:00", "symbol": "ADA-USD"}, {"trade_id": 143599192, "side": "buy", "size": "1.50000000", "price": "0.73420000", "time": "2025-07-14T19:09:40.552013Z", "fetched_at": "2025-07-14T19:10:50.422881+00:00", "symbol": "ADA-USD"}, {"trade_id": 143599191, "side": "buy", "size": "1.50000000", "price": "0.73430000", "time": "2025-07-14T19:09:33.750236Z", "fetched_at": "2025-07-14T19:10:50.422881+00:00", "symbol": "ADA-USD"}, {"trade_id": 143599190, "side": "buy", "size": "4.37126530", "price": "0.73440000", "time": "2025-07-14T19:09:32.676606Z", "fetched_at": "2025-07-14T19:10:50.422881+00:00", "symbol": "ADA-USD"}, {"trade_id": 143599189, "side": "buy", "size": "1.50000000", "price": "0.73440000", "time": "2025-07-14T19:09:32.676606Z", "fetched_at": "2025-07-14T19:10:50.422881+00:00", "symbol": "ADA-USD"}, {"trade_id": 143599188, "side": "buy", "size": "910.45209467", "price": "0.73450000", "time": "2025-07-14T19:09:25.129424Z", "fetched_at": "2025-07-14T19:10:50.422881+00:00", "symbol": "ADA-USD"}, {"trade_id": 143599187, "side": "buy", "size": "500.00000000", "price": "0.73450000", "time": "2025-07-14T19:09:25.129424Z", "fetched_at": "2025-07-14T19:10:50.422881+00:00", "symbol": "ADA-USD"}, {"trade_id": 143599186, "side": "buy", "size": "12.02327279", "price": "0.73450000", "time": "2025-07-14T19:09:25.129424Z", "fetched_at": "2025-07-14T19:10:50.422881+00:00", "symbol": "ADA-USD"}, {"trade_id": 143599185, "side": "buy", "size": "52.53913254", "price": "0.73450000", "time": "2025-07-14T19:09:25.129424Z", "fetched_at": "2025-07-14T19:10:50.422881+00:00", "symbol": "ADA-USD"}, {"trade_id": 143599184, "side": "sell", "size": "12.02236424", "price": "0.73460000", "time": "2025-07-14T19:09:16.012693Z", "fetched_at": "2025-07-14T19:10:50.422881+00:00", "symbol": "ADA-USD"}, {"trade_id": 143599183, "side": "buy", "size": "10.97980733", "price": "0.73460000", "time": "2025-07-14T19:09:10.641140Z", "fetched_at": "2025-07-14T19:10:50.422881+00:00", "symbol": "ADA-USD"}, {"trade_id": 143599182, "side": "sell", "size": "12.02406202", "price": "0.73460000", "time": "2025-07-14T19:09:10.397602Z", "fetched_at": "2025-07-14T19:10:50.422881+00:00", "symbol": "ADA-USD"}, {"trade_id": 143599181, "side": "sell", "size": "1.50000000", "price": "0.73460000", "time": "2025-07-14T19:09:10.397602Z", "fetched_at": "2025-07-14T19:10:50.422881+00:00", "symbol": "ADA-USD"}, {"trade_id": 143599180, "side": "sell", "size": "12.02410723", "price": "0.73450000", "time": "2025-07-14T19:09:07.777965Z", "fetched_at": "2025-07-14T19:10:50.422881+00:00", "symbol": "ADA-USD"}, {"trade_id": 143599179, "side": "buy", "size": "286.47509005", "price": "0.73430000", "time": "2025-07-14T19:09:05.336002Z", "fetched_at": "2025-07-14T19:10:50.422881+00:00", "symbol": "ADA-USD"}, {"trade_id": 143599178, "side": "buy", "size": "1.50000000", "price": "0.73430000", "time": "2025-07-14T19:09:05.336002Z", "fetched_at": "2025-07-14T19:10:50.422881+00:00", "symbol": "ADA-USD"}, {"trade_id": 143599177, "side": "buy", "size": "12.02490995", "price": "0.73440000", "time": "2025-07-14T19:09:05.336002Z", "fetched_at": "2025-07-14T19:10:50.422881+00:00", "symbol": "ADA-USD"}, {"trade_id": 143599176, "side": "buy", "size": "12.02327279", "price": "0.73450000", "time": "2025-07-14T19:09:04.432108Z", "fetched_at": "2025-07-14T19:10:50.422881+00:00", "symbol": "ADA-USD"}, {"trade_id": 143599175, "side": "buy", "size": "680.82788671", "price": "0.73440000", "time": "2025-07-14T19:09:04.421062Z", "fetched_at": "2025-07-14T19:10:50.422881+00:00", "symbol": "ADA-USD"}, {"trade_id": 143599174, "side": "buy", "size": "51.00306000", "price": "0.73450000", "time": "2025-07-14T19:09:04.419715Z", "fetched_at": "2025-07-14T19:10:50.422881+00:00", "symbol": "ADA-USD"}, {"trade_id": 143599173, "side": "buy", "size": "12.02327279", "price": "0.73450000", "time": "2025-07-14T19:09:04.419715Z", "fetched_at": "2025-07-14T19:10:50.422881+00:00", "symbol": "ADA-USD"}, {"trade_id": 143599172, "side": "buy", "size": "310.50000000", "price": "0.73450000", "time": "2025-07-14T19:09:04.419715Z", "fetched_at": "2025-07-14T19:10:50.422881+00:00", "symbol": "ADA-USD"}, {"trade_id": 143599171, "side": "sell", "size": "264.53899600", "price": "0.73460000", "time": "2025-07-14T19:09:03.462419Z", "fetched_at": "2025-07-14T19:10:50.422881+00:00", "symbol": "ADA-USD"}, {"trade_id": 143599170, "side": "sell", "size": "1.50000000", "price": "0.73450000", "time": "2025-07-14T19:09:03.424071Z", "fetched_at": "2025-07-14T19:10:50.422881+00:00", "symbol": "ADA-USD"}, {"trade_id": 143599169, "side": "sell", "size": "2.72015310", "price": "0.73440000", "time": "2025-07-14T19:09:03.246484Z", "fetched_at": "2025-07-14T19:10:50.422881+00:00", "symbol": "ADA-USD"}, {"trade_id": 143599168, "side": "buy", "size": "34.87723000", "price": "0.73440000", "time": "2025-07-14T19:09:01.421313Z", "fetched_at": "2025-07-14T19:10:50.422881+00:00", "symbol": "ADA-USD"}, {"trade_id": 143599167, "side": "sell", "size": "327.66603448", "price": "0.73430000", "time": "2025-07-14T19:09:00.669323Z", "fetched_at": "2025-07-14T19:10:50.422881+00:00", "symbol": "ADA-USD"}, {"trade_id": 143599166, "side": "sell", "size": "683.39396552", "price": "0.73430000", "time": "2025-07-14T19:09:00.669213Z", "fetched_at": "2025-07-14T19:10:50.422881+00:00", "symbol": "ADA-USD"}, {"trade_id": 143599165, "side": "sell", "size": "872.44173503", "price": "0.73430000", "time": "2025-07-14T19:09:00.666105Z", "fetched_at": "2025-07-14T19:10:50.422881+00:00", "symbol": "ADA-USD"}, {"trade_id": 143599164, "side": "sell", "size": "11.75547641", "price": "0.73430000", "time": "2025-07-14T19:09:00.666105Z", "fetched_at": "2025-07-14T19:10:50.422881+00:00", "symbol": "ADA-USD"}, {"trade_id": 143599163, "side": "buy", "size": "1.50000000", "price": "0.73430000", "time": "2025-07-14T19:08:59.969567Z", "fetched_at": "2025-07-14T19:10:50.422881+00:00", "symbol": "ADA-USD"}, {"trade_id": 143599162, "side": "buy", "size": "12.02490995", "price": "0.73440000", "time": "2025-07-14T19:08:59.297471Z", "fetched_at": "2025-07-14T19:10:50.422881+00:00", "symbol": "ADA-USD"}, {"trade_id": 143599161, "side": "buy", "size": "1.50000000", "price": "0.73440000", "time": "2025-07-14T19:08:59.297471Z", "fetched_at": "2025-07-14T19:10:50.422881+00:00", "symbol": "ADA-USD"}, {"trade_id": 143599160, "side": "sell", "size": "32.00289439", "price": "0.73460000", "time": "2025-07-14T19:08:59.205241Z", "fetched_at": "2025-07-14T19:10:50.422881+00:00", "symbol": "ADA-USD"}, {"trade_id": 143599159, "side": "sell", "size": "51.00306000", "price": "0.73450000", "time": "2025-07-14T19:08:59.205241Z", "fetched_at": "2025-07-14T19:10:50.422881+00:00", "symbol": "ADA-USD"}, {"trade_id": 143599158, "side": "sell", "size": "11.49156895", "price": "0.73450000", "time": "2025-07-14T19:08:59.205241Z", "fetched_at": "2025-07-14T19:10:50.422881+00:00", "symbol": "ADA-USD"}, {"trade_id": 143599157, "side": "sell", "size": "40.23301566", "price": "0.73450000", "time": "2025-07-14T19:08:59.205241Z", "fetched_at": "2025-07-14T19:10:50.422881+00:00", "symbol": "ADA-USD"}, {"trade_id": 143599156, "side": "sell", "size": "270.26698434", "price": "0.73450000", "time": "2025-07-14T19:08:58.563426Z", "fetched_at": "2025-07-14T19:10:50.422881+00:00", "symbol": "ADA-USD"}, {"trade_id": 143599155, "side": "sell", "size": "25.82301900", "price": "0.73450000", "time": "2025-07-14T19:08:56.835576Z", "fetched_at": "2025-07-14T19:10:50.422881+00:00", "symbol": "ADA-USD"}, {"trade_id": 143599154, "side": "buy", "size": "12.02327279", "price": "0.73450000", "time": "2025-07-14T19:08:56.829621Z", "fetched_at": "2025-07-14T19:10:50.422881+00:00", "symbol": "ADA-USD"}, {"trade_id": 143599153, "side": "buy", "size": "18.29935829", "price": "0.73460000", "time": "2025-07-14T19:08:55.851712Z", "fetched_at": "2025-07-14T19:10:50.422881+00:00", "symbol": "ADA-USD"}, {"trade_id": 143599152, "side": "buy", "size": "70.05217671", "price": "0.73460000", "time": "2025-07-14T19:08:55.851712Z", "fetched_at": "2025-07-14T19:10:50.422881+00:00", "symbol": "ADA-USD"}, {"trade_id": 143599151, "side": "sell", "size": "10.97077034", "price": "0.73460000", "time": "2025-07-14T19:08:55.543810Z", "fetched_at": "2025-07-14T19:10:50.422881+00:00", "symbol": "ADA-USD"}, {"trade_id": 143599150, "side": "sell", "size": "64.33138827", "price": "0.73460000", "time": "2025-07-14T19:08:54.126916Z", "fetched_at": "2025-07-14T19:10:50.422881+00:00", "symbol": "ADA-USD"}, {"trade_id": 143599149, "side": "sell", "size": "4.06806173", "price": "0.73460000", "time": "2025-07-14T19:08:54.126916Z", "fetched_at": "2025-07-14T19:10:50.422881+00:00", "symbol": "ADA-USD"}, {"trade_id": 143599148, "side": "buy", "size": "100.80808693", "price": "0.73440000", "time": "2025-07-14T19:08:53.868446Z", "fetched_at": "2025-07-14T19:10:50.422881+00:00", "symbol": "ADA-USD"}, {"trade_id": 143599147, "side": "buy", "size": "93.40290228", "price": "0.73440000", "time": "2025-07-14T19:08:53.868446Z", "fetched_at": "2025-07-14T19:10:50.422881+00:00", "symbol": "ADA-USD"}, {"trade_id": 143599146, "side": "buy", "size": "12.02327279", "price": "0.73450000", "time": "2025-07-14T19:08:53.868446Z", "fetched_at": "2025-07-14T19:10:50.422881+00:00", "symbol": "ADA-USD"}, {"trade_id": 143599145, "side": "sell", "size": "12.02421768", "price": "0.73460000", "time": "2025-07-14T19:08:45.932636Z", "fetched_at": "2025-07-14T19:10:50.422881+00:00", "symbol": "ADA-USD"}, {"trade_id": 143599144, "side": "sell", "size": "12.02415329", "price": "0.73440000", "time": "2025-07-14T19:08:45.716243Z", "fetched_at": "2025-07-14T19:10:50.422881+00:00", "symbol": "ADA-USD"}, {"trade_id": 143599143, "side": "buy", "size": "238.17220356", "price": "0.73430000", "time": "2025-07-14T19:08:45.151826Z", "fetched_at": "2025-07-14T19:10:50.422881+00:00", "symbol": "ADA-USD"}, {"trade_id": 143599142, "side": "buy", "size": "1790.73760000", "price": "0.73430000", "time": "2025-07-14T19:08:45.151826Z", "fetched_at": "2025-07-14T19:10:50.422881+00:00", "symbol": "ADA-USD"}, {"trade_id": 143599141, "side": "buy", "size": "976.00425348", "price": "0.73430000", "time": "2025-07-14T19:08:45.151826Z", "fetched_at": "2025-07-14T19:10:50.422881+00:00", "symbol": "ADA-USD"}, {"trade_id": 143599140, "side": "buy", "size": "807.73662815", "price": "0.73430000", "time": "2025-07-14T19:08:45.151826Z", "fetched_at": "2025-07-14T19:10:50.422881+00:00", "symbol": "ADA-USD"}, {"trade_id": 143599139, "side": "buy", "size": "877.01414981", "price": "0.73430000", "time": "2025-07-14T19:08:45.151826Z", "fetched_at": "2025-07-14T19:10:50.422881+00:00", "symbol": "ADA-USD"}, {"trade_id": 143599138, "side": "buy", "size": "1.50000000", "price": "0.73430000", "time": "2025-07-14T19:08:45.151826Z", "fetched_at": "2025-07-14T19:10:50.422881+00:00", "symbol": "ADA-USD"}, {"trade_id": 143599137, "side": "buy", "size": "310.50000000", "price": "0.73430000", "time": "2025-07-14T19:08:45.151826Z", "fetched_at": "2025-07-14T19:10:50.422881+00:00", "symbol": "ADA-USD"}, {"trade_id": 143599136, "side": "buy", "size": "1.50000000", "price": "0.73440000", "time": "2025-07-14T19:08:45.151826Z", "fetched_at": "2025-07-14T19:10:50.422881+00:00", "symbol": "ADA-USD"}, {"trade_id": 143599135, "side": "buy", "size": "1.50000000", "price": "0.73450000", "time": "2025-07-14T19:08:43.427535Z", "fetched_at": "2025-07-14T19:10:50.422881+00:00", "symbol": "ADA-USD"}, {"trade_id": 143599134, "side": "buy", "size": "1.55359500", "price": "0.73460000", "time": "2025-07-14T19:08:42.545656Z", "fetched_at": "2025-07-14T19:10:50.422881+00:00", "symbol": "ADA-USD"}, {"trade_id": 143599133, "side": "buy", "size": "500.00000000", "price": "0.73460000", "time": "2025-07-14T19:08:42.526742Z", "fetched_at": "2025-07-14T19:10:50.422881+00:00", "symbol": "ADA-USD"}, {"trade_id": 143599132, "side": "buy", "size": "4944.30000000", "price": "0.73460000", "time": "2025-07-14T19:08:42.525886Z", "fetched_at": "2025-07-14T19:10:50.422881+00:00", "symbol": "ADA-USD"}, {"trade_id": 143599131, "side": "buy", "size": "1.50000000", "price": "0.73460000", "time": "2025-07-14T19:08:42.525886Z", "fetched_at": "2025-07-14T19:10:50.422881+00:00", "symbol": "ADA-USD"}, {"trade_id": 143599130, "side": "buy", "size": "1.53992516", "price": "0.73470000", "time": "2025-07-14T19:08:42.512781Z", "fetched_at": "2025-07-14T19:10:50.422881+00:00", "symbol": "ADA-USD"}, {"trade_id": 143599129, "side": "buy", "size": "1.50000000", "price": "0.73470000", "time": "2025-07-14T19:08:42.512781Z", "fetched_at": "2025-07-14T19:10:50.422881+00:00", "symbol": "ADA-USD"}, {"trade_id": 143599128, "side": "sell", "size": "16.12535700", "price": "0.73480000", "time": "2025-07-14T19:08:39.857852Z", "fetched_at": "2025-07-14T19:10:50.422881+00:00", "symbol": "ADA-USD"}, {"trade_id": 143599127, "side": "buy", "size": "1.82552959", "price": "0.73490000", "time": "2025-07-14T19:08:37.980880Z", "fetched_at": "2025-07-14T19:10:50.422881+00:00", "symbol": "ADA-USD"}, {"trade_id": 143599126, "side": "buy", "size": "680.44549413", "price": "0.73480000", "time": "2025-07-14T19:08:37.963723Z", "fetched_at": "2025-07-14T19:10:50.422881+00:00", "symbol": "ADA-USD"}, {"trade_id": 143599125, "side": "buy", "size": "1.50000000", "price": "0.73480000", "time": "2025-07-14T19:08:37.963723Z", "fetched_at": "2025-07-14T19:10:50.422881+00:00", "symbol": "ADA-USD"}, {"trade_id": 143599124, "side": "buy", "size": "1.68669178", "price": "0.73490000", "time": "2025-07-14T19:08:37.963723Z", "fetched_at": "2025-07-14T19:10:50.422881+00:00", "symbol": "ADA-USD"}, {"trade_id": 143599123, "side": "buy", "size": "1.50000000", "price": "0.73490000", "time": "2025-07-14T19:08:37.963723Z", "fetched_at": "2025-07-14T19:10:50.422881+00:00", "symbol": "ADA-USD"}, {"trade_id": 143599122, "side": "buy", "size": "1.50000000", "price": "0.73500000", "time": "2025-07-14T19:08:37.963723Z", "fetched_at": "2025-07-14T19:10:50.422881+00:00", "symbol": "ADA-USD"}, {"trade_id": 143599121, "side": "sell", "size": "91.20386972", "price": "0.73510000", "time": "2025-07-14T19:08:37.908883Z", "fetched_at": "2025-07-14T19:10:50.422881+00:00", "symbol": "ADA-USD"}, {"trade_id": 143599120, "side": "sell", "size": "8.79613028", "price": "0.73510000", "time": "2025-07-14T19:08:37.908883Z", "fetched_at": "2025-07-14T19:10:50.422881+00:00", "symbol": "ADA-USD"}, {"trade_id": 143599119, "side": "buy", "size": "11.77196069", "price": "0.73510000", "time": "2025-07-14T19:08:36.370668Z", "fetched_at": "2025-07-14T19:10:50.422881+00:00", "symbol": "ADA-USD"}, {"trade_id": 143599118, "side": "buy", "size": "4948.60000000", "price": "0.73510000", "time": "2025-07-14T19:08:36.370668Z", "fetched_at": "2025-07-14T19:10:50.422881+00:00", "symbol": "ADA-USD"}, {"trade_id": 143599117, "side": "buy", "size": "1.50000000", "price": "0.73510000", "time": "2025-07-14T19:08:36.370668Z", "fetched_at": "2025-07-14T19:10:50.422881+00:00", "symbol": "ADA-USD"}, {"trade_id": 143599116, "side": "sell", "size": "108.54996747", "price": "0.73530000", "time": "2025-07-14T19:08:33.925595Z", "fetched_at": "2025-07-14T19:10:50.422881+00:00", "symbol": "ADA-USD"}, {"trade_id": 143599115, "side": "sell", "size": "11.72817370", "price": "0.73530000", "time": "2025-07-14T19:08:33.925595Z", "fetched_at": "2025-07-14T19:10:50.422881+00:00", "symbol": "ADA-USD"}, {"trade_id": 143599114, "side": "sell", "size": "12.00936183", "price": "0.73520000", "time": "2025-07-14T19:08:33.925595Z", "fetched_at": "2025-07-14T19:10:50.422881+00:00", "symbol": "ADA-USD"}, {"trade_id": 143599113, "side": "buy", "size": "11.41670485", "price": "0.73530000", "time": "2025-07-14T19:08:31.780724Z", "fetched_at": "2025-07-14T19:10:50.422881+00:00", "symbol": "ADA-USD"}, {"trade_id": 143599112, "side": "buy", "size": "7.98645535", "price": "0.73520000", "time": "2025-07-14T19:08:30.717550Z", "fetched_at": "2025-07-14T19:10:50.422881+00:00", "symbol": "ADA-USD"}, {"trade_id": 143599111, "side": "buy", "size": "877.01414981", "price": "0.73520000", "time": "2025-07-14T19:08:30.717550Z", "fetched_at": "2025-07-14T19:10:50.422881+00:00", "symbol": "ADA-USD"}, {"trade_id": 143599110, "side": "buy", "size": "50.00000000", "price": "0.73530000", "time": "2025-07-14T19:08:30.717550Z", "fetched_at": "2025-07-14T19:10:50.422881+00:00", "symbol": "ADA-USD"}, {"trade_id": 143599109, "side": "buy", "size": "11.41104884", "price": "0.73530000", "time": "2025-07-14T19:08:30.717550Z", "fetched_at": "2025-07-14T19:10:50.422881+00:00", "symbol": "ADA-USD"}, {"trade_id": 143599108, "side": "sell", "size": "1.50000000", "price": "0.73540000", "time": "2025-07-14T19:08:22.717944Z", "fetched_at": "2025-07-14T19:10:50.422881+00:00", "symbol": "ADA-USD"}, {"trade_id": 143599107, "side": "sell", "size": "762.43632309", "price": "0.73530000", "time": "2025-07-14T19:08:22.564036Z", "fetched_at": "2025-07-14T19:10:50.422881+00:00", "symbol": "ADA-USD"}, {"trade_id": 143599106, "side": "sell", "size": "1.50000000", "price": "0.73530000", "time": "2025-07-14T19:08:22.564036Z", "fetched_at": "2025-07-14T19:10:50.422881+00:00", "symbol": "ADA-USD"}, {"trade_id": 143599105, "side": "buy", "size": "1426.18763757", "price": "0.73510000", "time": "2025-07-14T19:08:21.063082Z", "fetched_at": "2025-07-14T19:10:50.422881+00:00", "symbol": "ADA-USD"}, {"trade_id": 143599104, "side": "buy", "size": "1796.96393000", "price": "0.73510000", "time": "2025-07-14T19:08:21.063082Z", "fetched_at": "2025-07-14T19:10:50.422881+00:00", "symbol": "ADA-USD"}, {"trade_id": 143599103, "side": "buy", "size": "1680.39938000", "price": "0.73510000", "time": "2025-07-14T19:08:21.063082Z", "fetched_at": "2025-07-14T19:10:50.422881+00:00", "symbol": "ADA-USD"}, {"trade_id": 143599102, "side": "buy", "size": "500.00000000", "price": "0.73510000", "time": "2025-07-14T19:08:21.063082Z", "fetched_at": "2025-07-14T19:10:50.422881+00:00", "symbol": "ADA-USD"}, {"trade_id": 143599101, "side": "buy", "size": "111.76201000", "price": "0.73510000", "time": "2025-07-14T19:08:21.063082Z", "fetched_at": "2025-07-14T19:10:50.422881+00:00", "symbol": "ADA-USD"}, {"trade_id": 143599100, "side": "buy", "size": "196.48279532", "price": "0.73510000", "time": "2025-07-14T19:08:21.063082Z", "fetched_at": "2025-07-14T19:10:50.422881+00:00", "symbol": "ADA-USD"}, {"trade_id": 143599099, "side": "buy", "size": "111.76201000", "price": "0.73520000", "time": "2025-07-14T19:08:21.063082Z", "fetched_at": "2025-07-14T19:10:50.422881+00:00", "symbol": "ADA-USD"}, {"trade_id": 143599098, "side": "buy", "size": "50.00000000", "price": "0.73520000", "time": "2025-07-14T19:08:21.063082Z", "fetched_at": "2025-07-14T19:10:50.422881+00:00", "symbol": "ADA-USD"}, {"trade_id": 143599097, "side": "buy", "size": "8.85869416", "price": "0.73520000", "time": "2025-07-14T19:08:21.063082Z", "fetched_at": "2025-07-14T19:10:50.422881+00:00", "symbol": "ADA-USD"}, {"trade_id": 143599096, "side": "sell", "size": "310.50000000", "price": "0.73520000", "time": "2025-07-14T19:08:20.958707Z", "fetched_at": "2025-07-14T19:10:50.422881+00:00", "symbol": "ADA-USD"}, {"trade_id": 143599095, "side": "sell", "size": "1.50000000", "price": "0.73520000", "time": "2025-07-14T19:08:20.958707Z", "fetched_at": "2025-07-14T19:10:50.422881+00:00", "symbol": "ADA-USD"}, {"trade_id": 143599094, "side": "buy", "size": "107.22426879", "price": "0.73510000", "time": "2025-07-14T19:08:20.941976Z", "fetched_at": "2025-07-14T19:10:50.422881+00:00", "symbol": "ADA-USD"}, {"trade_id": 143599093, "side": "buy", "size": "800.75295518", "price": "0.73510000", "time": "2025-07-14T19:08:20.930763Z", "fetched_at": "2025-07-14T19:10:50.422881+00:00", "symbol": "ADA-USD"}, {"trade_id": 143599092, "side": "buy", "size": "167.64302000", "price": "0.73510000", "time": "2025-07-14T19:08:20.920112Z", "fetched_at": "2025-07-14T19:10:50.422881+00:00", "symbol": "ADA-USD"}, {"trade_id": 143599091, "side": "sell", "size": "293.70012168", "price": "0.73510000", "time": "2025-07-14T19:08:20.910238Z", "fetched_at": "2025-07-14T19:10:50.422881+00:00", "symbol": "ADA-USD"}, {"trade_id": 143599090, "side": "sell", "size": "722.13897269", "price": "0.73510000", "time": "2025-07-14T19:08:20.886633Z", "fetched_at": "2025-07-14T19:10:50.422881+00:00", "symbol": "ADA-USD"}, {"trade_id": 143599089, "side": "sell", "size": "15.63756494", "price": "0.73500000", "time": "2025-07-14T19:08:20.886633Z", "fetched_at": "2025-07-14T19:10:50.422881+00:00", "symbol": "ADA-USD"}, {"trade_id": 143599088, "side": "sell", "size": "20.85008658", "price": "0.73490000", "time": "2025-07-14T19:08:20.886633Z", "fetched_at": "2025-07-14T19:10:50.422881+00:00", "symbol": "ADA-USD"}, {"trade_id": 143599087, "side": "sell", "size": "27.80011544", "price": "0.73480000", "time": "2025-07-14T19:08:20.884666Z", "fetched_at": "2025-07-14T19:10:50.422881+00:00", "symbol": "ADA-USD"}, {"trade_id": 143599086, "side": "sell", "size": "700.00000000", "price": "0.73480000", "time": "2025-07-14T19:08:20.880348Z", "fetched_at": "2025-07-14T19:10:50.422881+00:00", "symbol": "ADA-USD"}, {"trade_id": 143599085, "side": "sell", "size": "8.72160484", "price": "0.73470000", "time": "2025-07-14T19:08:20.879998Z", "fetched_at": "2025-07-14T19:10:50.422881+00:00", "symbol": "ADA-USD"}, {"trade_id": 143599084, "side": "sell", "size": "66.89945000", "price": "0.73510000", "time": "2025-07-14T19:08:20.875454Z", "fetched_at": "2025-07-14T19:10:50.422881+00:00", "symbol": "ADA-USD"}, {"trade_id": 143599083, "side": "sell", "size": "1.50000000", "price": "0.73510000", "time": "2025-07-14T19:08:20.875454Z", "fetched_at": "2025-07-14T19:10:50.422881+00:00", "symbol": "ADA-USD"}, {"trade_id": 143599082, "side": "sell", "size": "50.00001877", "price": "0.73500000", "time": "2025-07-14T19:08:20.875243Z", "fetched_at": "2025-07-14T19:10:50.422881+00:00", "symbol": "ADA-USD"}, {"trade_id": 143599081, "side": "sell", "size": "37541.16375666", "price": "0.73500000", "time": "2025-07-14T19:08:20.875116Z", "fetched_at": "2025-07-14T19:10:50.422881+00:00", "symbol": "ADA-USD"}, {"trade_id": 143599080, "side": "sell", "size": "1.50000000", "price": "0.73500000", "time": "2025-07-14T19:08:20.875116Z", "fetched_at": "2025-07-14T19:10:50.422881+00:00", "symbol": "ADA-USD"}, {"trade_id": 143599079, "side": "sell", "size": "644.14189070", "price": "0.73500000", "time": "2025-07-14T19:08:20.875116Z", "fetched_at": "2025-07-14T19:10:50.422881+00:00", "symbol": "ADA-USD"}, {"trade_id": 143599078, "side": "sell", "size": "609.42125431", "price": "0.73500000", "time": "2025-07-14T19:08:20.875116Z", "fetched_at": "2025-07-14T19:10:50.422881+00:00", "symbol": "ADA-USD"}, {"trade_id": 143599077, "side": "sell", "size": "261.88293833", "price": "0.73500000", "time": "2025-07-14T19:08:20.875116Z", "fetched_at": "2025-07-14T19:10:50.422881+00:00", "symbol": "ADA-USD"}, {"trade_id": 143599076, "side": "sell", "size": "50.00000000", "price": "0.73470000", "time": "2025-07-14T19:08:20.875116Z", "fetched_at": "2025-07-14T19:10:50.422881+00:00", "symbol": "ADA-USD"}, {"trade_id": 143599075, "side": "sell", "size": "19.62361090", "price": "0.73470000", "time": "2025-07-14T19:08:20.873307Z", "fetched_at": "2025-07-14T19:10:50.422881+00:00", "symbol": "ADA-USD"}, {"trade_id": 143599074, "side": "buy", "size": "53.34925000", "price": "0.73460000", "time": "2025-07-14T19:08:20.873144Z", "fetched_at": "2025-07-14T19:10:50.422881+00:00", "symbol": "ADA-USD"}, {"trade_id": 143599073, "side": "buy", "size": "114.29377000", "price": "0.73470000", "time": "2025-07-14T19:08:20.873144Z", "fetched_at": "2025-07-14T19:10:50.422881+00:00", "symbol": "ADA-USD"}, {"trade_id": 143599072, "side": "sell", "size": "3114.95865844", "price": "0.73490000", "time": "2025-07-14T19:08:20.872950Z", "fetched_at": "2025-07-14T19:10:50.422881+00:00", "symbol": "ADA-USD"}, {"trade_id": 143599071, "side": "sell", "size": "432.76855646", "price": "0.73490000", "time": "2025-07-14T19:08:20.872950Z", "fetched_at": "2025-07-14T19:10:50.422881+00:00", "symbol": "ADA-USD"}, {"trade_id": 143599070, "side": "sell", "size": "808.61469981", "price": "0.73490000", "time": "2025-07-14T19:08:20.872950Z", "fetched_at": "2025-07-14T19:10:50.422881+00:00", "symbol": "ADA-USD"}, {"trade_id": 143599069, "side": "buy", "size": "31.26001277", "price": "0.73460000", "time": "2025-07-14T19:08:20.872820Z", "fetched_at": "2025-07-14T19:10:50.422881+00:00", "symbol": "ADA-USD"}, {"trade_id": 143599068, "side": "sell", "size": "68.39945000", "price": "0.73490000", "time": "2025-07-14T19:08:20.872218Z", "fetched_at": "2025-07-14T19:10:50.422881+00:00", "symbol": "ADA-USD"}, {"trade_id": 143599067, "side": "sell", "size": "9995.70000000", "price": "0.73480000", "time": "2025-07-14T19:08:20.872135Z", "fetched_at": "2025-07-14T19:10:50.422881+00:00", "symbol": "ADA-USD"}, {"trade_id": 143599066, "side": "sell", "size": "684.81876106", "price": "0.73480000", "time": "2025-07-14T19:08:20.872135Z", "fetched_at": "2025-07-14T19:10:50.422881+00:00", "symbol": "ADA-USD"}, {"trade_id": 143599065, "side": "sell", "size": "694.21102790", "price": "0.73480000", "time": "2025-07-14T19:08:20.872135Z", "fetched_at": "2025-07-14T19:10:50.422881+00:00", "symbol": "ADA-USD"}, {"trade_id": 143599064, "side": "sell", "size": "1.50000000", "price": "0.73480000", "time": "2025-07-14T19:08:20.872135Z", "fetched_at": "2025-07-14T19:10:50.422881+00:00", "symbol": "ADA-USD"}, {"trade_id": 143599063, "side": "sell", "size": "261.88293833", "price": "0.73480000", "time": "2025-07-14T19:08:20.872135Z", "fetched_at": "2025-07-14T19:10:50.422881+00:00", "symbol": "ADA-USD"}, {"trade_id": 143599062, "side": "sell", "size": "800.00000000", "price": "0.73460000", "time": "2025-07-14T19:08:20.866914Z", "fetched_at": "2025-07-14T19:10:50.422881+00:00", "symbol": "ADA-USD"}, {"trade_id": 143599061, "side": "sell", "size": "4087.47189864", "price": "0.73460000", "time": "2025-07-14T19:08:20.866914Z", "fetched_at": "2025-07-14T19:10:50.422881+00:00", "symbol": "ADA-USD"}, {"trade_id": 143599060, "side": "sell", "size": "679.81224627", "price": "0.73460000", "time": "2025-07-14T19:08:20.866914Z", "fetched_at": "2025-07-14T19:10:50.422881+00:00", "symbol": "ADA-USD"}, {"trade_id": 143599059, "side": "sell", "size": "1.50000000", "price": "0.73460000", "time": "2025-07-14T19:08:20.866914Z", "fetched_at": "2025-07-14T19:10:50.422881+00:00", "symbol": "ADA-USD"}, {"trade_id": 143599058, "side": "sell", "size": "261.88293833", "price": "0.73460000", "time": "2025-07-14T19:08:20.866914Z", "fetched_at": "2025-07-14T19:10:50.422881+00:00", "symbol": "ADA-USD"}, {"trade_id": 143599057, "side": "sell", "size": "1.50000000", "price": "0.73450000", "time": "2025-07-14T19:08:20.866591Z", "fetched_at": "2025-07-14T19:10:50.422881+00:00", "symbol": "ADA-USD"}, {"trade_id": 143599056, "side": "sell", "size": "1984.66642939", "price": "0.73450000", "time": "2025-07-14T19:08:20.866591Z", "fetched_at": "2025-07-14T19:10:50.422881+00:00", "symbol": "ADA-USD"}, {"trade_id": 143599055, "side": "sell", "size": "389.38923509", "price": "0.73450000", "time": "2025-07-14T19:08:20.865195Z", "fetched_at": "2025-07-14T19:10:50.422881+00:00", "symbol": "ADA-USD"}, {"trade_id": 143599054, "side": "sell", "size": "780.13021430", "price": "0.73450000", "time": "2025-07-14T19:08:20.865195Z", "fetched_at": "2025-07-14T19:10:50.422881+00:00", "symbol": "ADA-USD"}, {"trade_id": 143599053, "side": "sell", "size": "722.79476897", "price": "0.73450000", "time": "2025-07-14T19:08:20.865195Z", "fetched_at": "2025-07-14T19:10:50.422881+00:00", "symbol": "ADA-USD"}, {"trade_id": 143599052, "side": "sell", "size": "355.55150919", "price": "0.73450000", "time": "2025-07-14T19:08:20.865195Z", "fetched_at": "2025-07-14T19:10:50.422881+00:00", "symbol": "ADA-USD"}, {"trade_id": 143599051, "side": "sell", "size": "877.01414981", "price": "0.73450000", "time": "2025-07-14T19:08:20.865195Z", "fetched_at": "2025-07-14T19:10:50.422881+00:00", "symbol": "ADA-USD"}, {"trade_id": 143599050, "side": "sell", "size": "1793.39782000", "price": "0.73450000", "time": "2025-07-14T19:08:20.865195Z", "fetched_at": "2025-07-14T19:10:50.422881+00:00", "symbol": "ADA-USD"}, {"trade_id": 143599049, "side": "sell", "size": "1221.69626870", "price": "0.73440000", "time": "2025-07-14T19:08:20.865195Z", "fetched_at": "2025-07-14T19:10:50.422881+00:00", "symbol": "ADA-USD"}, {"trade_id": 143599048, "side": "sell", "size": "574.42962130", "price": "0.73440000", "time": "2025-07-14T19:08:20.865027Z", "fetched_at": "2025-07-14T19:10:50.422881+00:00", "symbol": "ADA-USD"}, {"trade_id": 143599047, "side": "sell", "size": "338.21933105", "price": "0.73440000", "time": "2025-07-14T19:08:20.865027Z", "fetched_at": "2025-07-14T19:10:50.422881+00:00", "symbol": "ADA-USD"}, {"trade_id": 143599046, "side": "sell", "size": "342.63026211", "price": "0.73440000", "time": "2025-07-14T19:08:20.864991Z", "fetched_at": "2025-07-14T19:10:50.422881+00:00", "symbol": "ADA-USD"}, {"trade_id": 143599045, "side": "sell", "size": "4929.40000000", "price": "0.73440000", "time": "2025-07-14T19:08:20.864991Z", "fetched_at": "2025-07-14T19:10:50.422881+00:00", "symbol": "ADA-USD"}, {"trade_id": 143599044, "side": "sell", "size": "1.50000000", "price": "0.73440000", "time": "2025-07-14T19:08:20.864991Z", "fetched_at": "2025-07-14T19:10:50.422881+00:00", "symbol": "ADA-USD"}, {"trade_id": 143599043, "side": "sell", "size": "334.88946321", "price": "0.73440000", "time": "2025-07-14T19:08:20.864991Z", "fetched_at": "2025-07-14T19:10:50.422881+00:00", "symbol": "ADA-USD"}, {"trade_id": 143599042, "side": "sell", "size": "877.01414981", "price": "0.73440000", "time": "2025-07-14T19:08:20.864991Z", "fetched_at": "2025-07-14T19:10:50.422881+00:00", "symbol": "ADA-USD"}, {"trade_id": 143599041, "side": "sell", "size": "128.55860360", "price": "0.73440000", "time": "2025-07-14T19:08:20.864991Z", "fetched_at": "2025-07-14T19:10:50.422881+00:00", "symbol": "ADA-USD"}, {"trade_id": 143599040, "side": "sell", "size": "46.57202097", "price": "0.73440000", "time": "2025-07-14T19:08:20.864991Z", "fetched_at": "2025-07-14T19:10:50.422881+00:00", "symbol": "ADA-USD"}, {"trade_id": 143599039, "side": "sell", "size": "261.88293833", "price": "0.73440000", "time": "2025-07-14T19:08:20.864991Z", "fetched_at": "2025-07-14T19:10:50.422881+00:00", "symbol": "ADA-USD"}, {"trade_id": 143599038, "side": "sell", "size": "1796.12589000", "price": "0.73430000", "time": "2025-07-14T19:08:20.864991Z", "fetched_at": "2025-07-14T19:10:50.422881+00:00", "symbol": "ADA-USD"}, {"trade_id": 143599037, "side": "sell", "size": "190.04053939", "price": "0.73430000", "time": "2025-07-14T19:08:20.864991Z", "fetched_at": "2025-07-14T19:10:50.422881+00:00", "symbol": "ADA-USD"}, {"trade_id": 143599036, "side": "sell", "size": "2551.41094458", "price": "0.73430000", "time": "2025-07-14T19:08:20.864887Z", "fetched_at": "2025-07-14T19:10:50.422881+00:00", "symbol": "ADA-USD"}, {"trade_id": 143599035, "side": "sell", "size": "852.49397850", "price": "0.73430000", "time": "2025-07-14T19:08:20.864887Z", "fetched_at": "2025-07-14T19:10:50.422881+00:00", "symbol": "ADA-USD"}, {"trade_id": 143599034, "side": "sell", "size": "877.01414981", "price": "0.73430000", "time": "2025-07-14T19:08:20.864887Z", "fetched_at": "2025-07-14T19:10:50.422881+00:00", "symbol": "ADA-USD"}, {"trade_id": 143599033, "side": "sell", "size": "1.50000000", "price": "0.73430000", "time": "2025-07-14T19:08:20.864887Z", "fetched_at": "2025-07-14T19:10:50.422881+00:00", "symbol": "ADA-USD"}, {"trade_id": 143599032, "side": "sell", "size": "10.24510734", "price": "0.73420000", "time": "2025-07-14T19:08:20.864887Z", "fetched_at": "2025-07-14T19:10:50.422881+00:00", "symbol": "ADA-USD"}, {"trade_id": 143599031, "side": "sell", "size": "686.03278248", "price": "0.73420000", "time": "2025-07-14T19:08:17.099653Z", "fetched_at": "2025-07-14T19:10:50.422881+00:00", "symbol": "ADA-USD"}, {"trade_id": 143599030, "side": "sell", "size": "1237.46858176", "price": "0.73420000", "time": "2025-07-14T19:08:17.085572Z", "fetched_at": "2025-07-14T19:10:50.422881+00:00", "symbol": "ADA-USD"}, {"trade_id": 143599029, "side": "sell", "size": "2710.57410475", "price": "0.73420000", "time": "2025-07-14T19:08:17.084503Z", "fetched_at": "2025-07-14T19:10:50.422881+00:00", "symbol": "ADA-USD"}, {"trade_id": 143599028, "side": "sell", "size": "12.02735748", "price": "0.73410000", "time": "2025-07-14T19:08:16.927230Z", "fetched_at": "2025-07-14T19:10:50.422881+00:00", "symbol": "ADA-USD"}, {"trade_id": 143599027, "side": "buy", "size": "1.50000000", "price": "0.73410000", "time": "2025-07-14T19:08:15.905452Z", "fetched_at": "2025-07-14T19:10:50.422881+00:00", "symbol": "ADA-USD"}, {"trade_id": 143599026, "side": "sell", "size": "12.02243897", "price": "0.73420000", "time": "2025-07-14T19:08:13.407168Z", "fetched_at": "2025-07-14T19:10:50.422881+00:00", "symbol": "ADA-USD"}, {"trade_id": 143599025, "side": "sell", "size": "261.88293833", "price": "0.73420000", "time": "2025-07-14T19:08:13.407168Z", "fetched_at": "2025-07-14T19:10:50.422881+00:00", "symbol": "ADA-USD"}, {"trade_id": 143599024, "side": "sell", "size": "46.51522584", "price": "0.73420000", "time": "2025-07-14T19:08:13.407168Z", "fetched_at": "2025-07-14T19:10:50.422881+00:00", "symbol": "ADA-USD"}, {"trade_id": 143599023, "side": "buy", "size": "12.02818560", "price": "0.73420000", "time": "2025-07-14T19:08:13.155767Z", "fetched_at": "2025-07-14T19:10:50.422881+00:00", "symbol": "ADA-USD"}, {"trade_id": 143599022, "side": "buy", "size": "12.02654755", "price": "0.73430000", "time": "2025-07-14T19:08:13.119557Z", "fetched_at": "2025-07-14T19:10:50.422881+00:00", "symbol": "ADA-USD"}, {"trade_id": 143599021, "side": "buy", "size": "285.11005849", "price": "0.73420000", "time": "2025-07-14T19:08:13.094571Z", "fetched_at": "2025-07-14T19:10:50.422881+00:00", "symbol": "ADA-USD"}, {"trade_id": 143599020, "side": "buy", "size": "4928.40000000", "price": "0.73420000", "time": "2025-07-14T19:08:13.094571Z", "fetched_at": "2025-07-14T19:10:50.422881+00:00", "symbol": "ADA-USD"}, {"trade_id": 143599019, "side": "buy", "size": "728.94778646", "price": "0.73420000", "time": "2025-07-14T19:08:13.094571Z", "fetched_at": "2025-07-14T19:10:50.422881+00:00", "symbol": "ADA-USD"}, {"trade_id": 143599018, "side": "buy", "size": "877.01414981", "price": "0.73420000", "time": "2025-07-14T19:08:13.094571Z", "fetched_at": "2025-07-14T19:10:50.422881+00:00", "symbol": "ADA-USD"}, {"trade_id": 143599017, "side": "buy", "size": "1.50000000", "price": "0.73420000", "time": "2025-07-14T19:08:13.094571Z", "fetched_at": "2025-07-14T19:10:50.422881+00:00", "symbol": "ADA-USD"}, {"trade_id": 143599016, "side": "buy", "size": "12.02654755", "price": "0.73430000", "time": "2025-07-14T19:08:13.094571Z", "fetched_at": "2025-07-14T19:10:50.422881+00:00", "symbol": "ADA-USD"}, {"trade_id": 143599015, "side": "buy", "size": "2335.87352630", "price": "0.73430000", "time": "2025-07-14T19:08:13.094571Z", "fetched_at": "2025-07-14T19:10:50.422881+00:00", "symbol": "ADA-USD"}, {"trade_id": 143599014, "side": "buy", "size": "641.70563772", "price": "0.73430000", "time": "2025-07-14T19:08:13.094571Z", "fetched_at": "2025-07-14T19:10:50.422881+00:00", "symbol": "ADA-USD"}, {"trade_id": 143599013, "side": "buy", "size": "877.01414981", "price": "0.73430000", "time": "2025-07-14T19:08:13.094571Z", "fetched_at": "2025-07-14T19:10:50.422881+00:00", "symbol": "ADA-USD"}, {"trade_id": 143599012, "side": "buy", "size": "1.50000000", "price": "0.73430000", "time": "2025-07-14T19:08:13.094571Z", "fetched_at": "2025-07-14T19:10:50.422881+00:00", "symbol": "ADA-USD"}, {"trade_id": 143599011, "side": "buy", "size": "1.50000000", "price": "0.73440000", "time": "2025-07-14T19:08:13.094571Z", "fetched_at": "2025-07-14T19:10:50.422881+00:00", "symbol": "ADA-USD"}, {"trade_id": 143599010, "side": "buy", "size": "1.50000000", "price": "0.73450000", "time": "2025-07-14T19:08:13.080041Z", "fetched_at": "2025-07-14T19:10:50.422881+00:00", "symbol": "ADA-USD"}, {"trade_id": 143599009, "side": "buy", "size": "1.50000000", "price": "0.73460000", "time": "2025-07-14T19:08:10.149879Z", "fetched_at": "2025-07-14T19:10:50.422881+00:00", "symbol": "ADA-USD"}, {"trade_id": 143599008, "side": "sell", "size": "257.82344673", "price": "0.73470000", "time": "2025-07-14T19:08:06.917847Z", "fetched_at": "2025-07-14T19:10:50.422881+00:00", "symbol": "ADA-USD"}, {"trade_id": 143599007, "side": "sell", "size": "2.44345627", "price": "0.73470000", "time": "2025-07-14T19:08:06.917847Z", "fetched_at": "2025-07-14T19:10:50.422881+00:00", "symbol": "ADA-USD"}, {"trade_id": 143599006, "side": "sell", "size": "6.44765300", "price": "0.73480000", "time": "2025-07-14T19:08:02.143354Z", "fetched_at": "2025-07-14T19:10:50.422881+00:00", "symbol": "ADA-USD"}, {"trade_id": 143599005, "side": "sell", "size": "662.03199499", "price": "0.73480000", "time": "2025-07-14T19:07:59.666160Z", "fetched_at": "2025-07-14T19:10:50.422881+00:00", "symbol": "ADA-USD"}, {"trade_id": 143599004, "side": "sell", "size": "10.88871001", "price": "0.73480000", "time": "2025-07-14T19:07:59.666160Z", "fetched_at": "2025-07-14T19:10:50.422881+00:00", "symbol": "ADA-USD"}, {"trade_id": 143599003, "side": "buy", "size": "21.20700968", "price": "0.73470000", "time": "2025-07-14T19:07:57.646339Z", "fetched_at": "2025-07-14T19:10:50.422881+00:00", "symbol": "ADA-USD"}, {"trade_id": 143599002, "side": "buy", "size": "310.50000000", "price": "0.73470000", "time": "2025-07-14T19:07:57.646339Z", "fetched_at": "2025-07-14T19:10:50.422881+00:00", "symbol": "ADA-USD"}, {"trade_id": 143599001, "side": "buy", "size": "1.50000000", "price": "0.73470000", "time": "2025-07-14T19:07:57.646339Z", "fetched_at": "2025-07-14T19:10:50.422881+00:00", "symbol": "ADA-USD"}, {"trade_id": 143599000, "side": "buy", "size": "51.00306000", "price": "0.73480000", "time": "2025-07-14T19:07:57.646339Z", "fetched_at": "2025-07-14T19:10:50.422881+00:00", "symbol": "ADA-USD"}, {"trade_id": 143598999, "side": "buy", "size": "50.00000000", "price": "0.73480000", "time": "2025-07-14T19:07:57.646339Z", "fetched_at": "2025-07-14T19:10:50.422881+00:00", "symbol": "ADA-USD"}, {"trade_id": 143598998, "side": "buy", "size": "310.50000000", "price": "0.73480000", "time": "2025-07-14T19:07:57.646339Z", "fetched_at": "2025-07-14T19:10:50.422881+00:00", "symbol": "ADA-USD"}, {"trade_id": 143598997, "side": "buy", "size": "10.75292632", "price": "0.73480000", "time": "2025-07-14T19:07:57.646339Z", "fetched_at": "2025-07-14T19:10:50.422881+00:00", "symbol": "ADA-USD"}, {"trade_id": 143598996, "side": "sell", "size": "11.02170877", "price": "0.73480000", "time": "2025-07-14T19:07:54.205335Z", "fetched_at": "2025-07-14T19:10:50.422881+00:00", "symbol": "ADA-USD"}, {"trade_id": 143598995, "side": "buy", "size": "1.50000000", "price": "0.73480000", "time": "2025-07-14T19:07:52.788933Z", "fetched_at": "2025-07-14T19:10:50.422881+00:00", "symbol": "ADA-USD"}, {"trade_id": 143598994, "side": "buy", "size": "12.01509370", "price": "0.73500000", "time": "2025-07-14T19:07:52.440039Z", "fetched_at": "2025-07-14T19:10:50.422881+00:00", "symbol": "ADA-USD"}, {"trade_id": 143598993, "side": "buy", "size": "1.50000000", "price": "0.73500000", "time": "2025-07-14T19:07:52.440039Z", "fetched_at": "2025-07-14T19:10:50.422881+00:00", "symbol": "ADA-USD"}, {"trade_id": 143598992, "side": "buy", "size": "109.73686610", "price": "0.73510000", "time": "2025-07-14T19:07:52.377889Z", "fetched_at": "2025-07-14T19:10:50.422881+00:00", "symbol": "ADA-USD"}, {"trade_id": 143598991, "side": "buy", "size": "1.50000000", "price": "0.73510000", "time": "2025-07-14T19:07:52.377889Z", "fetched_at": "2025-07-14T19:10:50.422881+00:00", "symbol": "ADA-USD"}, {"trade_id": 143598990, "side": "buy", "size": "1.50000000", "price": "0.73520000", "time": "2025-07-14T19:07:52.064816Z", "fetched_at": "2025-07-14T19:10:50.422881+00:00", "symbol": "ADA-USD"}, {"trade_id": 143598989, "side": "buy", "size": "0.00000484", "price": "0.73530000", "time": "2025-07-14T19:07:52.041765Z", "fetched_at": "2025-07-14T19:10:50.422881+00:00", "symbol": "ADA-USD"}, {"trade_id": 143598988, "side": "buy", "size": "187.54866000", "price": "0.73530000", "time": "2025-07-14T19:07:52.037035Z", "fetched_at": "2025-07-14T19:10:50.422881+00:00", "symbol": "ADA-USD"}, {"trade_id": 143598987, "side": "sell", "size": "14.50127800", "price": "0.73540000", "time": "2025-07-14T19:07:51.874415Z", "fetched_at": "2025-07-14T19:10:50.422881+00:00", "symbol": "ADA-USD"}, {"trade_id": 143598986, "side": "sell", "size": "50.00000000", "price": "0.73540000", "time": "2025-07-14T19:07:51.874415Z", "fetched_at": "2025-07-14T19:10:50.422881+00:00", "symbol": "ADA-USD"}, {"trade_id": 143598985, "side": "buy", "size": "14.29543000", "price": "0.73540000", "time": "2025-07-14T19:07:50.839312Z", "fetched_at": "2025-07-14T19:10:50.422881+00:00", "symbol": "ADA-USD"}, {"trade_id": 143598984, "side": "sell", "size": "32.45956609", "price": "0.73560000", "time": "2025-07-14T19:07:50.551296Z", "fetched_at": "2025-07-14T19:10:50.422881+00:00", "symbol": "ADA-USD"}, {"trade_id": 143598983, "side": "sell", "size": "1.50000000", "price": "0.73560000", "time": "2025-07-14T19:07:50.551296Z", "fetched_at": "2025-07-14T19:10:50.422881+00:00", "symbol": "ADA-USD"}, {"trade_id": 143598982, "side": "sell", "size": "3.25145391", "price": "0.73550000", "time": "2025-07-14T19:07:50.551296Z", "fetched_at": "2025-07-14T19:10:50.422881+00:00", "symbol": "ADA-USD"}, {"trade_id": 143598981, "side": "sell", "size": "1.50000000", "price": "0.73550000", "time": "2025-07-14T19:07:50.551296Z", "fetched_at": "2025-07-14T19:10:50.422881+00:00", "symbol": "ADA-USD"}, {"trade_id": 143598980, "side": "sell", "size": "1.50000000", "price": "0.73540000", "time": "2025-07-14T19:07:48.521021Z", "fetched_at": "2025-07-14T19:10:50.422881+00:00", "symbol": "ADA-USD"}, {"trade_id": 143598979, "side": "buy", "size": "200.69299803", "price": "0.73520000", "time": "2025-07-14T19:07:47.732088Z", "fetched_at": "2025-07-14T19:10:50.422881+00:00", "symbol": "ADA-USD"}, {"trade_id": 143598978, "side": "buy", "size": "42.35412809", "price": "0.73520000", "time": "2025-07-14T19:07:47.732088Z", "fetched_at": "2025-07-14T19:10:50.422881+00:00", "symbol": "ADA-USD"}, {"trade_id": 143598977, "side": "buy", "size": "51.00306000", "price": "0.73530000", "time": "2025-07-14T19:07:47.732088Z", "fetched_at": "2025-07-14T19:10:50.422881+00:00", "symbol": "ADA-USD"}, {"trade_id": 143598976, "side": "buy", "size": "4.59349468", "price": "0.73530000", "time": "2025-07-14T19:07:47.732088Z", "fetched_at": "2025-07-14T19:10:50.422881+00:00", "symbol": "ADA-USD"}, {"trade_id": 143598975, "side": "buy", "size": "80.58711920", "price": "0.73530000", "time": "2025-07-14T19:07:47.732088Z", "fetched_at": "2025-07-14T19:10:50.422881+00:00", "symbol": "ADA-USD"}, {"trade_id": 143598974, "side": "sell", "size": "131.71027067", "price": "0.73540000", "time": "2025-07-14T19:07:43.582451Z", "fetched_at": "2025-07-14T19:10:50.422881+00:00", "symbol": "ADA-USD"}, {"trade_id": 143598973, "side": "sell", "size": "261.88293833", "price": "0.73540000", "time": "2025-07-14T19:07:43.582451Z", "fetched_at": "2025-07-14T19:10:50.422881+00:00", "symbol": "ADA-USD"}, {"trade_id": 143598972, "side": "sell", "size": "1.50000000", "price": "0.73530000", "time": "2025-07-14T19:07:43.582451Z", "fetched_at": "2025-07-14T19:10:50.422881+00:00", "symbol": "ADA-USD"}, {"trade_id": 143598971, "side": "sell", "size": "1.50000000", "price": "0.73520000", "time": "2025-07-14T19:07:43.582451Z", "fetched_at": "2025-07-14T19:10:50.422881+00:00", "symbol": "ADA-USD"}, {"trade_id": 143598970, "side": "buy", "size": "127.55338400", "price": "0.73510000", "time": "2025-07-14T19:07:42.338176Z", "fetched_at": "2025-07-14T19:10:50.422881+00:00", "symbol": "ADA-USD"}, {"trade_id": 143598969, "side": "sell", "size": "1.02529050", "price": "0.73510000", "time": "2025-07-14T19:07:41.668319Z", "fetched_at": "2025-07-14T19:10:50.422881+00:00", "symbol": "ADA-USD"}, {"trade_id": 143598968, "side": "sell", "size": "1.37985468", "price": "0.73510000", "time": "2025-07-14T19:07:41.668319Z", "fetched_at": "2025-07-14T19:10:50.422881+00:00", "symbol": "ADA-USD"}, {"trade_id": 143598967, "side": "sell", "size": "1.02333197", "price": "0.73510000", "time": "2025-07-14T19:07:41.668319Z", "fetched_at": "2025-07-14T19:10:50.422881+00:00", "symbol": "ADA-USD"}, {"trade_id": 143598966, "side": "sell", "size": "4.72710138", "price": "0.73500000", "time": "2025-07-14T19:07:35.435487Z", "fetched_at": "2025-07-14T19:10:50.422881+00:00", "symbol": "ADA-USD"}, {"trade_id": 143598965, "side": "sell", "size": "499.61796332", "price": "0.73500000", "time": "2025-07-14T19:07:31.483675Z", "fetched_at": "2025-07-14T19:10:50.422881+00:00", "symbol": "ADA-USD"}, {"trade_id": 143598964, "side": "sell", "size": "48.50243825", "price": "0.73500000", "time": "2025-07-14T19:07:31.483675Z", "fetched_at": "2025-07-14T19:10:50.422881+00:00", "symbol": "ADA-USD"}, {"trade_id": 143598963, "side": "sell", "size": "12.01917643", "price": "0.73490000", "time": "2025-07-14T19:07:31.483675Z", "fetched_at": "2025-07-14T19:10:50.422881+00:00", "symbol": "ADA-USD"}, {"trade_id": 143598962, "side": "sell", "size": "12.01748676", "price": "0.73480000", "time": "2025-07-14T19:07:29.973969Z", "fetched_at": "2025-07-14T19:10:50.422881+00:00", "symbol": "ADA-USD"}, {"trade_id": 143598961, "side": "buy", "size": "2.45795804", "price": "0.73470000", "time": "2025-07-14T19:07:27.456816Z", "fetched_at": "2025-07-14T19:10:50.422881+00:00", "symbol": "ADA-USD"}, {"trade_id": 143598960, "side": "buy", "size": "1.50000000", "price": "0.73470000", "time": "2025-07-14T19:07:27.456816Z", "fetched_at": "2025-07-14T19:10:50.422881+00:00", "symbol": "ADA-USD"}, {"trade_id": 143598959, "side": "sell", "size": "50.00000000", "price": "0.73480000", "time": "2025-07-14T19:07:27.342684Z", "fetched_at": "2025-07-14T19:10:50.422881+00:00", "symbol": "ADA-USD"}, {"trade_id": 143598958, "side": "buy", "size": "2.68555702", "price": "0.73480000", "time": "2025-07-14T19:07:27.292767Z", "fetched_at": "2025-07-14T19:10:50.422881+00:00", "symbol": "ADA-USD"}, {"trade_id": 143598957, "side": "buy", "size": "1.50000000", "price": "0.73480000", "time": "2025-07-14T19:07:27.292767Z", "fetched_at": "2025-07-14T19:10:50.422881+00:00", "symbol": "ADA-USD"}, {"trade_id": 143598956, "side": "buy", "size": "3.63941100", "price": "0.73490000", "time": "2025-07-14T19:07:20.980675Z", "fetched_at": "2025-07-14T19:10:50.422881+00:00", "symbol": "ADA-USD"}, {"trade_id": 143598955, "side": "buy", "size": "1.50000000", "price": "0.73490000", "time": "2025-07-14T19:07:20.980675Z", "fetched_at": "2025-07-14T19:10:50.422881+00:00", "symbol": "ADA-USD"}, {"trade_id": 143598954, "side": "buy", "size": "12.01509370", "price": "0.73500000", "time": "2025-07-14T19:07:20.151525Z", "fetched_at": "2025-07-14T19:10:50.422881+00:00", "symbol": "ADA-USD"}, {"trade_id": 143598953, "side": "buy", "size": "1.50000000", "price": "0.73500000", "time": "2025-07-14T19:07:20.151525Z", "fetched_at": "2025-07-14T19:10:50.422881+00:00", "symbol": "ADA-USD"}, {"trade_id": 143598952, "side": "buy", "size": "1.50000000", "price": "0.73510000", "time": "2025-07-14T19:07:17.789243Z", "fetched_at": "2025-07-14T19:10:50.422881+00:00", "symbol": "ADA-USD"}, {"trade_id": 143598951, "side": "sell", "size": "134.99001038", "price": "0.73520000", "time": "2025-07-14T19:07:16.030607Z", "fetched_at": "2025-07-14T19:10:50.422881+00:00", "symbol": "ADA-USD"}, {"trade_id": 143598950, "side": "buy", "size": "2.27947119", "price": "0.73520000", "time": "2025-07-14T19:07:12.770890Z", "fetched_at": "2025-07-14T19:10:50.422881+00:00", "symbol": "ADA-USD"}, {"trade_id": 143598949, "side": "buy", "size": "623.43622881", "price": "0.73510000", "time": "2025-07-14T19:07:12.686810Z", "fetched_at": "2025-07-14T19:10:50.422881+00:00", "symbol": "ADA-USD"}, {"trade_id": 143598948, "side": "buy", "size": "2.27947119", "price": "0.73520000", "time": "2025-07-14T19:07:12.686810Z", "fetched_at": "2025-07-14T19:10:50.422881+00:00", "symbol": "ADA-USD"}, {"trade_id": 143598947, "side": "buy", "size": "1.50000000", "price": "0.73520000", "time": "2025-07-14T19:07:12.686810Z", "fetched_at": "2025-07-14T19:10:50.422881+00:00", "symbol": "ADA-USD"}, {"trade_id": 143598946, "side": "buy", "size": "2.94758226", "price": "0.73530000", "time": "2025-07-14T19:07:11.601200Z", "fetched_at": "2025-07-14T19:10:50.422881+00:00", "symbol": "ADA-USD"}, {"trade_id": 143598945, "side": "buy", "size": "1.50000000", "price": "0.73530000", "time": "2025-07-14T19:07:11.601200Z", "fetched_at": "2025-07-14T19:10:50.422881+00:00", "symbol": "ADA-USD"}, {"trade_id": 143598944, "side": "buy", "size": "1.50000000", "price": "0.73540000", "time": "2025-07-14T19:07:10.415171Z", "fetched_at": "2025-07-14T19:10:50.422881+00:00", "symbol": "ADA-USD"}, {"trade_id": 143598943, "side": "buy", "size": "1.50000000", "price": "0.73550000", "time": "2025-07-14T19:07:10.125161Z", "fetched_at": "2025-07-14T19:10:50.422881+00:00", "symbol": "ADA-USD"}, {"trade_id": 143598942, "side": "buy", "size": "397.15392383", "price": "0.73550000", "time": "2025-07-14T19:07:10.125161Z", "fetched_at": "2025-07-14T19:10:50.422881+00:00", "symbol": "ADA-USD"}, {"trade_id": 143598941, "side": "buy", "size": "4538.84607617", "price": "0.73550000", "time": "2025-07-14T19:07:10.123498Z", "fetched_at": "2025-07-14T19:10:50.422881+00:00", "symbol": "ADA-USD"}, {"trade_id": 143598940, "side": "buy", "size": "30.60938274", "price": "0.73550000", "time": "2025-07-14T19:07:10.123498Z", "fetched_at": "2025-07-14T19:10:50.422881+00:00", "symbol": "ADA-USD"}, {"trade_id": 143598939, "side": "buy", "size": "3.52755516", "price": "0.73560000", "time": "2025-07-14T19:07:10.123498Z", "fetched_at": "2025-07-14T19:10:50.422881+00:00", "symbol": "ADA-USD"}, {"trade_id": 143598938, "side": "buy", "size": "1.50000000", "price": "0.73560000", "time": "2025-07-14T19:07:10.123498Z", "fetched_at": "2025-07-14T19:10:50.422881+00:00", "symbol": "ADA-USD"}, {"trade_id": 143598937, "side": "sell", "size": "67.53259557", "price": "0.73580000", "time": "2025-07-14T19:07:07.558487Z", "fetched_at": "2025-07-14T19:10:50.422881+00:00", "symbol": "ADA-USD"}, {"trade_id": 143598936, "side": "sell", "size": "69.39061725", "price": "0.73580000", "time": "2025-07-14T19:07:07.558487Z", "fetched_at": "2025-07-14T19:10:50.422881+00:00", "symbol": "ADA-USD"}, {"trade_id": 143598935, "side": "sell", "size": "1.60466040", "price": "0.73570000", "time": "2025-07-14T19:07:07.211133Z", "fetched_at": "2025-07-14T19:10:50.422881+00:00", "symbol": "ADA-USD"}, {"trade_id": 143598934, "side": "sell", "size": "501.38335791", "price": "0.73580000", "time": "2025-07-14T19:07:05.467756Z", "fetched_at": "2025-07-14T19:10:50.422881+00:00", "symbol": "ADA-USD"}, {"trade_id": 143598933, "side": "sell", "size": "50.00000000", "price": "0.73580000", "time": "2025-07-14T19:07:05.467756Z", "fetched_at": "2025-07-14T19:10:50.422881+00:00", "symbol": "ADA-USD"}, {"trade_id": 143598932, "side": "sell", "size": "699.97310902", "price": "0.73580000", "time": "2025-07-14T19:07:05.467756Z", "fetched_at": "2025-07-14T19:10:50.422881+00:00", "symbol": "ADA-USD"}, {"trade_id": 143598931, "side": "sell", "size": "1.50000000", "price": "0.73580000", "time": "2025-07-14T19:07:05.467756Z", "fetched_at": "2025-07-14T19:10:50.422881+00:00", "symbol": "ADA-USD"}, {"trade_id": 143598930, "side": "sell", "size": "100.00000000", "price": "0.73580000", "time": "2025-07-14T19:07:05.467756Z", "fetched_at": "2025-07-14T19:10:50.422881+00:00", "symbol": "ADA-USD"}, {"trade_id": 143598929, "side": "sell", "size": "1.99614195", "price": "0.73570000", "time": "2025-07-14T19:07:05.467756Z", "fetched_at": "2025-07-14T19:10:50.422881+00:00", "symbol": "ADA-USD"}, {"trade_id": 143598928, "side": "sell", "size": "1.50000000", "price": "0.73570000", "time": "2025-07-14T19:07:05.467756Z", "fetched_at": "2025-07-14T19:10:50.422881+00:00", "symbol": "ADA-USD"}, {"trade_id": 143598927, "side": "sell", "size": "10.60728296", "price": "0.73560000", "time": "2025-07-14T19:07:04.869903Z", "fetched_at": "2025-07-14T19:10:50.422881+00:00", "symbol": "ADA-USD"}, {"trade_id": 143598926, "side": "sell", "size": "71.38889077", "price": "0.73560000", "time": "2025-07-14T19:07:04.869903Z", "fetched_at": "2025-07-14T19:10:50.422881+00:00", "symbol": "ADA-USD"}, {"trade_id": 143598925, "side": "sell", "size": "12.00457332", "price": "0.73550000", "time": "2025-07-14T19:07:04.406329Z", "fetched_at": "2025-07-14T19:10:50.422881+00:00", "symbol": "ADA-USD"}, {"trade_id": 143598924, "side": "buy", "size": "16.96120795", "price": "0.73540000", "time": "2025-07-14T19:07:02.701403Z", "fetched_at": "2025-07-14T19:10:50.422881+00:00", "symbol": "ADA-USD"}, {"trade_id": 143598923, "side": "buy", "size": "3.61047505", "price": "0.73540000", "time": "2025-07-14T19:07:02.701403Z", "fetched_at": "2025-07-14T19:10:50.422881+00:00", "symbol": "ADA-USD"}, {"trade_id": 143598922, "side": "buy", "size": "1.50000000", "price": "0.73540000", "time": "2025-07-14T19:07:02.701403Z", "fetched_at": "2025-07-14T19:10:50.422881+00:00", "symbol": "ADA-USD"}, {"trade_id": 143598921, "side": "buy", "size": "1.50000000", "price": "0.73550000", "time": "2025-07-14T19:07:01.457312Z", "fetched_at": "2025-07-14T19:10:50.422881+00:00", "symbol": "ADA-USD"}, {"trade_id": 143598920, "side": "buy", "size": "12.00529346", "price": "0.73560000", "time": "2025-07-14T19:07:01.221807Z", "fetched_at": "2025-07-14T19:10:50.422881+00:00", "symbol": "ADA-USD"}, {"trade_id": 143598919, "side": "buy", "size": "12.00366164", "price": "0.73570000", "time": "2025-07-14T19:06:59.524549Z", "fetched_at": "2025-07-14T19:10:50.422881+00:00", "symbol": "ADA-USD"}, {"trade_id": 143598918, "side": "buy", "size": "83.41553100", "price": "0.73570000", "time": "2025-07-14T19:06:56.541454Z", "fetched_at": "2025-07-14T19:10:50.422881+00:00", "symbol": "ADA-USD"}, {"trade_id": 143598917, "side": "sell", "size": "1.50000000", "price": "0.73570000", "time": "2025-07-14T19:06:56.013789Z", "fetched_at": "2025-07-14T19:10:50.422881+00:00", "symbol": "ADA-USD"}, {"trade_id": 143598916, "side": "sell", "size": "8.76521934", "price": "0.73570000", "time": "2025-07-14T19:06:56.013789Z", "fetched_at": "2025-07-14T19:10:50.422881+00:00", "symbol": "ADA-USD"}, {"trade_id": 143598915, "side": "sell", "size": "1.50000000", "price": "0.73560000", "time": "2025-07-14T19:06:55.821913Z", "fetched_at": "2025-07-14T19:10:50.422881+00:00", "symbol": "ADA-USD"}, {"trade_id": 143598914, "side": "sell", "size": "12.83079974", "price": "0.73560000", "time": "2025-07-14T19:06:55.821913Z", "fetched_at": "2025-07-14T19:10:50.422881+00:00", "symbol": "ADA-USD"}, {"trade_id": 143598913, "side": "sell", "size": "1.50000000", "price": "0.73550000", "time": "2025-07-14T19:06:49.298434Z", "fetched_at": "2025-07-14T19:10:50.422881+00:00", "symbol": "ADA-USD"}, {"trade_id": 143598912, "side": "sell", "size": "44.16893867", "price": "0.73550000", "time": "2025-07-14T19:06:49.298434Z", "fetched_at": "2025-07-14T19:10:50.422881+00:00", "symbol": "ADA-USD"}, {"trade_id": 143598911, "side": "sell", "size": "1.50000000", "price": "0.73540000", "time": "2025-07-14T19:06:49.242968Z", "fetched_at": "2025-07-14T19:10:50.422881+00:00", "symbol": "ADA-USD"}, {"trade_id": 143598910, "side": "sell", "size": "53.60688416", "price": "0.73540000", "time": "2025-07-14T19:06:49.242968Z", "fetched_at": "2025-07-14T19:10:50.422881+00:00", "symbol": "ADA-USD"}, {"trade_id": 143598909, "side": "sell", "size": "1.50000000", "price": "0.73530000", "time": "2025-07-14T19:06:45.665167Z", "fetched_at": "2025-07-14T19:10:50.422881+00:00", "symbol": "ADA-USD"}, {"trade_id": 143598908, "side": "sell", "size": "53.64894272", "price": "0.73530000", "time": "2025-07-14T19:06:45.665167Z", "fetched_at": "2025-07-14T19:10:50.422881+00:00", "symbol": "ADA-USD"}, {"trade_id": 143598907, "side": "sell", "size": "1.50000000", "price": "0.73520000", "time": "2025-07-14T19:06:45.066411Z", "fetched_at": "2025-07-14T19:10:50.422881+00:00", "symbol": "ADA-USD"}, {"trade_id": 143598906, "side": "sell", "size": "12.81173273", "price": "0.73520000", "time": "2025-07-14T19:06:45.066411Z", "fetched_at": "2025-07-14T19:10:50.422881+00:00", "symbol": "ADA-USD"}, {"trade_id": 143598905, "side": "sell", "size": "1.50000000", "price": "0.73510000", "time": "2025-07-14T19:06:44.832055Z", "fetched_at": "2025-07-14T19:10:50.422881+00:00", "symbol": "ADA-USD"}, {"trade_id": 143598904, "side": "sell", "size": "16.91307120", "price": "0.73510000", "time": "2025-07-14T19:06:44.832055Z", "fetched_at": "2025-07-14T19:10:50.422881+00:00", "symbol": "ADA-USD"}, {"trade_id": 143598903, "side": "sell", "size": "29.21957275", "price": "0.73500000", "time": "2025-07-14T19:06:44.758523Z", "fetched_at": "2025-07-14T19:10:50.422881+00:00", "symbol": "ADA-USD"}, {"trade_id": 143598902, "side": "sell", "size": "1.50000000", "price": "0.73500000", "time": "2025-07-14T19:06:44.758523Z", "fetched_at": "2025-07-14T19:10:50.422881+00:00", "symbol": "ADA-USD"}, {"trade_id": 143598901, "side": "sell", "size": "103.90101335", "price": "0.73490000", "time": "2025-07-14T19:06:44.208271Z", "fetched_at": "2025-07-14T19:10:50.422881+00:00", "symbol": "ADA-USD"}, {"trade_id": 143598900, "side": "sell", "size": "1.50000000", "price": "0.73490000", "time": "2025-07-14T19:06:44.208271Z", "fetched_at": "2025-07-14T19:10:50.422881+00:00", "symbol": "ADA-USD"}, {"trade_id": 143598899, "side": "sell", "size": "37.35580084", "price": "0.73490000", "time": "2025-07-14T19:06:44.208271Z", "fetched_at": "2025-07-14T19:10:50.422881+00:00", "symbol": "ADA-USD"}, {"trade_id": 143598898, "side": "sell", "size": "1.50000000", "price": "0.73480000", "time": "2025-07-14T19:06:43.078692Z", "fetched_at": "2025-07-14T19:10:50.422881+00:00", "symbol": "ADA-USD"}, {"trade_id": 143598897, "side": "buy", "size": "67.43769400", "price": "0.73460000", "time": "2025-07-14T19:06:42.679911Z", "fetched_at": "2025-07-14T19:10:50.422881+00:00", "symbol": "ADA-USD"}, {"trade_id": 143598896, "side": "buy", "size": "64.85408967", "price": "0.73460000", "time": "2025-07-14T19:06:37.316833Z", "fetched_at": "2025-07-14T19:10:50.422881+00:00", "symbol": "ADA-USD"}, {"trade_id": 143598895, "side": "buy", "size": "40.81251033", "price": "0.73460000", "time": "2025-07-14T19:06:37.316833Z", "fetched_at": "2025-07-14T19:10:50.422881+00:00", "symbol": "ADA-USD"}, {"trade_id": 143598894, "side": "buy", "size": "118.40978000", "price": "0.73460000", "time": "2025-07-14T19:06:37.316833Z", "fetched_at": "2025-07-14T19:10:50.422881+00:00", "symbol": "ADA-USD"}, {"trade_id": 143598893, "side": "buy", "size": "125.92362000", "price": "0.73470000", "time": "2025-07-14T19:06:37.316833Z", "fetched_at": "2025-07-14T19:10:50.422881+00:00", "symbol": "ADA-USD"}, {"trade_id": 143598892, "side": "sell", "size": "1.71552498", "price": "0.73470000", "time": "2025-07-14T19:06:35.780993Z", "fetched_at": "2025-07-14T19:10:50.422881+00:00", "symbol": "ADA-USD"}, {"trade_id": 143598891, "side": "sell", "size": "26.79784400", "price": "0.73470000", "time": "2025-07-14T19:06:33.858418Z", "fetched_at": "2025-07-14T19:10:50.422881+00:00", "symbol": "ADA-USD"}, {"trade_id": 143598890, "side": "sell", "size": "1.50000000", "price": "0.73470000", "time": "2025-07-14T19:06:33.858418Z", "fetched_at": "2025-07-14T19:10:50.422881+00:00", "symbol": "ADA-USD"}, {"trade_id": 143598889, "side": "buy", "size": "0.58672357", "price": "0.73450000", "time": "2025-07-14T19:06:33.696173Z", "fetched_at": "2025-07-14T19:10:50.422881+00:00", "symbol": "ADA-USD"}, {"trade_id": 143598888, "side": "buy", "size": "54.41668043", "price": "0.73450000", "time": "2025-07-14T19:06:33.696173Z", "fetched_at": "2025-07-14T19:10:50.422881+00:00", "symbol": "ADA-USD"}, {"trade_id": 143598887, "side": "sell", "size": "413.35910560", "price": "0.73460000", "time": "2025-07-14T19:06:33.253487Z", "fetched_at": "2025-07-14T19:10:50.422881+00:00", "symbol": "ADA-USD"}, {"trade_id": 143598886, "side": "sell", "size": "3851.46231279", "price": "0.73450000", "time": "2025-07-14T19:06:33.234342Z", "fetched_at": "2025-07-14T19:10:50.422881+00:00", "symbol": "ADA-USD"}, {"trade_id": 143598885, "side": "sell", "size": "365.47880937", "price": "0.73450000", "time": "2025-07-14T19:06:33.234329Z", "fetched_at": "2025-07-14T19:10:50.422881+00:00", "symbol": "ADA-USD"}, {"trade_id": 143598884, "side": "sell", "size": "732.05887784", "price": "0.73450000", "time": "2025-07-14T19:06:33.231232Z", "fetched_at": "2025-07-14T19:10:50.422881+00:00", "symbol": "ADA-USD"}, {"trade_id": 143598883, "side": "sell", "size": "2.21998164", "price": "0.73450000", "time": "2025-07-14T19:06:33.231232Z", "fetched_at": "2025-07-14T19:10:50.422881+00:00", "symbol": "ADA-USD"}, {"trade_id": 143598882, "side": "sell", "size": "20.00000000", "price": "0.73450000", "time": "2025-07-14T19:06:31.770830Z", "fetched_at": "2025-07-14T19:10:50.422881+00:00", "symbol": "ADA-USD"}, {"trade_id": 143598881, "side": "sell", "size": "244.04058767", "price": "0.73450000", "time": "2025-07-14T19:06:27.147980Z", "fetched_at": "2025-07-14T19:10:50.422881+00:00", "symbol": "ADA-USD"}, {"trade_id": 143598880, "side": "sell", "size": "188.68776699", "price": "0.73450000", "time": "2025-07-14T19:06:27.058450Z", "fetched_at": "2025-07-14T19:10:50.422881+00:00", "symbol": "ADA-USD"}, {"trade_id": 143598879, "side": "sell", "size": "418.21772126", "price": "0.73450000", "time": "2025-07-14T19:06:27.041841Z", "fetched_at": "2025-07-14T19:10:50.422881+00:00", "symbol": "ADA-USD"}, {"trade_id": 143598878, "side": "sell", "size": "278.67477661", "price": "0.73450000", "time": "2025-07-14T19:06:27.002617Z", "fetched_at": "2025-07-14T19:10:50.422881+00:00", "symbol": "ADA-USD"}, {"trade_id": 143598877, "side": "sell", "size": "259.95038935", "price": "0.73450000", "time": "2025-07-14T19:06:26.962727Z", "fetched_at": "2025-07-14T19:10:50.422881+00:00", "symbol": "ADA-USD"}, {"trade_id": 143598876, "side": "sell", "size": "794.01682014", "price": "0.73450000", "time": "2025-07-14T19:06:26.950094Z", "fetched_at": "2025-07-14T19:10:50.422881+00:00", "symbol": "ADA-USD"}, {"trade_id": 143598875, "side": "sell", "size": "4.30668221", "price": "0.73450000", "time": "2025-07-14T19:06:26.950094Z", "fetched_at": "2025-07-14T19:10:50.422881+00:00", "symbol": "ADA-USD"}, {"trade_id": 143598874, "side": "buy", "size": "10.08596597", "price": "0.73460000", "time": "2025-07-14T19:06:15.098250Z", "fetched_at": "2025-07-14T19:10:50.422881+00:00", "symbol": "ADA-USD"}, {"trade_id": 143598873, "side": "sell", "size": "654.19484511", "price": "0.73480000", "time": "2025-07-14T19:06:13.987873Z", "fetched_at": "2025-07-14T19:10:50.422881+00:00", "symbol": "ADA-USD"}, {"trade_id": 143598872, "side": "sell", "size": "1.50000000", "price": "0.73480000", "time": "2025-07-14T19:06:13.987873Z", "fetched_at": "2025-07-14T19:10:50.422881+00:00", "symbol": "ADA-USD"}, {"trade_id": 143598871, "side": "sell", "size": "23.67532364", "price": "0.73480000", "time": "2025-07-14T19:06:13.987873Z", "fetched_at": "2025-07-14T19:10:50.422881+00:00", "symbol": "ADA-USD"}, {"trade_id": 143598870, "side": "sell", "size": "64.62595100", "price": "0.73470000", "time": "2025-07-14T19:06:13.148691Z", "fetched_at": "2025-07-14T19:10:50.422881+00:00", "symbol": "ADA-USD"}, {"trade_id": 143598869, "side": "sell", "size": "1.50000000", "price": "0.73470000", "time": "2025-07-14T19:06:13.148691Z", "fetched_at": "2025-07-14T19:10:50.422881+00:00", "symbol": "ADA-USD"}, {"trade_id": 143598868, "side": "sell", "size": "1.50000000", "price": "0.73460000", "time": "2025-07-14T19:06:12.976054Z", "fetched_at": "2025-07-14T19:10:50.422881+00:00", "symbol": "ADA-USD"}, {"trade_id": 143598867, "side": "sell", "size": "1.39169908", "price": "0.73450000", "time": "2025-07-14T19:06:12.473266Z", "fetched_at": "2025-07-14T19:10:50.422881+00:00", "symbol": "ADA-USD"}, {"trade_id": 143598866, "side": "sell", "size": "1.50000000", "price": "0.73450000", "time": "2025-07-14T19:06:12.473266Z", "fetched_at": "2025-07-14T19:10:50.422881+00:00", "symbol": "ADA-USD"}, {"trade_id": 143598865, "side": "sell", "size": "1.85851783", "price": "0.73440000", "time": "2025-07-14T19:06:12.217473Z", "fetched_at": "2025-07-14T19:10:50.422881+00:00", "symbol": "ADA-USD"}, {"trade_id": 143598864, "side": "sell", "size": "2.46115492", "price": "0.73440000", "time": "2025-07-14T19:06:09.928160Z", "fetched_at": "2025-07-14T19:10:50.422881+00:00", "symbol": "ADA-USD"}, {"trade_id": 143598863, "side": "sell", "size": "1.50000000", "price": "0.73440000", "time": "2025-07-14T19:06:09.928160Z", "fetched_at": "2025-07-14T19:10:50.422881+00:00", "symbol": "ADA-USD"}, {"trade_id": 143598862, "side": "sell", "size": "8.14117436", "price": "0.73430000", "time": "2025-07-14T19:06:08.964068Z", "fetched_at": "2025-07-14T19:10:50.422881+00:00", "symbol": "ADA-USD"}, {"trade_id": 143598861, "side": "sell", "size": "12.02739718", "price": "0.73410000", "time": "2025-07-14T19:06:08.184250Z", "fetched_at": "2025-07-14T19:10:50.422881+00:00", "symbol": "ADA-USD"}, {"trade_id": 143598860, "side": "sell", "size": "1.02543068", "price": "0.73410000", "time": "2025-07-14T19:06:08.184250Z", "fetched_at": "2025-07-14T19:10:50.422881+00:00", "symbol": "ADA-USD"}, {"trade_id": 143598859, "side": "buy", "size": "12.02818560", "price": "0.73420000", "time": "2025-07-14T19:06:06.440258Z", "fetched_at": "2025-07-14T19:10:50.422881+00:00", "symbol": "ADA-USD"}, {"trade_id": 143598858, "side": "buy", "size": "34.05066739", "price": "0.73420000", "time": "2025-07-14T19:06:06.440258Z", "fetched_at": "2025-07-14T19:10:50.422881+00:00", "symbol": "ADA-USD"}, {"trade_id": 143598857, "side": "sell", "size": "26.45480500", "price": "0.73430000", "time": "2025-07-14T19:06:04.915343Z", "fetched_at": "2025-07-14T19:10:50.422881+00:00", "symbol": "ADA-USD"}, {"trade_id": 143598856, "side": "buy", "size": "4955.60000000", "price": "0.73440000", "time": "2025-07-14T19:06:03.583508Z", "fetched_at": "2025-07-14T19:10:50.422881+00:00", "symbol": "ADA-USD"}, {"trade_id": 143598855, "side": "buy", "size": "12.02327279", "price": "0.73450000", "time": "2025-07-14T19:06:03.583508Z", "fetched_at": "2025-07-14T19:10:50.422881+00:00", "symbol": "ADA-USD"}, {"trade_id": 143598854, "side": "sell", "size": "134.78556800", "price": "0.73460000", "time": "2025-07-14T19:06:02.672806Z", "fetched_at": "2025-07-14T19:10:50.422881+00:00", "symbol": "ADA-USD"}, {"trade_id": 143598853, "side": "sell", "size": "1.68229666", "price": "0.73450000", "time": "2025-07-14T19:05:57.532738Z", "fetched_at": "2025-07-14T19:10:50.422881+00:00", "symbol": "ADA-USD"}, {"trade_id": 143598852, "side": "sell", "size": "2.07372004", "price": "0.73450000", "time": "2025-07-14T19:05:54.594345Z", "fetched_at": "2025-07-14T19:10:50.422881+00:00", "symbol": "ADA-USD"}, {"trade_id": 143598851, "side": "sell", "size": "174.85437457", "price": "0.73450000", "time": "2025-07-14T19:05:54.594345Z", "fetched_at": "2025-07-14T19:10:50.422881+00:00", "symbol": "ADA-USD"}, {"trade_id": 143598850, "side": "sell", "size": "2.70219579", "price": "0.73440000", "time": "2025-07-14T19:05:53.810943Z", "fetched_at": "2025-07-14T19:10:50.422881+00:00", "symbol": "ADA-USD"}, {"trade_id": 143598849, "side": "sell", "size": "12.01319050", "price": "0.73430000", "time": "2025-07-14T19:05:51.998238Z", "fetched_at": "2025-07-14T19:10:50.422881+00:00", "symbol": "ADA-USD"}, {"trade_id": 143598848, "side": "buy", "size": "6.91711589", "price": "0.73430000", "time": "2025-07-14T19:05:50.445144Z", "fetched_at": "2025-07-14T19:10:50.422881+00:00", "symbol": "ADA-USD"}, {"trade_id": 143598847, "side": "buy", "size": "101.72953833", "price": "0.73430000", "time": "2025-07-14T19:05:50.445144Z", "fetched_at": "2025-07-14T19:10:50.422881+00:00", "symbol": "ADA-USD"}, {"trade_id": 143598846, "side": "buy", "size": "0.00000637", "price": "0.73440000", "time": "2025-07-14T19:05:50.445144Z", "fetched_at": "2025-07-14T19:10:50.422881+00:00", "symbol": "ADA-USD"}, {"trade_id": 143598845, "side": "buy", "size": "69.92649000", "price": "0.73440000", "time": "2025-07-14T19:05:50.441743Z", "fetched_at": "2025-07-14T19:10:50.422881+00:00", "symbol": "ADA-USD"}, {"trade_id": 143598844, "side": "buy", "size": "6.91523240", "price": "0.73450000", "time": "2025-07-14T19:05:50.279928Z", "fetched_at": "2025-07-14T19:10:50.422881+00:00", "symbol": "ADA-USD"}, {"trade_id": 143598843, "side": "sell", "size": "6.72437053", "price": "0.73470000", "time": "2025-07-14T19:05:46.176543Z", "fetched_at": "2025-07-14T19:10:50.422881+00:00", "symbol": "ADA-USD"}, {"trade_id": 143598842, "side": "buy", "size": "6.58711598", "price": "0.73470000", "time": "2025-07-14T19:05:45.164401Z", "fetched_at": "2025-07-14T19:10:50.422881+00:00", "symbol": "ADA-USD"}, {"trade_id": 143598841, "side": "buy", "size": "76.46502164", "price": "0.73460000", "time": "2025-07-14T19:05:44.600183Z", "fetched_at": "2025-07-14T19:10:50.422881+00:00", "symbol": "ADA-USD"}, {"trade_id": 143598840, "side": "buy", "size": "6.60439542", "price": "0.73470000", "time": "2025-07-14T19:05:44.600183Z", "fetched_at": "2025-07-14T19:10:50.422881+00:00", "symbol": "ADA-USD"}, {"trade_id": 143598839, "side": "buy", "size": "51.00306000", "price": "0.73470000", "time": "2025-07-14T19:05:44.600183Z", "fetched_at": "2025-07-14T19:10:50.422881+00:00", "symbol": "ADA-USD"}, {"trade_id": 143598838, "side": "buy", "size": "125.92362000", "price": "0.73470000", "time": "2025-07-14T19:05:44.600183Z", "fetched_at": "2025-07-14T19:10:50.422881+00:00", "symbol": "ADA-USD"}, {"trade_id": 143598837, "side": "buy", "size": "59.18590000", "price": "0.73470000", "time": "2025-07-14T19:05:44.600183Z", "fetched_at": "2025-07-14T19:10:50.422881+00:00", "symbol": "ADA-USD"}, {"trade_id": 143598836, "side": "buy", "size": "44.12582694", "price": "0.73470000", "time": "2025-07-14T19:05:44.600183Z", "fetched_at": "2025-07-14T19:10:50.422881+00:00", "symbol": "ADA-USD"}, {"trade_id": 143598835, "side": "sell", "size": "25.88461740", "price": "0.73470000", "time": "2025-07-14T19:05:43.497265Z", "fetched_at": "2025-07-14T19:10:50.422881+00:00", "symbol": "ADA-USD"}, {"trade_id": 143598834, "side": "sell", "size": "1.50000000", "price": "0.73470000", "time": "2025-07-14T19:05:43.497265Z", "fetched_at": "2025-07-14T19:10:50.422881+00:00", "symbol": "ADA-USD"}, {"trade_id": 143598833, "side": "sell", "size": "1.50000000", "price": "0.73460000", "time": "2025-07-14T19:05:41.986883Z", "fetched_at": "2025-07-14T19:10:50.422881+00:00", "symbol": "ADA-USD"}, {"trade_id": 143598832, "side": "sell", "size": "1.50000000", "price": "0.73450000", "time": "2025-07-14T19:05:41.422143Z", "fetched_at": "2025-07-14T19:10:50.422881+00:00", "symbol": "ADA-USD"}, {"trade_id": 143598831, "side": "sell", "size": "238.41571321", "price": "0.73450000", "time": "2025-07-14T19:05:41.422143Z", "fetched_at": "2025-07-14T19:10:50.422881+00:00", "symbol": "ADA-USD"}, {"trade_id": 143598830, "side": "sell", "size": "9.77594700", "price": "0.73450000", "time": "2025-07-14T19:05:40.347325Z", "fetched_at": "2025-07-14T19:10:50.422881+00:00", "symbol": "ADA-USD"}, {"trade_id": 143598829, "side": "sell", "size": "1.76604291", "price": "0.73430000", "time": "2025-07-14T19:05:39.528626Z", "fetched_at": "2025-07-14T19:10:50.422881+00:00", "symbol": "ADA-USD"}, {"trade_id": 143598828, "side": "sell", "size": "2.62659244", "price": "0.73430000", "time": "2025-07-14T19:05:39.043824Z", "fetched_at": "2025-07-14T19:10:50.422881+00:00", "symbol": "ADA-USD"}, {"trade_id": 143598827, "side": "sell", "size": "3.84249739", "price": "0.73430000", "time": "2025-07-14T19:05:38.504112Z", "fetched_at": "2025-07-14T19:10:50.422881+00:00", "symbol": "ADA-USD"}, {"trade_id": 143598826, "side": "sell", "size": "2.88677408", "price": "0.73440000", "time": "2025-07-14T19:05:37.006164Z", "fetched_at": "2025-07-14T19:10:50.422881+00:00", "symbol": "ADA-USD"}, {"trade_id": 143598825, "side": "sell", "size": "1.50000000", "price": "0.73440000", "time": "2025-07-14T19:05:37.006164Z", "fetched_at": "2025-07-14T19:10:50.422881+00:00", "symbol": "ADA-USD"}, {"trade_id": 143598824, "side": "sell", "size": "51.00306000", "price": "0.73430000", "time": "2025-07-14T19:05:37.006164Z", "fetched_at": "2025-07-14T19:10:50.422881+00:00", "symbol": "ADA-USD"}, {"trade_id": 143598823, "side": "sell", "size": "10.62916392", "price": "0.73430000", "time": "2025-07-14T19:05:37.006164Z", "fetched_at": "2025-07-14T19:10:50.422881+00:00", "symbol": "ADA-USD"}, {"trade_id": 143598822, "side": "sell", "size": "0.15177700", "price": "0.73430000", "time": "2025-07-14T19:05:37.006164Z", "fetched_at": "2025-07-14T19:10:50.422881+00:00", "symbol": "ADA-USD"}, {"trade_id": 143598821, "side": "sell", "size": "1.34822300", "price": "0.73430000", "time": "2025-07-14T19:05:36.176144Z", "fetched_at": "2025-07-14T19:10:50.422881+00:00", "symbol": "ADA-USD"}, {"trade_id": 143598820, "side": "sell", "size": "10.59096902", "price": "0.73420000", "time": "2025-07-14T19:05:34.896400Z", "fetched_at": "2025-07-14T19:10:50.422881+00:00", "symbol": "ADA-USD"}, {"trade_id": 143598819, "side": "buy", "size": "125.89446494", "price": "0.73400000", "time": "2025-07-14T19:05:34.540619Z", "fetched_at": "2025-07-14T19:10:50.422881+00:00", "symbol": "ADA-USD"}, {"trade_id": 143598818, "side": "buy", "size": "11.71140006", "price": "0.73410000", "time": "2025-07-14T19:05:34.540619Z", "fetched_at": "2025-07-14T19:10:50.422881+00:00", "symbol": "ADA-USD"}, {"trade_id": 143598817, "side": "sell", "size": "9.49351800", "price": "0.73410000", "time": "2025-07-14T19:05:34.032924Z", "fetched_at": "2025-07-14T19:10:50.422881+00:00", "symbol": "ADA-USD"}, {"trade_id": 143598816, "side": "buy", "size": "387.62328992", "price": "0.73400000", "time": "2025-07-14T19:05:32.471178Z", "fetched_at": "2025-07-14T19:10:50.422881+00:00", "symbol": "ADA-USD"}, {"trade_id": 143598815, "side": "buy", "size": "12.02982408", "price": "0.73410000", "time": "2025-07-14T19:05:32.471178Z", "fetched_at": "2025-07-14T19:10:50.422881+00:00", "symbol": "ADA-USD"}, {"trade_id": 143598814, "side": "sell", "size": "13.48222800", "price": "0.73430000", "time": "2025-07-14T19:05:30.134970Z", "fetched_at": "2025-07-14T19:10:50.422881+00:00", "symbol": "ADA-USD"}, {"trade_id": 143598813, "side": "sell", "size": "2.57787697", "price": "0.73420000", "time": "2025-07-14T19:05:29.952706Z", "fetched_at": "2025-07-14T19:10:50.422881+00:00", "symbol": "ADA-USD"}, {"trade_id": 143598812, "side": "sell", "size": "1.50000000", "price": "0.73430000", "time": "2025-07-14T19:05:26.562135Z", "fetched_at": "2025-07-14T19:10:50.422881+00:00", "symbol": "ADA-USD"}, {"trade_id": 143598811, "side": "sell", "size": "661.43050600", "price": "0.73420000", "time": "2025-07-14T19:05:24.695138Z", "fetched_at": "2025-07-14T19:10:50.422881+00:00", "symbol": "ADA-USD"}, {"trade_id": 143598810, "side": "sell", "size": "7.74917297", "price": "0.73420000", "time": "2025-07-14T19:05:20.535924Z", "fetched_at": "2025-07-14T19:10:50.422881+00:00", "symbol": "ADA-USD"}, {"trade_id": 143598809, "side": "buy", "size": "11.68825330", "price": "0.73460000", "time": "2025-07-14T19:05:14.559737Z", "fetched_at": "2025-07-14T19:10:50.422881+00:00", "symbol": "ADA-USD"}, {"trade_id": 143598808, "side": "buy", "size": "51.19742670", "price": "0.73460000", "time": "2025-07-14T19:05:14.559737Z", "fetched_at": "2025-07-14T19:10:50.422881+00:00", "symbol": "ADA-USD"}, {"trade_id": 143598807, "side": "sell", "size": "1.72050507", "price": "0.73470000", "time": "2025-07-14T19:05:12.684945Z", "fetched_at": "2025-07-14T19:10:50.422881+00:00", "symbol": "ADA-USD"}, {"trade_id": 143598806, "side": "sell", "size": "1.50000000", "price": "0.73470000", "time": "2025-07-14T19:05:12.684945Z", "fetched_at": "2025-07-14T19:10:50.422881+00:00", "symbol": "ADA-USD"}, {"trade_id": 143598805, "side": "sell", "size": "2.22913812", "price": "0.73460000", "time": "2025-07-14T19:05:11.152347Z", "fetched_at": "2025-07-14T19:10:50.422881+00:00", "symbol": "ADA-USD"}, {"trade_id": 143598804, "side": "sell", "size": "251.86093670", "price": "0.73460000", "time": "2025-07-14T19:05:11.152347Z", "fetched_at": "2025-07-14T19:10:50.422881+00:00", "symbol": "ADA-USD"}, {"trade_id": 143598803, "side": "sell", "size": "1.50000000", "price": "0.73460000", "time": "2025-07-14T19:05:11.152347Z", "fetched_at": "2025-07-14T19:10:50.422881+00:00", "symbol": "ADA-USD"}, {"trade_id": 143598802, "side": "sell", "size": "6.79844820", "price": "0.73450000", "time": "2025-07-14T19:05:07.906993Z", "fetched_at": "2025-07-14T19:10:50.422881+00:00", "symbol": "ADA-USD"}, {"trade_id": 143598801, "side": "sell", "size": "12.51326152", "price": "0.73440000", "time": "2025-07-14T19:05:05.650715Z", "fetched_at": "2025-07-14T19:10:50.422881+00:00", "symbol": "ADA-USD"}, {"trade_id": 143598800, "side": "buy", "size": "12.51408226", "price": "0.73430000", "time": "2025-07-14T19:05:03.769425Z", "fetched_at": "2025-07-14T19:10:50.422881+00:00", "symbol": "ADA-USD"}, {"trade_id": 143598799, "side": "buy", "size": "0.00001573", "price": "0.73440000", "time": "2025-07-14T19:05:02.564547Z", "fetched_at": "2025-07-14T19:10:50.422881+00:00", "symbol": "ADA-USD"}, {"trade_id": 143598798, "side": "sell", "size": "5.22535900", "price": "0.73450000", "time": "2025-07-14T19:05:02.548Z", "fetched_at": "2025-07-14T19:10:50.422881+00:00", "symbol": "ADA-USD"}, {"trade_id": 143598797, "side": "buy", "size": "449.99810000", "price": "0.73440000", "time": "2025-07-14T19:05:02.537945Z", "fetched_at": "2025-07-14T19:10:50.422881+00:00", "symbol": "ADA-USD"}, {"trade_id": 143598796, "side": "buy", "size": "565.00188427", "price": "0.73440000", "time": "2025-07-14T19:05:02.534662Z", "fetched_at": "2025-07-14T19:10:50.422881+00:00", "symbol": "ADA-USD"}, {"trade_id": 143598795, "side": "buy", "size": "12.51237827", "price": "0.73440000", "time": "2025-07-14T19:05:02.534662Z", "fetched_at": "2025-07-14T19:10:50.422881+00:00", "symbol": "ADA-USD"}, {"trade_id": 143598794, "side": "buy", "size": "91.01764746", "price": "0.73440000", "time": "2025-07-14T19:05:02.534662Z", "fetched_at": "2025-07-14T19:10:50.422881+00:00", "symbol": "ADA-USD"}, {"trade_id": 143598793, "side": "sell", "size": "12.86202516", "price": "0.73440000", "time": "2025-07-14T19:05:01.918722Z", "fetched_at": "2025-07-14T19:10:50.422881+00:00", "symbol": "ADA-USD"}, {"trade_id": 143598792, "side": "sell", "size": "923.98765862", "price": "0.73440000", "time": "2025-07-14T19:05:01.918722Z", "fetched_at": "2025-07-14T19:10:50.422881+00:00", "symbol": "ADA-USD"}, {"trade_id": 143598791, "side": "sell", "size": "1374.80084123", "price": "0.73440000", "time": "2025-07-14T19:05:01.918580Z", "fetched_at": "2025-07-14T19:10:50.422881+00:00", "symbol": "ADA-USD"}, {"trade_id": 143598790, "side": "sell", "size": "2669.21150015", "price": "0.73440000", "time": "2025-07-14T19:05:01.917455Z", "fetched_at": "2025-07-14T19:10:50.422881+00:00", "symbol": "ADA-USD"}, {"trade_id": 143598789, "side": "sell", "size": "1.37587062", "price": "0.73450000", "time": "2025-07-14T19:05:00.121517Z", "fetched_at": "2025-07-14T19:10:50.422881+00:00", "symbol": "ADA-USD"}, {"trade_id": 143598788, "side": "sell", "size": "12.86202516", "price": "0.73450000", "time": "2025-07-14T19:05:00.121517Z", "fetched_at": "2025-07-14T19:10:50.422881+00:00", "symbol": "ADA-USD"}, {"trade_id": 143598787, "side": "sell", "size": "1.50000000", "price": "0.73450000", "time": "2025-07-14T19:05:00.121517Z", "fetched_at": "2025-07-14T19:10:50.422881+00:00", "symbol": "ADA-USD"}, {"trade_id": 143598786, "side": "sell", "size": "4.70167900", "price": "0.73440000", "time": "2025-07-14T19:04:56.143406Z", "fetched_at": "2025-07-14T19:10:50.422881+00:00", "symbol": "ADA-USD"}, {"trade_id": 143598785, "side": "sell", "size": "120.37649952", "price": "0.73430000", "time": "2025-07-14T19:04:54.679781Z", "fetched_at": "2025-07-14T19:10:50.422881+00:00", "symbol": "ADA-USD"}, {"trade_id": 143598784, "side": "sell", "size": "1.87499481", "price": "0.73430000", "time": "2025-07-14T19:04:54.679781Z", "fetched_at": "2025-07-14T19:10:50.422881+00:00", "symbol": "ADA-USD"}, {"trade_id": 143598783, "side": "sell", "size": "103.39259835", "price": "0.73430000", "time": "2025-07-14T19:04:53.739837Z", "fetched_at": "2025-07-14T19:10:50.422881+00:00", "symbol": "ADA-USD"}, {"trade_id": 143598782, "side": "sell", "size": "2.52579664", "price": "0.73430000", "time": "2025-07-14T19:04:53.739837Z", "fetched_at": "2025-07-14T19:10:50.422881+00:00", "symbol": "ADA-USD"}, {"trade_id": 143598781, "side": "sell", "size": "314.87501683", "price": "0.73440000", "time": "2025-07-14T19:04:52.326567Z", "fetched_at": "2025-07-14T19:10:50.422881+00:00", "symbol": "ADA-USD"}, {"trade_id": 143598780, "side": "sell", "size": "261.88293833", "price": "0.73440000", "time": "2025-07-14T19:04:52.326567Z", "fetched_at": "2025-07-14T19:10:50.422881+00:00", "symbol": "ADA-USD"}, {"trade_id": 143598779, "side": "sell", "size": "1.50000000", "price": "0.73440000", "time": "2025-07-14T19:04:52.326567Z", "fetched_at": "2025-07-14T19:10:50.422881+00:00", "symbol": "ADA-USD"}, {"trade_id": 143598778, "side": "sell", "size": "77.87816053", "price": "0.73430000", "time": "2025-07-14T19:04:52.326567Z", "fetched_at": "2025-07-14T19:10:50.422881+00:00", "symbol": "ADA-USD"}, {"trade_id": 143598777, "side": "sell", "size": "5.45986731", "price": "0.73430000", "time": "2025-07-14T19:04:52.326567Z", "fetched_at": "2025-07-14T19:10:50.422881+00:00", "symbol": "ADA-USD"}, {"trade_id": 143598776, "side": "sell", "size": "58.93812759", "price": "0.73430000", "time": "2025-07-14T19:04:49.170173Z", "fetched_at": "2025-07-14T19:10:50.422881+00:00", "symbol": "ADA-USD"}, {"trade_id": 143598775, "side": "sell", "size": "12.51495342", "price": "0.73430000", "time": "2025-07-14T19:04:49.170173Z", "fetched_at": "2025-07-14T19:10:50.422881+00:00", "symbol": "ADA-USD"}, {"trade_id": 143598774, "side": "buy", "size": "287.46471329", "price": "0.73420000", "time": "2025-07-14T19:04:48.764826Z", "fetched_at": "2025-07-14T19:10:50.422881+00:00", "symbol": "ADA-USD"}, {"trade_id": 143598773, "side": "buy", "size": "12.51578671", "price": "0.73420000", "time": "2025-07-14T19:04:48.764826Z", "fetched_at": "2025-07-14T19:10:50.422881+00:00", "symbol": "ADA-USD"}, {"trade_id": 143598772, "side": "sell", "size": "1.50000000", "price": "0.73430000", "time": "2025-07-14T19:04:43.127602Z", "fetched_at": "2025-07-14T19:10:50.422881+00:00", "symbol": "ADA-USD"}, {"trade_id": 143598771, "side": "sell", "size": "12.52166871", "price": "0.73420000", "time": "2025-07-14T19:04:42.865510Z", "fetched_at": "2025-07-14T19:10:50.422881+00:00", "symbol": "ADA-USD"}, {"trade_id": 143598770, "side": "sell", "size": "1.02585146", "price": "0.73420000", "time": "2025-07-14T19:04:42.865510Z", "fetched_at": "2025-07-14T19:10:50.422881+00:00", "symbol": "ADA-USD"}, {"trade_id": 143598769, "side": "sell", "size": "1.50000000", "price": "0.73420000", "time": "2025-07-14T19:04:42.865510Z", "fetched_at": "2025-07-14T19:10:50.422881+00:00", "symbol": "ADA-USD"}, {"trade_id": 143598768, "side": "sell", "size": "12.52166871", "price": "0.73410000", "time": "2025-07-14T19:04:42.807285Z", "fetched_at": "2025-07-14T19:10:50.422881+00:00", "symbol": "ADA-USD"}, {"trade_id": 143598767, "side": "sell", "size": "1.50000000", "price": "0.73410000", "time": "2025-07-14T19:04:42.807285Z", "fetched_at": "2025-07-14T19:10:50.422881+00:00", "symbol": "ADA-USD"}, {"trade_id": 143598766, "side": "sell", "size": "515.57597893", "price": "0.73410000", "time": "2025-07-14T19:04:42.807285Z", "fetched_at": "2025-07-14T19:10:50.422881+00:00", "symbol": "ADA-USD"}