[{"trade_id": 143567484, "side": "sell", "size": "1056.91817401", "price": "0.73900000", "time": "2025-07-14T15:10:47.012120Z", "fetched_at": "2025-07-14T15:10:49.868416+00:00", "symbol": "ADA-USD"}, {"trade_id": 143567483, "side": "buy", "size": "63.50436369", "price": "0.73890000", "time": "2025-07-14T15:10:46.438934Z", "fetched_at": "2025-07-14T15:10:49.868416+00:00", "symbol": "ADA-USD"}, {"trade_id": 143567482, "side": "buy", "size": "46.42676931", "price": "0.73890000", "time": "2025-07-14T15:10:46.438934Z", "fetched_at": "2025-07-14T15:10:49.868416+00:00", "symbol": "ADA-USD"}, {"trade_id": 143567481, "side": "buy", "size": "1467.12893753", "price": "0.73910000", "time": "2025-07-14T15:10:45.706128Z", "fetched_at": "2025-07-14T15:10:49.868416+00:00", "symbol": "ADA-USD"}, {"trade_id": 143567480, "side": "buy", "size": "67.19735000", "price": "0.73920000", "time": "2025-07-14T15:10:44.144890Z", "fetched_at": "2025-07-14T15:10:49.868416+00:00", "symbol": "ADA-USD"}, {"trade_id": 143567479, "side": "sell", "size": "103.83306523", "price": "0.73920000", "time": "2025-07-14T15:10:43.359269Z", "fetched_at": "2025-07-14T15:10:49.868416+00:00", "symbol": "ADA-USD"}, {"trade_id": 143567478, "side": "sell", "size": "1.50000000", "price": "0.73920000", "time": "2025-07-14T15:10:43.359269Z", "fetched_at": "2025-07-14T15:10:49.868416+00:00", "symbol": "ADA-USD"}, {"trade_id": 143567477, "side": "sell", "size": "1.50000000", "price": "0.73910000", "time": "2025-07-14T15:10:39.742043Z", "fetched_at": "2025-07-14T15:10:49.868416+00:00", "symbol": "ADA-USD"}, {"trade_id": 143567476, "side": "sell", "size": "166.95249909", "price": "0.73900000", "time": "2025-07-14T15:10:39.381599Z", "fetched_at": "2025-07-14T15:10:49.868416+00:00", "symbol": "ADA-USD"}, {"trade_id": 143567475, "side": "sell", "size": "920.43453333", "price": "0.73890000", "time": "2025-07-14T15:10:39.055522Z", "fetched_at": "2025-07-14T15:10:49.868416+00:00", "symbol": "ADA-USD"}, {"trade_id": 143567474, "side": "buy", "size": "1.50000000", "price": "0.73890000", "time": "2025-07-14T15:10:38.067695Z", "fetched_at": "2025-07-14T15:10:49.868416+00:00", "symbol": "ADA-USD"}, {"trade_id": 143567473, "side": "buy", "size": "961.68970566", "price": "0.73900000", "time": "2025-07-14T15:10:37.938781Z", "fetched_at": "2025-07-14T15:10:49.868416+00:00", "symbol": "ADA-USD"}, {"trade_id": 143567472, "side": "buy", "size": "102.55198700", "price": "0.73900000", "time": "2025-07-14T15:10:37.519528Z", "fetched_at": "2025-07-14T15:10:49.868416+00:00", "symbol": "ADA-USD"}, {"trade_id": 143567471, "side": "sell", "size": "1.33964800", "price": "0.73910000", "time": "2025-07-14T15:10:35.419642Z", "fetched_at": "2025-07-14T15:10:49.868416+00:00", "symbol": "ADA-USD"}, {"trade_id": 143567470, "side": "sell", "size": "243.85537874", "price": "0.73920000", "time": "2025-07-14T15:10:32.096598Z", "fetched_at": "2025-07-14T15:10:49.868416+00:00", "symbol": "ADA-USD"}, {"trade_id": 143567469, "side": "sell", "size": "1.50000000", "price": "0.73920000", "time": "2025-07-14T15:10:32.096598Z", "fetched_at": "2025-07-14T15:10:49.868416+00:00", "symbol": "ADA-USD"}, {"trade_id": 143567468, "side": "sell", "size": "759.04217791", "price": "0.73920000", "time": "2025-07-14T15:10:32.096598Z", "fetched_at": "2025-07-14T15:10:49.868416+00:00", "symbol": "ADA-USD"}, {"trade_id": 143567467, "side": "sell", "size": "0.00000324", "price": "0.73910000", "time": "2025-07-14T15:10:32.096598Z", "fetched_at": "2025-07-14T15:10:49.868416+00:00", "symbol": "ADA-USD"}, {"trade_id": 143567466, "side": "sell", "size": "61.60916000", "price": "0.73910000", "time": "2025-07-14T15:10:32.090232Z", "fetched_at": "2025-07-14T15:10:49.868416+00:00", "symbol": "ADA-USD"}, {"trade_id": 143567465, "side": "sell", "size": "603.70019995", "price": "0.73910000", "time": "2025-07-14T15:10:32.066099Z", "fetched_at": "2025-07-14T15:10:49.868416+00:00", "symbol": "ADA-USD"}, {"trade_id": 143567464, "side": "sell", "size": "99.54988397", "price": "0.73910000", "time": "2025-07-14T15:10:32.066099Z", "fetched_at": "2025-07-14T15:10:49.868416+00:00", "symbol": "ADA-USD"}, {"trade_id": 143567463, "side": "sell", "size": "357.54228672", "price": "0.73900000", "time": "2025-07-14T15:10:31.727073Z", "fetched_at": "2025-07-14T15:10:49.868416+00:00", "symbol": "ADA-USD"}, {"trade_id": 143567462, "side": "sell", "size": "1047.38158100", "price": "0.73900000", "time": "2025-07-14T15:10:31.722415Z", "fetched_at": "2025-07-14T15:10:49.868416+00:00", "symbol": "ADA-USD"}, {"trade_id": 143567461, "side": "buy", "size": "101.65304948", "price": "0.73900000", "time": "2025-07-14T15:10:30.118420Z", "fetched_at": "2025-07-14T15:10:49.868416+00:00", "symbol": "ADA-USD"}, {"trade_id": 143567460, "side": "buy", "size": "51.00306000", "price": "0.73900000", "time": "2025-07-14T15:10:30.116408Z", "fetched_at": "2025-07-14T15:10:49.868416+00:00", "symbol": "ADA-USD"}, {"trade_id": 143567459, "side": "buy", "size": "0.00050000", "price": "0.73900000", "time": "2025-07-14T15:10:29.957321Z", "fetched_at": "2025-07-14T15:10:49.868416+00:00", "symbol": "ADA-USD"}, {"trade_id": 143567458, "side": "buy", "size": "49.50306000", "price": "0.73900000", "time": "2025-07-14T15:10:29.898166Z", "fetched_at": "2025-07-14T15:10:49.868416+00:00", "symbol": "ADA-USD"}, {"trade_id": 143567457, "side": "buy", "size": "1.50000000", "price": "0.73900000", "time": "2025-07-14T15:10:29.898166Z", "fetched_at": "2025-07-14T15:10:49.868416+00:00", "symbol": "ADA-USD"}, {"trade_id": 143567456, "side": "sell", "size": "5.61578220", "price": "0.73910000", "time": "2025-07-14T15:10:29.538547Z", "fetched_at": "2025-07-14T15:10:49.868416+00:00", "symbol": "ADA-USD"}, {"trade_id": 143567455, "side": "buy", "size": "31.94140331", "price": "0.73920000", "time": "2025-07-14T15:10:29.282095Z", "fetched_at": "2025-07-14T15:10:49.868416+00:00", "symbol": "ADA-USD"}, {"trade_id": 143567454, "side": "buy", "size": "57.36592000", "price": "0.73920000", "time": "2025-07-14T15:10:29.281950Z", "fetched_at": "2025-07-14T15:10:49.868416+00:00", "symbol": "ADA-USD"}, {"trade_id": 143567453, "side": "buy", "size": "1096.81948161", "price": "0.73950000", "time": "2025-07-14T15:10:28.962761Z", "fetched_at": "2025-07-14T15:10:49.868416+00:00", "symbol": "ADA-USD"}, {"trade_id": 143567452, "side": "buy", "size": "770.56670376", "price": "0.73930000", "time": "2025-07-14T15:10:28.450657Z", "fetched_at": "2025-07-14T15:10:49.868416+00:00", "symbol": "ADA-USD"}, {"trade_id": 143567451, "side": "buy", "size": "644.57919624", "price": "0.73930000", "time": "2025-07-14T15:10:28.450657Z", "fetched_at": "2025-07-14T15:10:49.868416+00:00", "symbol": "ADA-USD"}, {"trade_id": 143567450, "side": "buy", "size": "134.69062631", "price": "0.73930000", "time": "2025-07-14T15:10:28.429168Z", "fetched_at": "2025-07-14T15:10:49.868416+00:00", "symbol": "ADA-USD"}, {"trade_id": 143567449, "side": "buy", "size": "490.30937369", "price": "0.73940000", "time": "2025-07-14T15:10:28.429168Z", "fetched_at": "2025-07-14T15:10:49.868416+00:00", "symbol": "ADA-USD"}, {"trade_id": 143567448, "side": "buy", "size": "267.53841949", "price": "0.73940000", "time": "2025-07-14T15:10:28.408105Z", "fetched_at": "2025-07-14T15:10:49.868416+00:00", "symbol": "ADA-USD"}, {"trade_id": 143567447, "side": "buy", "size": "653.35668051", "price": "0.73950000", "time": "2025-07-14T15:10:28.408105Z", "fetched_at": "2025-07-14T15:10:49.868416+00:00", "symbol": "ADA-USD"}, {"trade_id": 143567446, "side": "buy", "size": "696.28190000", "price": "0.73950000", "time": "2025-07-14T15:10:28.387096Z", "fetched_at": "2025-07-14T15:10:49.868416+00:00", "symbol": "ADA-USD"}, {"trade_id": 143567445, "side": "sell", "size": "133.21227105", "price": "0.73940000", "time": "2025-07-14T15:10:27.085795Z", "fetched_at": "2025-07-14T15:10:49.868416+00:00", "symbol": "ADA-USD"}, {"trade_id": 143567444, "side": "sell", "size": "1.50000000", "price": "0.73940000", "time": "2025-07-14T15:10:27.085795Z", "fetched_at": "2025-07-14T15:10:49.868416+00:00", "symbol": "ADA-USD"}, {"trade_id": 143567443, "side": "sell", "size": "219.14100416", "price": "0.73930000", "time": "2025-07-14T15:10:26.867030Z", "fetched_at": "2025-07-14T15:10:49.868416+00:00", "symbol": "ADA-USD"}, {"trade_id": 143567442, "side": "sell", "size": "51.00306000", "price": "0.73910000", "time": "2025-07-14T15:10:26.364256Z", "fetched_at": "2025-07-14T15:10:49.868416+00:00", "symbol": "ADA-USD"}, {"trade_id": 143567441, "side": "sell", "size": "1413.70719332", "price": "0.73910000", "time": "2025-07-14T15:10:26.209486Z", "fetched_at": "2025-07-14T15:10:49.868416+00:00", "symbol": "ADA-USD"}, {"trade_id": 143567440, "side": "sell", "size": "779.26982255", "price": "0.73910000", "time": "2025-07-14T15:10:26.209486Z", "fetched_at": "2025-07-14T15:10:49.868416+00:00", "symbol": "ADA-USD"}, {"trade_id": 143567439, "side": "sell", "size": "682.73749464", "price": "0.73910000", "time": "2025-07-14T15:10:26.209486Z", "fetched_at": "2025-07-14T15:10:49.868416+00:00", "symbol": "ADA-USD"}, {"trade_id": 143567438, "side": "sell", "size": "411.32391449", "price": "0.73900000", "time": "2025-07-14T15:10:26.209486Z", "fetched_at": "2025-07-14T15:10:49.868416+00:00", "symbol": "ADA-USD"}, {"trade_id": 143567437, "side": "sell", "size": "50.00000000", "price": "0.73890000", "time": "2025-07-14T15:10:25.671378Z", "fetched_at": "2025-07-14T15:10:49.868416+00:00", "symbol": "ADA-USD"}, {"trade_id": 143567436, "side": "sell", "size": "859.00119649", "price": "0.73890000", "time": "2025-07-14T15:10:25.660443Z", "fetched_at": "2025-07-14T15:10:49.868416+00:00", "symbol": "ADA-USD"}, {"trade_id": 143567435, "side": "buy", "size": "99.81565366", "price": "0.73880000", "time": "2025-07-14T15:10:25.575827Z", "fetched_at": "2025-07-14T15:10:49.868416+00:00", "symbol": "ADA-USD"}, {"trade_id": 143567434, "side": "buy", "size": "1.50000000", "price": "0.73880000", "time": "2025-07-14T15:10:25.575827Z", "fetched_at": "2025-07-14T15:10:49.868416+00:00", "symbol": "ADA-USD"}, {"trade_id": 143567433, "side": "buy", "size": "1.50000000", "price": "0.73890000", "time": "2025-07-14T15:10:25.575827Z", "fetched_at": "2025-07-14T15:10:49.868416+00:00", "symbol": "ADA-USD"}, {"trade_id": 143567432, "side": "sell", "size": "28.12880500", "price": "0.73900000", "time": "2025-07-14T15:10:25.550717Z", "fetched_at": "2025-07-14T15:10:49.868416+00:00", "symbol": "ADA-USD"}, {"trade_id": 143567431, "side": "buy", "size": "1.50000000", "price": "0.73900000", "time": "2025-07-14T15:10:25.447227Z", "fetched_at": "2025-07-14T15:10:49.868416+00:00", "symbol": "ADA-USD"}, {"trade_id": 143567430, "side": "sell", "size": "6.71360930", "price": "0.73920000", "time": "2025-07-14T15:10:24.524505Z", "fetched_at": "2025-07-14T15:10:49.868416+00:00", "symbol": "ADA-USD"}, {"trade_id": 143567429, "side": "buy", "size": "779.26982255", "price": "0.73910000", "time": "2025-07-14T15:10:23.728267Z", "fetched_at": "2025-07-14T15:10:49.868416+00:00", "symbol": "ADA-USD"}, {"trade_id": 143567428, "side": "buy", "size": "0.00000207", "price": "0.73920000", "time": "2025-07-14T15:10:23.725591Z", "fetched_at": "2025-07-14T15:10:49.868416+00:00", "symbol": "ADA-USD"}, {"trade_id": 143567427, "side": "buy", "size": "289.55974000", "price": "0.73920000", "time": "2025-07-14T15:10:23.723536Z", "fetched_at": "2025-07-14T15:10:49.868416+00:00", "symbol": "ADA-USD"}, {"trade_id": 143567426, "side": "buy", "size": "676.31543400", "price": "0.73920000", "time": "2025-07-14T15:10:22.676350Z", "fetched_at": "2025-07-14T15:10:49.868416+00:00", "symbol": "ADA-USD"}, {"trade_id": 143567425, "side": "sell", "size": "308.81498434", "price": "0.73950000", "time": "2025-07-14T15:10:22.119107Z", "fetched_at": "2025-07-14T15:10:49.868416+00:00", "symbol": "ADA-USD"}, {"trade_id": 143567424, "side": "sell", "size": "1.50000000", "price": "0.73950000", "time": "2025-07-14T15:10:22.119107Z", "fetched_at": "2025-07-14T15:10:49.868416+00:00", "symbol": "ADA-USD"}, {"trade_id": 143567423, "side": "sell", "size": "779.26982255", "price": "0.73950000", "time": "2025-07-14T15:10:22.119107Z", "fetched_at": "2025-07-14T15:10:49.868416+00:00", "symbol": "ADA-USD"}, {"trade_id": 143567422, "side": "sell", "size": "310.50000000", "price": "0.73950000", "time": "2025-07-14T15:10:22.119107Z", "fetched_at": "2025-07-14T15:10:49.868416+00:00", "symbol": "ADA-USD"}, {"trade_id": 143567421, "side": "sell", "size": "19.27992110", "price": "0.73950000", "time": "2025-07-14T15:10:22.119107Z", "fetched_at": "2025-07-14T15:10:49.868416+00:00", "symbol": "ADA-USD"}, {"trade_id": 143567420, "side": "sell", "size": "57.83976330", "price": "0.73950000", "time": "2025-07-14T15:10:22.119107Z", "fetched_at": "2025-07-14T15:10:49.868416+00:00", "symbol": "ADA-USD"}, {"trade_id": 143567419, "side": "sell", "size": "492.76492571", "price": "0.73940000", "time": "2025-07-14T15:10:22.119107Z", "fetched_at": "2025-07-14T15:10:49.868416+00:00", "symbol": "ADA-USD"}, {"trade_id": 143567418, "side": "sell", "size": "1.50000000", "price": "0.73940000", "time": "2025-07-14T15:10:22.119107Z", "fetched_at": "2025-07-14T15:10:49.868416+00:00", "symbol": "ADA-USD"}, {"trade_id": 143567417, "side": "sell", "size": "3382.19934954", "price": "0.73930000", "time": "2025-07-14T15:10:22.002745Z", "fetched_at": "2025-07-14T15:10:49.868416+00:00", "symbol": "ADA-USD"}, {"trade_id": 143567416, "side": "sell", "size": "56.26489600", "price": "0.73930000", "time": "2025-07-14T15:10:21.965477Z", "fetched_at": "2025-07-14T15:10:49.868416+00:00", "symbol": "ADA-USD"}, {"trade_id": 143567415, "side": "sell", "size": "1.50000000", "price": "0.73930000", "time": "2025-07-14T15:10:21.965477Z", "fetched_at": "2025-07-14T15:10:49.868416+00:00", "symbol": "ADA-USD"}, {"trade_id": 143567414, "side": "sell", "size": "1444.55977033", "price": "0.73920000", "time": "2025-07-14T15:10:20.611750Z", "fetched_at": "2025-07-14T15:10:49.868416+00:00", "symbol": "ADA-USD"}, {"trade_id": 143567413, "side": "sell", "size": "1.50000000", "price": "0.73920000", "time": "2025-07-14T15:10:20.611750Z", "fetched_at": "2025-07-14T15:10:49.868416+00:00", "symbol": "ADA-USD"}, {"trade_id": 143567412, "side": "buy", "size": "1095.39172796", "price": "0.73900000", "time": "2025-07-14T15:10:18.749043Z", "fetched_at": "2025-07-14T15:10:49.868416+00:00", "symbol": "ADA-USD"}, {"trade_id": 143567411, "side": "buy", "size": "2.36806495", "price": "0.73900000", "time": "2025-07-14T15:10:18.749043Z", "fetched_at": "2025-07-14T15:10:49.868416+00:00", "symbol": "ADA-USD"}, {"trade_id": 143567410, "side": "buy", "size": "137.00876300", "price": "0.73900000", "time": "2025-07-14T15:10:17.831883Z", "fetched_at": "2025-07-14T15:10:49.868416+00:00", "symbol": "ADA-USD"}, {"trade_id": 143567409, "side": "buy", "size": "137.01075000", "price": "0.73900000", "time": "2025-07-14T15:10:17.293787Z", "fetched_at": "2025-07-14T15:10:49.868416+00:00", "symbol": "ADA-USD"}, {"trade_id": 143567408, "side": "buy", "size": "0.10000000", "price": "0.73900000", "time": "2025-07-14T15:10:17.293787Z", "fetched_at": "2025-07-14T15:10:49.868416+00:00", "symbol": "ADA-USD"}, {"trade_id": 143567407, "side": "sell", "size": "310.50000000", "price": "0.73940000", "time": "2025-07-14T15:10:14.784988Z", "fetched_at": "2025-07-14T15:10:49.868416+00:00", "symbol": "ADA-USD"}, {"trade_id": 143567406, "side": "sell", "size": "1.50000000", "price": "0.73940000", "time": "2025-07-14T15:10:14.784988Z", "fetched_at": "2025-07-14T15:10:49.868416+00:00", "symbol": "ADA-USD"}, {"trade_id": 143567405, "side": "sell", "size": "0.51115920", "price": "0.73930000", "time": "2025-07-14T15:10:14.535543Z", "fetched_at": "2025-07-14T15:10:49.868416+00:00", "symbol": "ADA-USD"}, {"trade_id": 143567404, "side": "sell", "size": "1.50000000", "price": "0.73920000", "time": "2025-07-14T15:10:14.097541Z", "fetched_at": "2025-07-14T15:10:49.868416+00:00", "symbol": "ADA-USD"}, {"trade_id": 143567403, "side": "sell", "size": "310.50000000", "price": "0.73920000", "time": "2025-07-14T15:10:14.097541Z", "fetched_at": "2025-07-14T15:10:49.868416+00:00", "symbol": "ADA-USD"}, {"trade_id": 143567402, "side": "sell", "size": "1.50000000", "price": "0.73900000", "time": "2025-07-14T15:10:13.726020Z", "fetched_at": "2025-07-14T15:10:49.868416+00:00", "symbol": "ADA-USD"}, {"trade_id": 143567401, "side": "sell", "size": "1.50000000", "price": "0.73890000", "time": "2025-07-14T15:10:13.224417Z", "fetched_at": "2025-07-14T15:10:49.868416+00:00", "symbol": "ADA-USD"}, {"trade_id": 143567400, "side": "sell", "size": "343.45356694", "price": "0.73890000", "time": "2025-07-14T15:10:12.297425Z", "fetched_at": "2025-07-14T15:10:49.868416+00:00", "symbol": "ADA-USD"}, {"trade_id": 143567399, "side": "sell", "size": "310.50000000", "price": "0.73890000", "time": "2025-07-14T15:10:12.297425Z", "fetched_at": "2025-07-14T15:10:49.868416+00:00", "symbol": "ADA-USD"}, {"trade_id": 143567398, "side": "sell", "size": "699.59273306", "price": "0.73880000", "time": "2025-07-14T15:10:12.297425Z", "fetched_at": "2025-07-14T15:10:49.868416+00:00", "symbol": "ADA-USD"}, {"trade_id": 143567397, "side": "buy", "size": "45.23599495", "price": "0.73860000", "time": "2025-07-14T15:10:12.016592Z", "fetched_at": "2025-07-14T15:10:49.868416+00:00", "symbol": "ADA-USD"}, {"trade_id": 143567396, "side": "buy", "size": "30.33670105", "price": "0.73860000", "time": "2025-07-14T15:10:12.016592Z", "fetched_at": "2025-07-14T15:10:49.868416+00:00", "symbol": "ADA-USD"}, {"trade_id": 143567395, "side": "buy", "size": "10.59401125", "price": "0.73850000", "time": "2025-07-14T15:10:11.180403Z", "fetched_at": "2025-07-14T15:10:49.868416+00:00", "symbol": "ADA-USD"}, {"trade_id": 143567394, "side": "buy", "size": "2.36710402", "price": "0.73850000", "time": "2025-07-14T15:10:11.180403Z", "fetched_at": "2025-07-14T15:10:49.868416+00:00", "symbol": "ADA-USD"}, {"trade_id": 143567393, "side": "buy", "size": "146.58995000", "price": "0.73860000", "time": "2025-07-14T15:10:11.180403Z", "fetched_at": "2025-07-14T15:10:49.868416+00:00", "symbol": "ADA-USD"}, {"trade_id": 143567392, "side": "buy", "size": "40.44893473", "price": "0.73860000", "time": "2025-07-14T15:10:11.180403Z", "fetched_at": "2025-07-14T15:10:49.868416+00:00", "symbol": "ADA-USD"}, {"trade_id": 143567391, "side": "buy", "size": "1211.49322895", "price": "0.73850000", "time": "2025-07-14T15:10:05.788096Z", "fetched_at": "2025-07-14T15:10:49.868416+00:00", "symbol": "ADA-USD"}, {"trade_id": 143567390, "side": "sell", "size": "14.19300205", "price": "0.73870000", "time": "2025-07-14T15:10:04.239159Z", "fetched_at": "2025-07-14T15:10:49.868416+00:00", "symbol": "ADA-USD"}, {"trade_id": 143567389, "side": "sell", "size": "310.50000000", "price": "0.73870000", "time": "2025-07-14T15:10:04.239159Z", "fetched_at": "2025-07-14T15:10:49.868416+00:00", "symbol": "ADA-USD"}, {"trade_id": 143567388, "side": "sell", "size": "51.00306000", "price": "0.73860000", "time": "2025-07-14T15:10:04.239159Z", "fetched_at": "2025-07-14T15:10:49.868416+00:00", "symbol": "ADA-USD"}, {"trade_id": 143567387, "side": "sell", "size": "607.25718124", "price": "0.73860000", "time": "2025-07-14T15:10:04.239159Z", "fetched_at": "2025-07-14T15:10:49.868416+00:00", "symbol": "ADA-USD"}, {"trade_id": 143567386, "side": "sell", "size": "60.64285671", "price": "0.73860000", "time": "2025-07-14T15:10:04.239159Z", "fetched_at": "2025-07-14T15:10:49.868416+00:00", "symbol": "ADA-USD"}, {"trade_id": 143567385, "side": "sell", "size": "310.50000000", "price": "0.73860000", "time": "2025-07-14T15:10:04.239159Z", "fetched_at": "2025-07-14T15:10:49.868416+00:00", "symbol": "ADA-USD"}, {"trade_id": 143567384, "side": "buy", "size": "50.90990000", "price": "0.73850000", "time": "2025-07-14T15:10:03.819473Z", "fetched_at": "2025-07-14T15:10:49.868416+00:00", "symbol": "ADA-USD"}, {"trade_id": 143567383, "side": "buy", "size": "52.91701261", "price": "0.73870000", "time": "2025-07-14T15:10:03.063842Z", "fetched_at": "2025-07-14T15:10:49.868416+00:00", "symbol": "ADA-USD"}, {"trade_id": 143567382, "side": "sell", "size": "216.56911092", "price": "0.73860000", "time": "2025-07-14T15:10:02.972917Z", "fetched_at": "2025-07-14T15:10:49.868416+00:00", "symbol": "ADA-USD"}, {"trade_id": 143567381, "side": "sell", "size": "1.50000000", "price": "0.73860000", "time": "2025-07-14T15:10:02.972917Z", "fetched_at": "2025-07-14T15:10:49.868416+00:00", "symbol": "ADA-USD"}, {"trade_id": 143567380, "side": "sell", "size": "216.56911092", "price": "0.73840000", "time": "2025-07-14T15:10:02.938610Z", "fetched_at": "2025-07-14T15:10:49.868416+00:00", "symbol": "ADA-USD"}, {"trade_id": 143567379, "side": "sell", "size": "216.56911000", "price": "0.73840000", "time": "2025-07-14T15:10:02.850872Z", "fetched_at": "2025-07-14T15:10:49.868416+00:00", "symbol": "ADA-USD"}, {"trade_id": 143567378, "side": "sell", "size": "216.56911092", "price": "0.73840000", "time": "2025-07-14T15:10:02.568591Z", "fetched_at": "2025-07-14T15:10:49.868416+00:00", "symbol": "ADA-USD"}, {"trade_id": 143567377, "side": "sell", "size": "310.50000000", "price": "0.73840000", "time": "2025-07-14T15:10:02.568591Z", "fetched_at": "2025-07-14T15:10:49.868416+00:00", "symbol": "ADA-USD"}, {"trade_id": 143567376, "side": "sell", "size": "0.00001576", "price": "0.73830000", "time": "2025-07-14T15:10:02.382675Z", "fetched_at": "2025-07-14T15:10:49.868416+00:00", "symbol": "ADA-USD"}, {"trade_id": 143567375, "side": "sell", "size": "428.63578401", "price": "0.73830000", "time": "2025-07-14T15:10:02.382303Z", "fetched_at": "2025-07-14T15:10:49.868416+00:00", "symbol": "ADA-USD"}, {"trade_id": 143567374, "side": "sell", "size": "790.39815599", "price": "0.73830000", "time": "2025-07-14T15:10:02.382303Z", "fetched_at": "2025-07-14T15:10:49.868416+00:00", "symbol": "ADA-USD"}, {"trade_id": 143567373, "side": "sell", "size": "0.00000363", "price": "0.73820000", "time": "2025-07-14T15:10:02.121389Z", "fetched_at": "2025-07-14T15:10:49.868416+00:00", "symbol": "ADA-USD"}, {"trade_id": 143567372, "side": "sell", "size": "118.50744000", "price": "0.73820000", "time": "2025-07-14T15:10:02.117627Z", "fetched_at": "2025-07-14T15:10:49.868416+00:00", "symbol": "ADA-USD"}, {"trade_id": 143567371, "side": "sell", "size": "852.56219442", "price": "0.73820000", "time": "2025-07-14T15:10:02.084663Z", "fetched_at": "2025-07-14T15:10:49.868416+00:00", "symbol": "ADA-USD"}, {"trade_id": 143567370, "side": "buy", "size": "0.00009979", "price": "0.73820000", "time": "2025-07-14T15:10:01.866017Z", "fetched_at": "2025-07-14T15:10:49.868416+00:00", "symbol": "ADA-USD"}, {"trade_id": 143567369, "side": "buy", "size": "1.49990021", "price": "0.73820000", "time": "2025-07-14T15:10:01.843552Z", "fetched_at": "2025-07-14T15:10:49.868416+00:00", "symbol": "ADA-USD"}, {"trade_id": 143567368, "side": "buy", "size": "0.11809979", "price": "0.73820000", "time": "2025-07-14T15:10:01.843552Z", "fetched_at": "2025-07-14T15:10:49.868416+00:00", "symbol": "ADA-USD"}, {"trade_id": 143567367, "side": "buy", "size": "816.70000000", "price": "0.73830000", "time": "2025-07-14T15:10:01.732941Z", "fetched_at": "2025-07-14T15:10:49.868416+00:00", "symbol": "ADA-USD"}, {"trade_id": 143567366, "side": "buy", "size": "1.50000000", "price": "0.73830000", "time": "2025-07-14T15:10:01.732941Z", "fetched_at": "2025-07-14T15:10:49.868416+00:00", "symbol": "ADA-USD"}, {"trade_id": 143567365, "side": "buy", "size": "1.50000000", "price": "0.73840000", "time": "2025-07-14T15:10:01.719906Z", "fetched_at": "2025-07-14T15:10:49.868416+00:00", "symbol": "ADA-USD"}, {"trade_id": 143567364, "side": "buy", "size": "1.50000000", "price": "0.73850000", "time": "2025-07-14T15:10:01.658455Z", "fetched_at": "2025-07-14T15:10:49.868416+00:00", "symbol": "ADA-USD"}, {"trade_id": 143567363, "side": "buy", "size": "0.00012006", "price": "0.73860000", "time": "2025-07-14T15:10:01.654440Z", "fetched_at": "2025-07-14T15:10:49.868416+00:00", "symbol": "ADA-USD"}, {"trade_id": 143567362, "side": "buy", "size": "42.58454176", "price": "0.73860000", "time": "2025-07-14T15:10:01.452193Z", "fetched_at": "2025-07-14T15:10:49.868416+00:00", "symbol": "ADA-USD"}, {"trade_id": 143567361, "side": "buy", "size": "1.50000000", "price": "0.73860000", "time": "2025-07-14T15:10:01.452193Z", "fetched_at": "2025-07-14T15:10:49.868416+00:00", "symbol": "ADA-USD"}, {"trade_id": 143567360, "side": "buy", "size": "0.00045824", "price": "0.73860000", "time": "2025-07-14T15:10:01.452193Z", "fetched_at": "2025-07-14T15:10:49.868416+00:00", "symbol": "ADA-USD"}, {"trade_id": 143567359, "side": "buy", "size": "1.50000000", "price": "0.73870000", "time": "2025-07-14T15:10:01.400752Z", "fetched_at": "2025-07-14T15:10:49.868416+00:00", "symbol": "ADA-USD"}, {"trade_id": 143567358, "side": "buy", "size": "1.50000000", "price": "0.73880000", "time": "2025-07-14T15:10:01.287429Z", "fetched_at": "2025-07-14T15:10:49.868416+00:00", "symbol": "ADA-USD"}, {"trade_id": 143567357, "side": "buy", "size": "0.00006673", "price": "0.73890000", "time": "2025-07-14T15:10:01.255150Z", "fetched_at": "2025-07-14T15:10:49.868416+00:00", "symbol": "ADA-USD"}, {"trade_id": 143567356, "side": "buy", "size": "153.78430000", "price": "0.73890000", "time": "2025-07-14T15:10:01.253258Z", "fetched_at": "2025-07-14T15:10:49.868416+00:00", "symbol": "ADA-USD"}, {"trade_id": 143567355, "side": "buy", "size": "51.00306000", "price": "0.73890000", "time": "2025-07-14T15:10:01.248787Z", "fetched_at": "2025-07-14T15:10:49.868416+00:00", "symbol": "ADA-USD"}, {"trade_id": 143567354, "side": "buy", "size": "712.26463695", "price": "0.73890000", "time": "2025-07-14T15:10:01.223725Z", "fetched_at": "2025-07-14T15:10:49.868416+00:00", "symbol": "ADA-USD"}, {"trade_id": 143567353, "side": "buy", "size": "86.16534247", "price": "0.73890000", "time": "2025-07-14T15:10:01.223725Z", "fetched_at": "2025-07-14T15:10:49.868416+00:00", "symbol": "ADA-USD"}, {"trade_id": 143567352, "side": "buy", "size": "1.50000000", "price": "0.73900000", "time": "2025-07-14T15:10:01.129888Z", "fetched_at": "2025-07-14T15:10:49.868416+00:00", "symbol": "ADA-USD"}, {"trade_id": 143567351, "side": "buy", "size": "1210.50974101", "price": "0.73910000", "time": "2025-07-14T15:10:00.988205Z", "fetched_at": "2025-07-14T15:10:49.868416+00:00", "symbol": "ADA-USD"}, {"trade_id": 143567350, "side": "buy", "size": "1.50000000", "price": "0.73910000", "time": "2025-07-14T15:10:00.988205Z", "fetched_at": "2025-07-14T15:10:49.868416+00:00", "symbol": "ADA-USD"}, {"trade_id": 143567349, "side": "buy", "size": "88.54088384", "price": "0.73910000", "time": "2025-07-14T15:10:00.988205Z", "fetched_at": "2025-07-14T15:10:49.868416+00:00", "symbol": "ADA-USD"}, {"trade_id": 143567348, "side": "sell", "size": "6.35473000", "price": "0.73950000", "time": "2025-07-14T15:10:00.784082Z", "fetched_at": "2025-07-14T15:10:49.868416+00:00", "symbol": "ADA-USD"}, {"trade_id": 143567347, "side": "sell", "size": "566.11820990", "price": "0.73950000", "time": "2025-07-14T15:10:00.537365Z", "fetched_at": "2025-07-14T15:10:49.868416+00:00", "symbol": "ADA-USD"}, {"trade_id": 143567346, "side": "sell", "size": "1.50000000", "price": "0.73950000", "time": "2025-07-14T15:10:00.537365Z", "fetched_at": "2025-07-14T15:10:49.868416+00:00", "symbol": "ADA-USD"}, {"trade_id": 143567345, "side": "sell", "size": "779.26982255", "price": "0.73950000", "time": "2025-07-14T15:10:00.537365Z", "fetched_at": "2025-07-14T15:10:49.868416+00:00", "symbol": "ADA-USD"}, {"trade_id": 143567344, "side": "sell", "size": "413.09580168", "price": "0.73930000", "time": "2025-07-14T15:09:59.755922Z", "fetched_at": "2025-07-14T15:10:49.868416+00:00", "symbol": "ADA-USD"}, {"trade_id": 143567343, "side": "sell", "size": "413.09580168", "price": "0.73920000", "time": "2025-07-14T15:09:59.548402Z", "fetched_at": "2025-07-14T15:10:49.868416+00:00", "symbol": "ADA-USD"}, {"trade_id": 143567342, "side": "buy", "size": "310.50000000", "price": "0.73920000", "time": "2025-07-14T15:09:59.448450Z", "fetched_at": "2025-07-14T15:10:49.868416+00:00", "symbol": "ADA-USD"}, {"trade_id": 143567341, "side": "buy", "size": "51.00306000", "price": "0.73920000", "time": "2025-07-14T15:09:59.448450Z", "fetched_at": "2025-07-14T15:10:49.868416+00:00", "symbol": "ADA-USD"}, {"trade_id": 143567340, "side": "sell", "size": "413.09580168", "price": "0.73920000", "time": "2025-07-14T15:09:59.428179Z", "fetched_at": "2025-07-14T15:10:49.868416+00:00", "symbol": "ADA-USD"}, {"trade_id": 143567339, "side": "sell", "size": "799.28552512", "price": "0.73910000", "time": "2025-07-14T15:09:59.206356Z", "fetched_at": "2025-07-14T15:10:49.868416+00:00", "symbol": "ADA-USD"}, {"trade_id": 143567338, "side": "buy", "size": "1.50000000", "price": "0.73890000", "time": "2025-07-14T15:09:58.288174Z", "fetched_at": "2025-07-14T15:10:49.868416+00:00", "symbol": "ADA-USD"}, {"trade_id": 143567337, "side": "buy", "size": "18.70087284", "price": "0.73900000", "time": "2025-07-14T15:09:58.281137Z", "fetched_at": "2025-07-14T15:10:49.868416+00:00", "symbol": "ADA-USD"}, {"trade_id": 143567336, "side": "buy", "size": "1.50000000", "price": "0.73900000", "time": "2025-07-14T15:09:58.281137Z", "fetched_at": "2025-07-14T15:10:49.868416+00:00", "symbol": "ADA-USD"}, {"trade_id": 143567335, "side": "sell", "size": "69.59432400", "price": "0.73910000", "time": "2025-07-14T15:09:57.973255Z", "fetched_at": "2025-07-14T15:10:49.868416+00:00", "symbol": "ADA-USD"}, {"trade_id": 143567334, "side": "sell", "size": "2.42398114", "price": "0.73910000", "time": "2025-07-14T15:09:57.607818Z", "fetched_at": "2025-07-14T15:10:49.868416+00:00", "symbol": "ADA-USD"}, {"trade_id": 143567333, "side": "sell", "size": "11.64066669", "price": "0.73910000", "time": "2025-07-14T15:09:57.607818Z", "fetched_at": "2025-07-14T15:10:49.868416+00:00", "symbol": "ADA-USD"}, {"trade_id": 143567332, "side": "buy", "size": "9.54314879", "price": "0.73910000", "time": "2025-07-14T15:09:57.354790Z", "fetched_at": "2025-07-14T15:10:49.868416+00:00", "symbol": "ADA-USD"}, {"trade_id": 143567331, "side": "buy", "size": "1.50000000", "price": "0.73910000", "time": "2025-07-14T15:09:57.354790Z", "fetched_at": "2025-07-14T15:10:49.868416+00:00", "symbol": "ADA-USD"}, {"trade_id": 143567330, "side": "buy", "size": "1.50000000", "price": "0.73920000", "time": "2025-07-14T15:09:57.239097Z", "fetched_at": "2025-07-14T15:10:49.868416+00:00", "symbol": "ADA-USD"}, {"trade_id": 143567329, "side": "buy", "size": "16.96031947", "price": "0.73930000", "time": "2025-07-14T15:09:56.464263Z", "fetched_at": "2025-07-14T15:10:49.868416+00:00", "symbol": "ADA-USD"}, {"trade_id": 143567328, "side": "buy", "size": "72.35995000", "price": "0.73930000", "time": "2025-07-14T15:09:56.371840Z", "fetched_at": "2025-07-14T15:10:49.868416+00:00", "symbol": "ADA-USD"}, {"trade_id": 143567327, "side": "buy", "size": "546.73539000", "price": "0.73930000", "time": "2025-07-14T15:09:56.367918Z", "fetched_at": "2025-07-14T15:10:49.868416+00:00", "symbol": "ADA-USD"}, {"trade_id": 143567326, "side": "buy", "size": "1.50000000", "price": "0.73930000", "time": "2025-07-14T15:09:56.367918Z", "fetched_at": "2025-07-14T15:10:49.868416+00:00", "symbol": "ADA-USD"}, {"trade_id": 143567325, "side": "buy", "size": "0.00000191", "price": "0.73940000", "time": "2025-07-14T15:09:55.946436Z", "fetched_at": "2025-07-14T15:10:49.868416+00:00", "symbol": "ADA-USD"}, {"trade_id": 143567324, "side": "buy", "size": "229.18914000", "price": "0.73940000", "time": "2025-07-14T15:09:55.945912Z", "fetched_at": "2025-07-14T15:10:49.868416+00:00", "symbol": "ADA-USD"}, {"trade_id": 143567323, "side": "buy", "size": "500.00000000", "price": "0.73940000", "time": "2025-07-14T15:09:55.945516Z", "fetched_at": "2025-07-14T15:10:49.868416+00:00", "symbol": "ADA-USD"}, {"trade_id": 143567322, "side": "sell", "size": "12.82341800", "price": "0.73950000", "time": "2025-07-14T15:09:53.751695Z", "fetched_at": "2025-07-14T15:10:49.868416+00:00", "symbol": "ADA-USD"}, {"trade_id": 143567321, "side": "sell", "size": "10.55621405", "price": "0.73950000", "time": "2025-07-14T15:09:53.502555Z", "fetched_at": "2025-07-14T15:10:49.868416+00:00", "symbol": "ADA-USD"}, {"trade_id": 143567320, "side": "buy", "size": "11.19837886", "price": "0.73940000", "time": "2025-07-14T15:09:53.448141Z", "fetched_at": "2025-07-14T15:10:49.868416+00:00", "symbol": "ADA-USD"}, {"trade_id": 143567319, "side": "buy", "size": "1.50000000", "price": "0.73940000", "time": "2025-07-14T15:09:53.448141Z", "fetched_at": "2025-07-14T15:10:49.868416+00:00", "symbol": "ADA-USD"}, {"trade_id": 143567318, "side": "buy", "size": "55.70107114", "price": "0.73950000", "time": "2025-07-14T15:09:53.448141Z", "fetched_at": "2025-07-14T15:10:49.868416+00:00", "symbol": "ADA-USD"}, {"trade_id": 143567317, "side": "buy", "size": "64.53394581", "price": "0.73950000", "time": "2025-07-14T15:09:53.447945Z", "fetched_at": "2025-07-14T15:10:49.868416+00:00", "symbol": "ADA-USD"}, {"trade_id": 143567316, "side": "buy", "size": "1.50000000", "price": "0.73950000", "time": "2025-07-14T15:09:53.447945Z", "fetched_at": "2025-07-14T15:10:49.868416+00:00", "symbol": "ADA-USD"}, {"trade_id": 143567315, "side": "buy", "size": "2.36550419", "price": "0.73950000", "time": "2025-07-14T15:09:53.447945Z", "fetched_at": "2025-07-14T15:10:49.868416+00:00", "symbol": "ADA-USD"}, {"trade_id": 143567314, "side": "buy", "size": "654.32058549", "price": "0.73960000", "time": "2025-07-14T15:09:52.669544Z", "fetched_at": "2025-07-14T15:10:49.868416+00:00", "symbol": "ADA-USD"}, {"trade_id": 143567313, "side": "buy", "size": "20.12912385", "price": "0.73960000", "time": "2025-07-14T15:09:52.669544Z", "fetched_at": "2025-07-14T15:10:49.868416+00:00", "symbol": "ADA-USD"}, {"trade_id": 143567312, "side": "buy", "size": "1.50000000", "price": "0.73960000", "time": "2025-07-14T15:09:52.669544Z", "fetched_at": "2025-07-14T15:10:49.868416+00:00", "symbol": "ADA-USD"}, {"trade_id": 143567311, "side": "buy", "size": "0.00000870", "price": "0.73970000", "time": "2025-07-14T15:09:52.324586Z", "fetched_at": "2025-07-14T15:10:49.868416+00:00", "symbol": "ADA-USD"}, {"trade_id": 143567310, "side": "buy", "size": "221.31207000", "price": "0.73970000", "time": "2025-07-14T15:09:52.324320Z", "fetched_at": "2025-07-14T15:10:49.868416+00:00", "symbol": "ADA-USD"}, {"trade_id": 143567309, "side": "sell", "size": "211.63092600", "price": "0.73980000", "time": "2025-07-14T15:09:52.160029Z", "fetched_at": "2025-07-14T15:10:49.868416+00:00", "symbol": "ADA-USD"}, {"trade_id": 143567308, "side": "buy", "size": "195.55872000", "price": "0.73970000", "time": "2025-07-14T15:09:50.837068Z", "fetched_at": "2025-07-14T15:10:49.868416+00:00", "symbol": "ADA-USD"}, {"trade_id": 143567307, "side": "buy", "size": "1.50000000", "price": "0.73970000", "time": "2025-07-14T15:09:50.837068Z", "fetched_at": "2025-07-14T15:10:49.868416+00:00", "symbol": "ADA-USD"}, {"trade_id": 143567306, "side": "buy", "size": "1.50000000", "price": "0.73980000", "time": "2025-07-14T15:09:49.947895Z", "fetched_at": "2025-07-14T15:10:49.868416+00:00", "symbol": "ADA-USD"}, {"trade_id": 143567305, "side": "buy", "size": "1.50000000", "price": "0.73990000", "time": "2025-07-14T15:09:49.882462Z", "fetched_at": "2025-07-14T15:10:49.868416+00:00", "symbol": "ADA-USD"}, {"trade_id": 143567304, "side": "buy", "size": "1208.87413000", "price": "0.74010000", "time": "2025-07-14T15:09:46.943687Z", "fetched_at": "2025-07-14T15:10:49.868416+00:00", "symbol": "ADA-USD"}, {"trade_id": 143567303, "side": "sell", "size": "1.50000000", "price": "0.74020000", "time": "2025-07-14T15:09:45.065127Z", "fetched_at": "2025-07-14T15:10:49.868416+00:00", "symbol": "ADA-USD"}, {"trade_id": 143567302, "side": "sell", "size": "495.54379532", "price": "0.74010000", "time": "2025-07-14T15:09:44.883269Z", "fetched_at": "2025-07-14T15:10:49.868416+00:00", "symbol": "ADA-USD"}, {"trade_id": 143567301, "side": "sell", "size": "1.50000000", "price": "0.74010000", "time": "2025-07-14T15:09:44.883269Z", "fetched_at": "2025-07-14T15:10:49.868416+00:00", "symbol": "ADA-USD"}, {"trade_id": 143567300, "side": "sell", "size": "899.66300466", "price": "0.73990000", "time": "2025-07-14T15:09:43.853009Z", "fetched_at": "2025-07-14T15:10:49.868416+00:00", "symbol": "ADA-USD"}, {"trade_id": 143567299, "side": "sell", "size": "22.67778177", "price": "0.73990000", "time": "2025-07-14T15:09:43.853009Z", "fetched_at": "2025-07-14T15:10:49.868416+00:00", "symbol": "ADA-USD"}, {"trade_id": 143567298, "side": "buy", "size": "1209.20090496", "price": "0.73990000", "time": "2025-07-14T15:09:43.102843Z", "fetched_at": "2025-07-14T15:10:49.868416+00:00", "symbol": "ADA-USD"}, {"trade_id": 143567297, "side": "sell", "size": "1.70994300", "price": "0.74000000", "time": "2025-07-14T15:09:42.798254Z", "fetched_at": "2025-07-14T15:10:49.868416+00:00", "symbol": "ADA-USD"}, {"trade_id": 143567296, "side": "sell", "size": "1.50000000", "price": "0.74000000", "time": "2025-07-14T15:09:42.798254Z", "fetched_at": "2025-07-14T15:10:49.868416+00:00", "symbol": "ADA-USD"}, {"trade_id": 143567295, "side": "sell", "size": "0.00000698", "price": "0.73970000", "time": "2025-07-14T15:09:42.161525Z", "fetched_at": "2025-07-14T15:10:49.868416+00:00", "symbol": "ADA-USD"}, {"trade_id": 143567294, "side": "sell", "size": "188.14104000", "price": "0.73970000", "time": "2025-07-14T15:09:41.913277Z", "fetched_at": "2025-07-14T15:10:49.868416+00:00", "symbol": "ADA-USD"}, {"trade_id": 143567293, "side": "sell", "size": "461.42639987", "price": "0.73970000", "time": "2025-07-14T15:09:41.860900Z", "fetched_at": "2025-07-14T15:10:49.868416+00:00", "symbol": "ADA-USD"}, {"trade_id": 143567292, "side": "buy", "size": "236.85546945", "price": "0.73960000", "time": "2025-07-14T15:09:41.813867Z", "fetched_at": "2025-07-14T15:10:49.868416+00:00", "symbol": "ADA-USD"}, {"trade_id": 143567291, "side": "buy", "size": "71.71162455", "price": "0.73960000", "time": "2025-07-14T15:09:41.813867Z", "fetched_at": "2025-07-14T15:10:49.868416+00:00", "symbol": "ADA-USD"}, {"trade_id": 143567290, "side": "buy", "size": "50.00000000", "price": "0.73960000", "time": "2025-07-14T15:09:41.813867Z", "fetched_at": "2025-07-14T15:10:49.868416+00:00", "symbol": "ADA-USD"}, {"trade_id": 143567289, "side": "buy", "size": "51.00306000", "price": "0.73960000", "time": "2025-07-14T15:09:41.813867Z", "fetched_at": "2025-07-14T15:10:49.868416+00:00", "symbol": "ADA-USD"}, {"trade_id": 143567288, "side": "sell", "size": "0.00000493", "price": "0.73960000", "time": "2025-07-14T15:09:41.777665Z", "fetched_at": "2025-07-14T15:10:49.868416+00:00", "symbol": "ADA-USD"}, {"trade_id": 143567287, "side": "sell", "size": "150.08112000", "price": "0.73960000", "time": "2025-07-14T15:09:41.729490Z", "fetched_at": "2025-07-14T15:10:49.868416+00:00", "symbol": "ADA-USD"}, {"trade_id": 143567286, "side": "sell", "size": "1041.15276088", "price": "0.73970000", "time": "2025-07-14T15:09:39.314775Z", "fetched_at": "2025-07-14T15:10:49.868416+00:00", "symbol": "ADA-USD"}, {"trade_id": 143567285, "side": "sell", "size": "3558.99592135", "price": "0.73970000", "time": "2025-07-14T15:09:39.311158Z", "fetched_at": "2025-07-14T15:10:49.868416+00:00", "symbol": "ADA-USD"}, {"trade_id": 143567284, "side": "sell", "size": "706.15109329", "price": "0.73960000", "time": "2025-07-14T15:09:39.271280Z", "fetched_at": "2025-07-14T15:10:49.868416+00:00", "symbol": "ADA-USD"}, {"trade_id": 143567283, "side": "sell", "size": "4.38450059", "price": "0.73960000", "time": "2025-07-14T15:09:39.271280Z", "fetched_at": "2025-07-14T15:10:49.868416+00:00", "symbol": "ADA-USD"}, {"trade_id": 143567282, "side": "sell", "size": "323.30600000", "price": "0.73950000", "time": "2025-07-14T15:09:39.242083Z", "fetched_at": "2025-07-14T15:10:49.868416+00:00", "symbol": "ADA-USD"}, {"trade_id": 143567281, "side": "sell", "size": "616.25507721", "price": "0.73950000", "time": "2025-07-14T15:09:39.242069Z", "fetched_at": "2025-07-14T15:10:49.868416+00:00", "symbol": "ADA-USD"}, {"trade_id": 143567280, "side": "sell", "size": "846.97342246", "price": "0.73950000", "time": "2025-07-14T15:09:39.242069Z", "fetched_at": "2025-07-14T15:10:49.868416+00:00", "symbol": "ADA-USD"}, {"trade_id": 143567279, "side": "sell", "size": "535.25070033", "price": "0.73950000", "time": "2025-07-14T15:09:39.242069Z", "fetched_at": "2025-07-14T15:10:49.868416+00:00", "symbol": "ADA-USD"}, {"trade_id": 143567278, "side": "sell", "size": "50.00000000", "price": "0.73950000", "time": "2025-07-14T15:09:39.241447Z", "fetched_at": "2025-07-14T15:10:49.868416+00:00", "symbol": "ADA-USD"}, {"trade_id": 143567277, "side": "sell", "size": "50.00000000", "price": "0.73940000", "time": "2025-07-14T15:09:39.228033Z", "fetched_at": "2025-07-14T15:10:49.868416+00:00", "symbol": "ADA-USD"}, {"trade_id": 143567276, "side": "sell", "size": "51.00306000", "price": "0.73940000", "time": "2025-07-14T15:09:39.228033Z", "fetched_at": "2025-07-14T15:10:49.868416+00:00", "symbol": "ADA-USD"}, {"trade_id": 143567275, "side": "sell", "size": "457.19100008", "price": "0.73940000", "time": "2025-07-14T15:09:39.228033Z", "fetched_at": "2025-07-14T15:10:49.868416+00:00", "symbol": "ADA-USD"}, {"trade_id": 143567274, "side": "sell", "size": "68.39945000", "price": "0.73940000", "time": "2025-07-14T15:09:39.222833Z", "fetched_at": "2025-07-14T15:10:49.868416+00:00", "symbol": "ADA-USD"}, {"trade_id": 143567273, "side": "sell", "size": "174.89510000", "price": "0.73940000", "time": "2025-07-14T15:09:39.221307Z", "fetched_at": "2025-07-14T15:10:49.868416+00:00", "symbol": "ADA-USD"}, {"trade_id": 143567272, "side": "buy", "size": "310.50000000", "price": "0.73940000", "time": "2025-07-14T15:09:39.196415Z", "fetched_at": "2025-07-14T15:10:49.868416+00:00", "symbol": "ADA-USD"}, {"trade_id": 143567271, "side": "buy", "size": "1.50000000", "price": "0.73940000", "time": "2025-07-14T15:09:39.196415Z", "fetched_at": "2025-07-14T15:10:49.868416+00:00", "symbol": "ADA-USD"}, {"trade_id": 143567270, "side": "buy", "size": "1.50000000", "price": "0.73950000", "time": "2025-07-14T15:09:39.193032Z", "fetched_at": "2025-07-14T15:10:49.868416+00:00", "symbol": "ADA-USD"}, {"trade_id": 143567269, "side": "buy", "size": "419.05181207", "price": "0.73960000", "time": "2025-07-14T15:09:39.176368Z", "fetched_at": "2025-07-14T15:10:49.868416+00:00", "symbol": "ADA-USD"}, {"trade_id": 143567268, "side": "buy", "size": "120.43113000", "price": "0.73960000", "time": "2025-07-14T15:09:39.175677Z", "fetched_at": "2025-07-14T15:10:49.868416+00:00", "symbol": "ADA-USD"}, {"trade_id": 143567267, "side": "sell", "size": "606.27209134", "price": "0.73980000", "time": "2025-07-14T15:09:38.949280Z", "fetched_at": "2025-07-14T15:10:49.868416+00:00", "symbol": "ADA-USD"}, {"trade_id": 143567266, "side": "sell", "size": "634.99513504", "price": "0.73980000", "time": "2025-07-14T15:09:38.949280Z", "fetched_at": "2025-07-14T15:10:49.868416+00:00", "symbol": "ADA-USD"}, {"trade_id": 143567265, "side": "sell", "size": "3379.12986763", "price": "0.73980000", "time": "2025-07-14T15:09:38.949280Z", "fetched_at": "2025-07-14T15:10:49.868416+00:00", "symbol": "ADA-USD"}, {"trade_id": 143567264, "side": "sell", "size": "779.26982255", "price": "0.73980000", "time": "2025-07-14T15:09:38.949280Z", "fetched_at": "2025-07-14T15:10:49.868416+00:00", "symbol": "ADA-USD"}, {"trade_id": 143567263, "side": "sell", "size": "1209.61555015", "price": "0.73970000", "time": "2025-07-14T15:09:38.949280Z", "fetched_at": "2025-07-14T15:10:49.868416+00:00", "symbol": "ADA-USD"}, {"trade_id": 143567262, "side": "sell", "size": "561.41839429", "price": "0.73970000", "time": "2025-07-14T15:09:38.949280Z", "fetched_at": "2025-07-14T15:10:49.868416+00:00", "symbol": "ADA-USD"}, {"trade_id": 143567261, "side": "sell", "size": "51.00306000", "price": "0.73970000", "time": "2025-07-14T15:09:38.949280Z", "fetched_at": "2025-07-14T15:10:49.868416+00:00", "symbol": "ADA-USD"}, {"trade_id": 143567260, "side": "sell", "size": "1.34176017", "price": "0.73970000", "time": "2025-07-14T15:09:38.157679Z", "fetched_at": "2025-07-14T15:10:49.868416+00:00", "symbol": "ADA-USD"}, {"trade_id": 143567259, "side": "buy", "size": "57.01155826", "price": "0.73960000", "time": "2025-07-14T15:09:37.517019Z", "fetched_at": "2025-07-14T15:10:49.868416+00:00", "symbol": "ADA-USD"}, {"trade_id": 143567258, "side": "buy", "size": "50.00000000", "price": "0.73960000", "time": "2025-07-14T15:09:37.517019Z", "fetched_at": "2025-07-14T15:10:49.868416+00:00", "symbol": "ADA-USD"}, {"trade_id": 143567257, "side": "buy", "size": "692.96488047", "price": "0.73960000", "time": "2025-07-14T15:09:37.517019Z", "fetched_at": "2025-07-14T15:10:49.868416+00:00", "symbol": "ADA-USD"}, {"trade_id": 143567256, "side": "buy", "size": "92.79542549", "price": "0.73960000", "time": "2025-07-14T15:09:37.517019Z", "fetched_at": "2025-07-14T15:10:49.868416+00:00", "symbol": "ADA-USD"}, {"trade_id": 143567255, "side": "buy", "size": "1.34194159", "price": "0.73960000", "time": "2025-07-14T15:09:37.517019Z", "fetched_at": "2025-07-14T15:10:49.868416+00:00", "symbol": "ADA-USD"}, {"trade_id": 143567254, "side": "buy", "size": "1.50000000", "price": "0.73960000", "time": "2025-07-14T15:09:37.517019Z", "fetched_at": "2025-07-14T15:10:49.868416+00:00", "symbol": "ADA-USD"}, {"trade_id": 143567253, "side": "buy", "size": "2.36550419", "price": "0.73960000", "time": "2025-07-14T15:09:37.517019Z", "fetched_at": "2025-07-14T15:10:49.868416+00:00", "symbol": "ADA-USD"}, {"trade_id": 143567252, "side": "buy", "size": "111.89951085", "price": "0.73970000", "time": "2025-07-14T15:09:36.074260Z", "fetched_at": "2025-07-14T15:10:49.868416+00:00", "symbol": "ADA-USD"}, {"trade_id": 143567251, "side": "buy", "size": "1.50000000", "price": "0.73970000", "time": "2025-07-14T15:09:36.074260Z", "fetched_at": "2025-07-14T15:10:49.868416+00:00", "symbol": "ADA-USD"}, {"trade_id": 143567250, "side": "sell", "size": "53.75503600", "price": "0.73980000", "time": "2025-07-14T15:09:35.908656Z", "fetched_at": "2025-07-14T15:10:49.868416+00:00", "symbol": "ADA-USD"}, {"trade_id": 143567249, "side": "sell", "size": "143.25483000", "price": "0.73980000", "time": "2025-07-14T15:09:35.908656Z", "fetched_at": "2025-07-14T15:10:49.868416+00:00", "symbol": "ADA-USD"}, {"trade_id": 143567248, "side": "sell", "size": "2.09906352", "price": "0.73980000", "time": "2025-07-14T15:09:35.654713Z", "fetched_at": "2025-07-14T15:10:49.868416+00:00", "symbol": "ADA-USD"}, {"trade_id": 143567247, "side": "sell", "size": "7.79466772", "price": "0.73980000", "time": "2025-07-14T15:09:35.654713Z", "fetched_at": "2025-07-14T15:10:49.868416+00:00", "symbol": "ADA-USD"}, {"trade_id": 143567246, "side": "buy", "size": "1.50000000", "price": "0.73980000", "time": "2025-07-14T15:09:35.587822Z", "fetched_at": "2025-07-14T15:10:49.868416+00:00", "symbol": "ADA-USD"}, {"trade_id": 143567245, "side": "buy", "size": "154.10400224", "price": "0.74000000", "time": "2025-07-14T15:09:34.839703Z", "fetched_at": "2025-07-14T15:10:49.868416+00:00", "symbol": "ADA-USD"}, {"trade_id": 143567244, "side": "buy", "size": "1.35098600", "price": "0.74000000", "time": "2025-07-14T15:09:34.751450Z", "fetched_at": "2025-07-14T15:10:49.868416+00:00", "symbol": "ADA-USD"}, {"trade_id": 143567243, "side": "buy", "size": "1251.99385595", "price": "0.73990000", "time": "2025-07-14T15:09:31.068506Z", "fetched_at": "2025-07-14T15:10:49.868416+00:00", "symbol": "ADA-USD"}, {"trade_id": 143567242, "side": "buy", "size": "641.44522493", "price": "0.73990000", "time": "2025-07-14T15:09:31.068506Z", "fetched_at": "2025-07-14T15:10:49.868416+00:00", "symbol": "ADA-USD"}, {"trade_id": 143567241, "side": "buy", "size": "1.50000000", "price": "0.73990000", "time": "2025-07-14T15:09:31.068506Z", "fetched_at": "2025-07-14T15:10:49.868416+00:00", "symbol": "ADA-USD"}, {"trade_id": 143567240, "side": "buy", "size": "1203.00449666", "price": "0.73990000", "time": "2025-07-14T15:09:31.068506Z", "fetched_at": "2025-07-14T15:10:49.868416+00:00", "symbol": "ADA-USD"}, {"trade_id": 143567239, "side": "buy", "size": "779.26982255", "price": "0.73990000", "time": "2025-07-14T15:09:31.068506Z", "fetched_at": "2025-07-14T15:10:49.868416+00:00", "symbol": "ADA-USD"}, {"trade_id": 143567238, "side": "buy", "size": "614.83163159", "price": "0.74000000", "time": "2025-07-14T15:09:31.068506Z", "fetched_at": "2025-07-14T15:10:49.868416+00:00", "symbol": "ADA-USD"}, {"trade_id": 143567237, "side": "sell", "size": "497.50000000", "price": "0.74020000", "time": "2025-07-14T15:09:29.333242Z", "fetched_at": "2025-07-14T15:10:49.868416+00:00", "symbol": "ADA-USD"}, {"trade_id": 143567236, "side": "sell", "size": "1.50000000", "price": "0.74020000", "time": "2025-07-14T15:09:29.333242Z", "fetched_at": "2025-07-14T15:10:49.868416+00:00", "symbol": "ADA-USD"}, {"trade_id": 143567235, "side": "buy", "size": "107.06623000", "price": "0.74010000", "time": "2025-07-14T15:09:26.447927Z", "fetched_at": "2025-07-14T15:10:49.868416+00:00", "symbol": "ADA-USD"}, {"trade_id": 143567234, "side": "sell", "size": "32.03275900", "price": "0.74010000", "time": "2025-07-14T15:09:25.442604Z", "fetched_at": "2025-07-14T15:10:49.868416+00:00", "symbol": "ADA-USD"}, {"trade_id": 143567233, "side": "buy", "size": "392.22578850", "price": "0.74010000", "time": "2025-07-14T15:09:25.099285Z", "fetched_at": "2025-07-14T15:10:49.868416+00:00", "symbol": "ADA-USD"}, {"trade_id": 143567232, "side": "sell", "size": "6.21214443", "price": "0.73990000", "time": "2025-07-14T15:09:22.550063Z", "fetched_at": "2025-07-14T15:10:49.868416+00:00", "symbol": "ADA-USD"}, {"trade_id": 143567231, "side": "buy", "size": "500.00000000", "price": "0.73990000", "time": "2025-07-14T15:09:22.439425Z", "fetched_at": "2025-07-14T15:10:49.868416+00:00", "symbol": "ADA-USD"}, {"trade_id": 143567230, "side": "buy", "size": "1.50000000", "price": "0.73990000", "time": "2025-07-14T15:09:22.439425Z", "fetched_at": "2025-07-14T15:10:49.868416+00:00", "symbol": "ADA-USD"}, {"trade_id": 143567229, "side": "buy", "size": "607.55530944", "price": "0.74000000", "time": "2025-07-14T15:09:22.378712Z", "fetched_at": "2025-07-14T15:10:49.868416+00:00", "symbol": "ADA-USD"}, {"trade_id": 143567228, "side": "sell", "size": "1323.56792172", "price": "0.74020000", "time": "2025-07-14T15:09:22.217452Z", "fetched_at": "2025-07-14T15:10:49.868416+00:00", "symbol": "ADA-USD"}, {"trade_id": 143567227, "side": "sell", "size": "779.26982255", "price": "0.74020000", "time": "2025-07-14T15:09:22.217452Z", "fetched_at": "2025-07-14T15:10:49.868416+00:00", "symbol": "ADA-USD"}, {"trade_id": 143567226, "side": "sell", "size": "727.24384413", "price": "0.74020000", "time": "2025-07-14T15:09:22.217452Z", "fetched_at": "2025-07-14T15:10:49.868416+00:00", "symbol": "ADA-USD"}, {"trade_id": 143567225, "side": "sell", "size": "50.00000000", "price": "0.74010000", "time": "2025-07-14T15:09:22.217452Z", "fetched_at": "2025-07-14T15:10:49.868416+00:00", "symbol": "ADA-USD"}, {"trade_id": 143567224, "side": "sell", "size": "343.38108845", "price": "0.74010000", "time": "2025-07-14T15:09:22.217452Z", "fetched_at": "2025-07-14T15:10:49.868416+00:00", "symbol": "ADA-USD"}, {"trade_id": 143567223, "side": "sell", "size": "51.00306000", "price": "0.74010000", "time": "2025-07-14T15:09:22.217452Z", "fetched_at": "2025-07-14T15:10:49.868416+00:00", "symbol": "ADA-USD"}, {"trade_id": 143567222, "side": "sell", "size": "665.39438815", "price": "0.74010000", "time": "2025-07-14T15:09:22.217452Z", "fetched_at": "2025-07-14T15:10:49.868416+00:00", "symbol": "ADA-USD"}, {"trade_id": 143567221, "side": "buy", "size": "601.48219000", "price": "0.74000000", "time": "2025-07-14T15:09:21.888902Z", "fetched_at": "2025-07-14T15:10:49.868416+00:00", "symbol": "ADA-USD"}, {"trade_id": 143567220, "side": "sell", "size": "614.98553299", "price": "0.74010000", "time": "2025-07-14T15:09:18.547553Z", "fetched_at": "2025-07-14T15:10:49.868416+00:00", "symbol": "ADA-USD"}, {"trade_id": 143567219, "side": "sell", "size": "0.00004970", "price": "0.73990000", "time": "2025-07-14T15:09:17.895620Z", "fetched_at": "2025-07-14T15:10:49.868416+00:00", "symbol": "ADA-USD"}, {"trade_id": 143567218, "side": "sell", "size": "756.60490000", "price": "0.73990000", "time": "2025-07-14T15:09:17.806955Z", "fetched_at": "2025-07-14T15:10:49.868416+00:00", "symbol": "ADA-USD"}, {"trade_id": 143567217, "side": "sell", "size": "411.61260000", "price": "0.73990000", "time": "2025-07-14T15:09:17.802475Z", "fetched_at": "2025-07-14T15:10:49.868416+00:00", "symbol": "ADA-USD"}, {"trade_id": 143567216, "side": "sell", "size": "2.68293012", "price": "0.73990000", "time": "2025-07-14T15:09:17.642645Z", "fetched_at": "2025-07-14T15:10:49.868416+00:00", "symbol": "ADA-USD"}, {"trade_id": 143567215, "side": "buy", "size": "310.50000000", "price": "0.73990000", "time": "2025-07-14T15:09:17.514520Z", "fetched_at": "2025-07-14T15:10:49.868416+00:00", "symbol": "ADA-USD"}, {"trade_id": 143567214, "side": "sell", "size": "5.83347317", "price": "0.74000000", "time": "2025-07-14T15:09:17.318503Z", "fetched_at": "2025-07-14T15:10:49.868416+00:00", "symbol": "ADA-USD"}, {"trade_id": 143567213, "side": "sell", "size": "6.93977701", "price": "0.74000000", "time": "2025-07-14T15:09:17.148158Z", "fetched_at": "2025-07-14T15:10:49.868416+00:00", "symbol": "ADA-USD"}, {"trade_id": 143567212, "side": "buy", "size": "675.61216357", "price": "0.74000000", "time": "2025-07-14T15:09:17.139294Z", "fetched_at": "2025-07-14T15:10:49.868416+00:00", "symbol": "ADA-USD"}, {"trade_id": 143567211, "side": "buy", "size": "646.94428363", "price": "0.74000000", "time": "2025-07-14T15:09:17.139294Z", "fetched_at": "2025-07-14T15:10:49.868416+00:00", "symbol": "ADA-USD"}, {"trade_id": 143567210, "side": "buy", "size": "779.26982255", "price": "0.74000000", "time": "2025-07-14T15:09:17.139294Z", "fetched_at": "2025-07-14T15:10:49.868416+00:00", "symbol": "ADA-USD"}, {"trade_id": 143567209, "side": "buy", "size": "310.50000000", "price": "0.74000000", "time": "2025-07-14T15:09:17.139294Z", "fetched_at": "2025-07-14T15:10:49.868416+00:00", "symbol": "ADA-USD"}, {"trade_id": 143567208, "side": "buy", "size": "500.00000000", "price": "0.74010000", "time": "2025-07-14T15:09:17.135371Z", "fetched_at": "2025-07-14T15:10:49.868416+00:00", "symbol": "ADA-USD"}, {"trade_id": 143567207, "side": "buy", "size": "1.50000000", "price": "0.74010000", "time": "2025-07-14T15:09:17.135371Z", "fetched_at": "2025-07-14T15:10:49.868416+00:00", "symbol": "ADA-USD"}, {"trade_id": 143567206, "side": "buy", "size": "1208.71082083", "price": "0.74020000", "time": "2025-07-14T15:09:17.123380Z", "fetched_at": "2025-07-14T15:10:49.868416+00:00", "symbol": "ADA-USD"}, {"trade_id": 143567205, "side": "buy", "size": "1208.54754773", "price": "0.74030000", "time": "2025-07-14T15:09:16.494301Z", "fetched_at": "2025-07-14T15:10:49.868416+00:00", "symbol": "ADA-USD"}, {"trade_id": 143567204, "side": "sell", "size": "103.48232030", "price": "0.74030000", "time": "2025-07-14T15:09:15.064521Z", "fetched_at": "2025-07-14T15:10:49.868416+00:00", "symbol": "ADA-USD"}, {"trade_id": 143567203, "side": "sell", "size": "165.19105000", "price": "0.74030000", "time": "2025-07-14T15:09:15.054598Z", "fetched_at": "2025-07-14T15:10:49.868416+00:00", "symbol": "ADA-USD"}, {"trade_id": 143567202, "side": "sell", "size": "51.00306000", "price": "0.74030000", "time": "2025-07-14T15:09:15.054398Z", "fetched_at": "2025-07-14T15:10:49.868416+00:00", "symbol": "ADA-USD"}, {"trade_id": 143567201, "side": "sell", "size": "1.50000000", "price": "0.74030000", "time": "2025-07-14T15:09:15.051361Z", "fetched_at": "2025-07-14T15:10:49.868416+00:00", "symbol": "ADA-USD"}, {"trade_id": 143567200, "side": "sell", "size": "24.99750835", "price": "0.74020000", "time": "2025-07-14T15:09:14.701476Z", "fetched_at": "2025-07-14T15:10:49.868416+00:00", "symbol": "ADA-USD"}, {"trade_id": 143567199, "side": "sell", "size": "714.37976813", "price": "0.74020000", "time": "2025-07-14T15:09:14.694848Z", "fetched_at": "2025-07-14T15:10:49.868416+00:00", "symbol": "ADA-USD"}, {"trade_id": 143567198, "side": "sell", "size": "1.50000000", "price": "0.74020000", "time": "2025-07-14T15:09:14.694848Z", "fetched_at": "2025-07-14T15:10:49.868416+00:00", "symbol": "ADA-USD"}, {"trade_id": 143567197, "side": "sell", "size": "9314.06085000", "price": "0.74020000", "time": "2025-07-14T15:09:14.676275Z", "fetched_at": "2025-07-14T15:10:49.868416+00:00", "symbol": "ADA-USD"}, {"trade_id": 143567196, "side": "sell", "size": "0.00008792", "price": "0.74000000", "time": "2025-07-14T15:09:14.542162Z", "fetched_at": "2025-07-14T15:10:49.868416+00:00", "symbol": "ADA-USD"}, {"trade_id": 143567195, "side": "sell", "size": "519.88740000", "price": "0.74000000", "time": "2025-07-14T15:09:14.539514Z", "fetched_at": "2025-07-14T15:10:49.868416+00:00", "symbol": "ADA-USD"}, {"trade_id": 143567194, "side": "sell", "size": "907.40974236", "price": "0.74000000", "time": "2025-07-14T15:09:14.534906Z", "fetched_at": "2025-07-14T15:10:49.868416+00:00", "symbol": "ADA-USD"}, {"trade_id": 143567193, "side": "buy", "size": "1209.03749944", "price": "0.74000000", "time": "2025-07-14T15:09:13.732240Z", "fetched_at": "2025-07-14T15:10:49.868416+00:00", "symbol": "ADA-USD"}, {"trade_id": 143567192, "side": "sell", "size": "87.29006865", "price": "0.74020000", "time": "2025-07-14T15:09:12.483496Z", "fetched_at": "2025-07-14T15:10:49.868416+00:00", "symbol": "ADA-USD"}, {"trade_id": 143567191, "side": "sell", "size": "1.50000000", "price": "0.74020000", "time": "2025-07-14T15:09:12.483496Z", "fetched_at": "2025-07-14T15:10:49.868416+00:00", "symbol": "ADA-USD"}, {"trade_id": 143567190, "side": "sell", "size": "12.33738135", "price": "0.74010000", "time": "2025-07-14T15:09:12.483496Z", "fetched_at": "2025-07-14T15:10:49.868416+00:00", "symbol": "ADA-USD"}, {"trade_id": 143567189, "side": "sell", "size": "85.99931304", "price": "0.74010000", "time": "2025-07-14T15:09:11.539638Z", "fetched_at": "2025-07-14T15:10:49.868416+00:00", "symbol": "ADA-USD"}, {"trade_id": 143567188, "side": "sell", "size": "2012.22565785", "price": "0.74010000", "time": "2025-07-14T15:09:11.539638Z", "fetched_at": "2025-07-14T15:10:49.868416+00:00", "symbol": "ADA-USD"}, {"trade_id": 143567187, "side": "sell", "size": "1366.31708207", "price": "0.74010000", "time": "2025-07-14T15:09:11.538872Z", "fetched_at": "2025-07-14T15:10:49.868416+00:00", "symbol": "ADA-USD"}, {"trade_id": 143567186, "side": "sell", "size": "1.50000000", "price": "0.74010000", "time": "2025-07-14T15:09:11.538872Z", "fetched_at": "2025-07-14T15:10:49.868416+00:00", "symbol": "ADA-USD"}, {"trade_id": 143567185, "side": "sell", "size": "35.43737504", "price": "0.74000000", "time": "2025-07-14T15:09:07.626367Z", "fetched_at": "2025-07-14T15:10:49.868416+00:00", "symbol": "ADA-USD"}, {"trade_id": 143567184, "side": "sell", "size": "51.00306000", "price": "0.74000000", "time": "2025-07-14T15:09:07.619592Z", "fetched_at": "2025-07-14T15:10:49.868416+00:00", "symbol": "ADA-USD"}, {"trade_id": 143567183, "side": "sell", "size": "67.51956000", "price": "0.74000000", "time": "2025-07-14T15:09:07.618073Z", "fetched_at": "2025-07-14T15:10:49.868416+00:00", "symbol": "ADA-USD"}, {"trade_id": 143567182, "side": "sell", "size": "1.50000000", "price": "0.74000000", "time": "2025-07-14T15:09:07.618073Z", "fetched_at": "2025-07-14T15:10:49.868416+00:00", "symbol": "ADA-USD"}, {"trade_id": 143567181, "side": "buy", "size": "16.64061800", "price": "0.73990000", "time": "2025-07-14T15:09:07.535816Z", "fetched_at": "2025-07-14T15:10:49.868416+00:00", "symbol": "ADA-USD"}, {"trade_id": 143567180, "side": "buy", "size": "50.00000000", "price": "0.73990000", "time": "2025-07-14T15:09:07.535816Z", "fetched_at": "2025-07-14T15:10:49.868416+00:00", "symbol": "ADA-USD"}, {"trade_id": 143567179, "side": "sell", "size": "94.81036442", "price": "0.73990000", "time": "2025-07-14T15:09:07.498777Z", "fetched_at": "2025-07-14T15:10:49.868416+00:00", "symbol": "ADA-USD"}, {"trade_id": 143567178, "side": "sell", "size": "156.70990000", "price": "0.73990000", "time": "2025-07-14T15:09:07.492145Z", "fetched_at": "2025-07-14T15:10:49.868416+00:00", "symbol": "ADA-USD"}, {"trade_id": 143567177, "side": "sell", "size": "13.04391900", "price": "0.73990000", "time": "2025-07-14T15:09:07.211101Z", "fetched_at": "2025-07-14T15:10:49.868416+00:00", "symbol": "ADA-USD"}, {"trade_id": 143567176, "side": "sell", "size": "637.03270134", "price": "0.73980000", "time": "2025-07-14T15:09:07.031181Z", "fetched_at": "2025-07-14T15:10:49.868416+00:00", "symbol": "ADA-USD"}, {"trade_id": 143567175, "side": "sell", "size": "68.39945000", "price": "0.73980000", "time": "2025-07-14T15:09:06.970618Z", "fetched_at": "2025-07-14T15:10:49.868416+00:00", "symbol": "ADA-USD"}, {"trade_id": 143567174, "side": "sell", "size": "8.50691626", "price": "0.73990000", "time": "2025-07-14T15:09:06.677565Z", "fetched_at": "2025-07-14T15:10:49.868416+00:00", "symbol": "ADA-USD"}, {"trade_id": 143567173, "side": "sell", "size": "33.21584122", "price": "0.73990000", "time": "2025-07-14T15:09:06.677565Z", "fetched_at": "2025-07-14T15:10:49.868416+00:00", "symbol": "ADA-USD"}, {"trade_id": 143567172, "side": "sell", "size": "23.67817552", "price": "0.73980000", "time": "2025-07-14T15:09:06.677565Z", "fetched_at": "2025-07-14T15:10:49.868416+00:00", "symbol": "ADA-USD"}, {"trade_id": 143567171, "side": "sell", "size": "1.50000000", "price": "0.73980000", "time": "2025-07-14T15:09:06.677565Z", "fetched_at": "2025-07-14T15:10:49.868416+00:00", "symbol": "ADA-USD"}, {"trade_id": 143567170, "side": "sell", "size": "1165.07503106", "price": "0.73970000", "time": "2025-07-14T15:09:06.086010Z", "fetched_at": "2025-07-14T15:10:49.868416+00:00", "symbol": "ADA-USD"}, {"trade_id": 143567169, "side": "sell", "size": "1209.44079332", "price": "0.73960000", "time": "2025-07-14T15:09:05.860351Z", "fetched_at": "2025-07-14T15:10:49.868416+00:00", "symbol": "ADA-USD"}, {"trade_id": 143567168, "side": "sell", "size": "20.79781479", "price": "0.73960000", "time": "2025-07-14T15:09:05.860351Z", "fetched_at": "2025-07-14T15:10:49.868416+00:00", "symbol": "ADA-USD"}, {"trade_id": 143567167, "side": "sell", "size": "26.26530600", "price": "0.73970000", "time": "2025-07-14T15:09:05.674526Z", "fetched_at": "2025-07-14T15:10:49.868416+00:00", "symbol": "ADA-USD"}, {"trade_id": 143567166, "side": "sell", "size": "27.73041972", "price": "0.73960000", "time": "2025-07-14T15:09:05.375732Z", "fetched_at": "2025-07-14T15:10:49.868416+00:00", "symbol": "ADA-USD"}, {"trade_id": 143567165, "side": "sell", "size": "120.21368625", "price": "0.73970000", "time": "2025-07-14T15:09:04.559475Z", "fetched_at": "2025-07-14T15:10:49.868416+00:00", "symbol": "ADA-USD"}, {"trade_id": 143567164, "side": "sell", "size": "36.97389297", "price": "0.73970000", "time": "2025-07-14T15:09:04.559475Z", "fetched_at": "2025-07-14T15:10:49.868416+00:00", "symbol": "ADA-USD"}, {"trade_id": 143567163, "side": "sell", "size": "303.71315278", "price": "0.73970000", "time": "2025-07-14T15:09:04.559475Z", "fetched_at": "2025-07-14T15:10:49.868416+00:00", "symbol": "ADA-USD"}, {"trade_id": 143567162, "side": "sell", "size": "143.25483000", "price": "0.73960000", "time": "2025-07-14T15:09:04.559475Z", "fetched_at": "2025-07-14T15:10:49.868416+00:00", "symbol": "ADA-USD"}, {"trade_id": 143567161, "side": "sell", "size": "6.78684722", "price": "0.73970000", "time": "2025-07-14T15:09:04.358695Z", "fetched_at": "2025-07-14T15:10:49.868416+00:00", "symbol": "ADA-USD"}, {"trade_id": 143567160, "side": "buy", "size": "1728.53795000", "price": "0.73960000", "time": "2025-07-14T15:09:04.210691Z", "fetched_at": "2025-07-14T15:10:49.868416+00:00", "symbol": "ADA-USD"}, {"trade_id": 143567159, "side": "buy", "size": "1086.11165115", "price": "0.73960000", "time": "2025-07-14T15:09:04.210691Z", "fetched_at": "2025-07-14T15:10:49.868416+00:00", "symbol": "ADA-USD"}, {"trade_id": 143567158, "side": "buy", "size": "779.26982255", "price": "0.73960000", "time": "2025-07-14T15:09:04.210691Z", "fetched_at": "2025-07-14T15:10:49.868416+00:00", "symbol": "ADA-USD"}, {"trade_id": 143567157, "side": "buy", "size": "1.50000000", "price": "0.73960000", "time": "2025-07-14T15:09:04.210691Z", "fetched_at": "2025-07-14T15:10:49.868416+00:00", "symbol": "ADA-USD"}, {"trade_id": 143567156, "side": "buy", "size": "280.94074168", "price": "0.73970000", "time": "2025-07-14T15:09:04.210691Z", "fetched_at": "2025-07-14T15:10:49.868416+00:00", "symbol": "ADA-USD"}, {"trade_id": 143567155, "side": "buy", "size": "1.50000000", "price": "0.73970000", "time": "2025-07-14T15:09:04.210691Z", "fetched_at": "2025-07-14T15:10:49.868416+00:00", "symbol": "ADA-USD"}, {"trade_id": 143567154, "side": "sell", "size": "2.34058400", "price": "0.73980000", "time": "2025-07-14T15:09:01.297495Z", "fetched_at": "2025-07-14T15:10:49.868416+00:00", "symbol": "ADA-USD"}, {"trade_id": 143567153, "side": "buy", "size": "1691.79305931", "price": "0.73970000", "time": "2025-07-14T15:08:59.217145Z", "fetched_at": "2025-07-14T15:10:49.868416+00:00", "symbol": "ADA-USD"}, {"trade_id": 143567152, "side": "buy", "size": "779.26982255", "price": "0.73970000", "time": "2025-07-14T15:08:59.217145Z", "fetched_at": "2025-07-14T15:10:49.868416+00:00", "symbol": "ADA-USD"}, {"trade_id": 143567151, "side": "buy", "size": "5071.10000000", "price": "0.73970000", "time": "2025-07-14T15:08:59.217145Z", "fetched_at": "2025-07-14T15:10:49.868416+00:00", "symbol": "ADA-USD"}, {"trade_id": 143567150, "side": "buy", "size": "0.51720900", "price": "0.73970000", "time": "2025-07-14T15:08:59.217145Z", "fetched_at": "2025-07-14T15:10:49.868416+00:00", "symbol": "ADA-USD"}, {"trade_id": 143567149, "side": "buy", "size": "0.00000702", "price": "0.73990000", "time": "2025-07-14T15:08:59.217145Z", "fetched_at": "2025-07-14T15:10:49.868416+00:00", "symbol": "ADA-USD"}, {"trade_id": 143567148, "side": "buy", "size": "976.48738000", "price": "0.73990000", "time": "2025-07-14T15:08:58.513291Z", "fetched_at": "2025-07-14T15:10:49.868416+00:00", "symbol": "ADA-USD"}, {"trade_id": 143567147, "side": "buy", "size": "131.25000000", "price": "0.73990000", "time": "2025-07-14T15:08:58.513291Z", "fetched_at": "2025-07-14T15:10:49.868416+00:00", "symbol": "ADA-USD"}, {"trade_id": 143567146, "side": "buy", "size": "50.00000000", "price": "0.73990000", "time": "2025-07-14T15:08:58.513291Z", "fetched_at": "2025-07-14T15:10:49.868416+00:00", "symbol": "ADA-USD"}, {"trade_id": 143567145, "side": "buy", "size": "146.59000000", "price": "0.73990000", "time": "2025-07-14T15:08:58.513291Z", "fetched_at": "2025-07-14T15:10:49.868416+00:00", "symbol": "ADA-USD"}, {"trade_id": 143567144, "side": "buy", "size": "13.51534000", "price": "0.73980000", "time": "2025-07-14T15:08:56.837757Z", "fetched_at": "2025-07-14T15:10:49.868416+00:00", "symbol": "ADA-USD"}, {"trade_id": 143567143, "side": "buy", "size": "283.98131300", "price": "0.73980000", "time": "2025-07-14T15:08:55.747044Z", "fetched_at": "2025-07-14T15:10:49.868416+00:00", "symbol": "ADA-USD"}, {"trade_id": 143567142, "side": "sell", "size": "884.38023090", "price": "0.73990000", "time": "2025-07-14T15:08:52.999395Z", "fetched_at": "2025-07-14T15:10:49.868416+00:00", "symbol": "ADA-USD"}, {"trade_id": 143567141, "side": "sell", "size": "360.52351538", "price": "0.73990000", "time": "2025-07-14T15:08:52.143115Z", "fetched_at": "2025-07-14T15:10:49.868416+00:00", "symbol": "ADA-USD"}, {"trade_id": 143567140, "side": "sell", "size": "635.26404862", "price": "0.73990000", "time": "2025-07-14T15:08:52.143115Z", "fetched_at": "2025-07-14T15:10:49.868416+00:00", "symbol": "ADA-USD"}, {"trade_id": 143567139, "side": "sell", "size": "14.91988781", "price": "0.73980000", "time": "2025-07-14T15:08:52.013277Z", "fetched_at": "2025-07-14T15:10:49.868416+00:00", "symbol": "ADA-USD"}, {"trade_id": 143567138, "side": "buy", "size": "1211.74000000", "price": "0.73980000", "time": "2025-07-14T15:08:51.870874Z", "fetched_at": "2025-07-14T15:10:49.868416+00:00", "symbol": "ADA-USD"}, {"trade_id": 143567137, "side": "buy", "size": "1209.36435467", "price": "0.73980000", "time": "2025-07-14T15:08:51.870874Z", "fetched_at": "2025-07-14T15:10:49.868416+00:00", "symbol": "ADA-USD"}, {"trade_id": 143567136, "side": "buy", "size": "2.36550419", "price": "0.73980000", "time": "2025-07-14T15:08:51.870874Z", "fetched_at": "2025-07-14T15:10:49.868416+00:00", "symbol": "ADA-USD"}, {"trade_id": 143567135, "side": "sell", "size": "3.98264388", "price": "0.73990000", "time": "2025-07-14T15:08:49.414367Z", "fetched_at": "2025-07-14T15:10:49.868416+00:00", "symbol": "ADA-USD"}, {"trade_id": 143567134, "side": "buy", "size": "0.00000767", "price": "0.74010000", "time": "2025-07-14T15:08:48.938435Z", "fetched_at": "2025-07-14T15:10:49.868416+00:00", "symbol": "ADA-USD"}, {"trade_id": 143567133, "side": "buy", "size": "242.59999233", "price": "0.74010000", "time": "2025-07-14T15:08:48.934664Z", "fetched_at": "2025-07-14T15:10:49.868416+00:00", "symbol": "ADA-USD"}, {"trade_id": 143567132, "side": "buy", "size": "242.59270767", "price": "0.74010000", "time": "2025-07-14T15:08:48.934664Z", "fetched_at": "2025-07-14T15:10:49.868416+00:00", "symbol": "ADA-USD"}, {"trade_id": 143567131, "side": "sell", "size": "1.50000000", "price": "0.74020000", "time": "2025-07-14T15:08:47.592461Z", "fetched_at": "2025-07-14T15:10:49.868416+00:00", "symbol": "ADA-USD"}, {"trade_id": 143567130, "side": "sell", "size": "82.91535000", "price": "0.74020000", "time": "2025-07-14T15:08:47.592461Z", "fetched_at": "2025-07-14T15:10:49.868416+00:00", "symbol": "ADA-USD"}, {"trade_id": 143567129, "side": "sell", "size": "484.89583767", "price": "0.74000000", "time": "2025-07-14T15:08:47.385621Z", "fetched_at": "2025-07-14T15:10:49.868416+00:00", "symbol": "ADA-USD"}, {"trade_id": 143567128, "side": "sell", "size": "5079.80000000", "price": "0.74000000", "time": "2025-07-14T15:08:47.385621Z", "fetched_at": "2025-07-14T15:10:49.868416+00:00", "symbol": "ADA-USD"}, {"trade_id": 143567127, "side": "buy", "size": "5.05405400", "price": "0.73990000", "time": "2025-07-14T15:08:47.109210Z", "fetched_at": "2025-07-14T15:10:49.868416+00:00", "symbol": "ADA-USD"}, {"trade_id": 143567126, "side": "sell", "size": "1056.90706391", "price": "0.73980000", "time": "2025-07-14T15:08:46.849665Z", "fetched_at": "2025-07-14T15:10:49.868416+00:00", "symbol": "ADA-USD"}, {"trade_id": 143567125, "side": "sell", "size": "8.76816021", "price": "0.73980000", "time": "2025-07-14T15:08:45.694634Z", "fetched_at": "2025-07-14T15:10:49.868416+00:00", "symbol": "ADA-USD"}, {"trade_id": 143567124, "side": "buy", "size": "1.50000000", "price": "0.73980000", "time": "2025-07-14T15:08:45.501691Z", "fetched_at": "2025-07-14T15:10:49.868416+00:00", "symbol": "ADA-USD"}, {"trade_id": 143567123, "side": "buy", "size": "2.36550419", "price": "0.73980000", "time": "2025-07-14T15:08:45.501691Z", "fetched_at": "2025-07-14T15:10:49.868416+00:00", "symbol": "ADA-USD"}, {"trade_id": 143567122, "side": "buy", "size": "1.50000000", "price": "0.73990000", "time": "2025-07-14T15:08:45.473657Z", "fetched_at": "2025-07-14T15:10:49.868416+00:00", "symbol": "ADA-USD"}, {"trade_id": 143567121, "side": "buy", "size": "559.23000000", "price": "0.74000000", "time": "2025-07-14T15:08:45.378755Z", "fetched_at": "2025-07-14T15:10:49.868416+00:00", "symbol": "ADA-USD"}, {"trade_id": 143567120, "side": "buy", "size": "1124.56000000", "price": "0.74000000", "time": "2025-07-14T15:08:45.378755Z", "fetched_at": "2025-07-14T15:10:49.868416+00:00", "symbol": "ADA-USD"}, {"trade_id": 143567119, "side": "buy", "size": "919.41730209", "price": "0.74000000", "time": "2025-07-14T15:08:45.378755Z", "fetched_at": "2025-07-14T15:10:49.868416+00:00", "symbol": "ADA-USD"}, {"trade_id": 143567118, "side": "buy", "size": "633.83000000", "price": "0.74010000", "time": "2025-07-14T15:08:44.247161Z", "fetched_at": "2025-07-14T15:10:49.868416+00:00", "symbol": "ADA-USD"}, {"trade_id": 143567117, "side": "buy", "size": "146.59000000", "price": "0.74010000", "time": "2025-07-14T15:08:44.247161Z", "fetched_at": "2025-07-14T15:10:49.868416+00:00", "symbol": "ADA-USD"}, {"trade_id": 143567116, "side": "sell", "size": "2978.69106270", "price": "0.73990000", "time": "2025-07-14T15:08:42.220349Z", "fetched_at": "2025-07-14T15:10:49.868416+00:00", "symbol": "ADA-USD"}, {"trade_id": 143567115, "side": "sell", "size": "4212.64400355", "price": "0.73990000", "time": "2025-07-14T15:08:42.219272Z", "fetched_at": "2025-07-14T15:10:49.868416+00:00", "symbol": "ADA-USD"}, {"trade_id": 143567114, "side": "sell", "size": "2349.58735973", "price": "0.73990000", "time": "2025-07-14T15:08:42.217883Z", "fetched_at": "2025-07-14T15:10:49.868416+00:00", "symbol": "ADA-USD"}, {"trade_id": 143567113, "side": "sell", "size": "1097.19443402", "price": "0.73990000", "time": "2025-07-14T15:08:42.215315Z", "fetched_at": "2025-07-14T15:10:49.868416+00:00", "symbol": "ADA-USD"}, {"trade_id": 143567112, "side": "sell", "size": "1191.45466218", "price": "0.73990000", "time": "2025-07-14T15:08:42.215315Z", "fetched_at": "2025-07-14T15:10:49.868416+00:00", "symbol": "ADA-USD"}, {"trade_id": 143567111, "side": "buy", "size": "82.91535000", "price": "0.74000000", "time": "2025-07-14T15:08:40.533354Z", "fetched_at": "2025-07-14T15:10:49.868416+00:00", "symbol": "ADA-USD"}, {"trade_id": 143567110, "side": "buy", "size": "1.50000000", "price": "0.74000000", "time": "2025-07-14T15:08:40.533354Z", "fetched_at": "2025-07-14T15:10:49.868416+00:00", "symbol": "ADA-USD"}, {"trade_id": 143567109, "side": "buy", "size": "620.70737244", "price": "0.74020000", "time": "2025-07-14T15:08:39.187795Z", "fetched_at": "2025-07-14T15:10:49.868416+00:00", "symbol": "ADA-USD"}, {"trade_id": 143567108, "side": "sell", "size": "5.64403083", "price": "0.74020000", "time": "2025-07-14T15:08:38.359976Z", "fetched_at": "2025-07-14T15:10:49.868416+00:00", "symbol": "ADA-USD"}, {"trade_id": 143567107, "side": "sell", "size": "50.00000000", "price": "0.74020000", "time": "2025-07-14T15:08:38.354831Z", "fetched_at": "2025-07-14T15:10:49.868416+00:00", "symbol": "ADA-USD"}, {"trade_id": 143567106, "side": "buy", "size": "1208.22113380", "price": "0.74050000", "time": "2025-07-14T15:08:37.925724Z", "fetched_at": "2025-07-14T15:10:49.868416+00:00", "symbol": "ADA-USD"}, {"trade_id": 143567105, "side": "buy", "size": "343.90000000", "price": "0.74050000", "time": "2025-07-14T15:08:37.925724Z", "fetched_at": "2025-07-14T15:10:49.868416+00:00", "symbol": "ADA-USD"}, {"trade_id": 143567104, "side": "buy", "size": "864.33000000", "price": "0.74050000", "time": "2025-07-14T15:08:37.925724Z", "fetched_at": "2025-07-14T15:10:49.868416+00:00", "symbol": "ADA-USD"}, {"trade_id": 143567103, "side": "sell", "size": "1312.37186634", "price": "0.74050000", "time": "2025-07-14T15:08:35.979763Z", "fetched_at": "2025-07-14T15:10:49.868416+00:00", "symbol": "ADA-USD"}, {"trade_id": 143567102, "side": "sell", "size": "1.50000000", "price": "0.74050000", "time": "2025-07-14T15:08:35.979763Z", "fetched_at": "2025-07-14T15:10:49.868416+00:00", "symbol": "ADA-USD"}, {"trade_id": 143567101, "side": "sell", "size": "539.12837050", "price": "0.74050000", "time": "2025-07-14T15:08:35.979763Z", "fetched_at": "2025-07-14T15:10:49.868416+00:00", "symbol": "ADA-USD"}, {"trade_id": 143567100, "side": "sell", "size": "779.26982255", "price": "0.74050000", "time": "2025-07-14T15:08:35.979763Z", "fetched_at": "2025-07-14T15:10:49.868416+00:00", "symbol": "ADA-USD"}, {"trade_id": 143567099, "side": "sell", "size": "1.50000000", "price": "0.74040000", "time": "2025-07-14T15:08:35.979763Z", "fetched_at": "2025-07-14T15:10:49.868416+00:00", "symbol": "ADA-USD"}, {"trade_id": 143567098, "side": "sell", "size": "1.50000000", "price": "0.74030000", "time": "2025-07-14T15:08:35.846601Z", "fetched_at": "2025-07-14T15:10:49.868416+00:00", "symbol": "ADA-USD"}, {"trade_id": 143567097, "side": "sell", "size": "1.50000000", "price": "0.74020000", "time": "2025-07-14T15:08:35.724134Z", "fetched_at": "2025-07-14T15:10:49.868416+00:00", "symbol": "ADA-USD"}, {"trade_id": 143567096, "side": "buy", "size": "35.04641427", "price": "0.74010000", "time": "2025-07-14T15:08:35.650045Z", "fetched_at": "2025-07-14T15:10:49.868416+00:00", "symbol": "ADA-USD"}, {"trade_id": 143567095, "side": "buy", "size": "146.58995000", "price": "0.74010000", "time": "2025-07-14T15:08:35.650045Z", "fetched_at": "2025-07-14T15:10:49.868416+00:00", "symbol": "ADA-USD"}, {"trade_id": 143567094, "side": "buy", "size": "310.50000000", "price": "0.74010000", "time": "2025-07-14T15:08:35.650045Z", "fetched_at": "2025-07-14T15:10:49.868416+00:00", "symbol": "ADA-USD"}, {"trade_id": 143567093, "side": "buy", "size": "50.00000000", "price": "0.74010000", "time": "2025-07-14T15:08:35.650045Z", "fetched_at": "2025-07-14T15:10:49.868416+00:00", "symbol": "ADA-USD"}, {"trade_id": 143567092, "side": "buy", "size": "65.88182373", "price": "0.74010000", "time": "2025-07-14T15:08:35.650045Z", "fetched_at": "2025-07-14T15:10:49.868416+00:00", "symbol": "ADA-USD"}, {"trade_id": 143567091, "side": "sell", "size": "443.69512619", "price": "0.74010000", "time": "2025-07-14T15:08:35.417821Z", "fetched_at": "2025-07-14T15:10:49.868416+00:00", "symbol": "ADA-USD"}, {"trade_id": 143567090, "side": "sell", "size": "494.20801509", "price": "0.74010000", "time": "2025-07-14T15:08:35.407166Z", "fetched_at": "2025-07-14T15:10:49.868416+00:00", "symbol": "ADA-USD"}, {"trade_id": 143567089, "side": "sell", "size": "667.18082038", "price": "0.74010000", "time": "2025-07-14T15:08:35.405495Z", "fetched_at": "2025-07-14T15:10:49.868416+00:00", "symbol": "ADA-USD"}, {"trade_id": 143567088, "side": "sell", "size": "3125.82632451", "price": "0.74010000", "time": "2025-07-14T15:08:35.404885Z", "fetched_at": "2025-07-14T15:10:49.868416+00:00", "symbol": "ADA-USD"}, {"trade_id": 143567087, "side": "sell", "size": "443.69512619", "price": "0.74000000", "time": "2025-07-14T15:08:35.319619Z", "fetched_at": "2025-07-14T15:10:49.868416+00:00", "symbol": "ADA-USD"}, {"trade_id": 143567086, "side": "sell", "size": "295.85490074", "price": "0.73990000", "time": "2025-07-14T15:08:33.824282Z", "fetched_at": "2025-07-14T15:10:49.868416+00:00", "symbol": "ADA-USD"}, {"trade_id": 143567085, "side": "sell", "size": "45.49090168", "price": "0.73990000", "time": "2025-07-14T15:08:33.824282Z", "fetched_at": "2025-07-14T15:10:49.868416+00:00", "symbol": "ADA-USD"}, {"trade_id": 143567084, "side": "sell", "size": "50.00000000", "price": "0.73990000", "time": "2025-07-14T15:08:33.824282Z", "fetched_at": "2025-07-14T15:10:49.868416+00:00", "symbol": "ADA-USD"}, {"trade_id": 143567083, "side": "buy", "size": "1209.20090496", "price": "0.73990000", "time": "2025-07-14T15:08:33.788802Z", "fetched_at": "2025-07-14T15:10:49.868416+00:00", "symbol": "ADA-USD"}, {"trade_id": 143567082, "side": "buy", "size": "1209.21000000", "price": "0.73990000", "time": "2025-07-14T15:08:33.788802Z", "fetched_at": "2025-07-14T15:10:49.868416+00:00", "symbol": "ADA-USD"}, {"trade_id": 143567081, "side": "buy", "size": "703.47391800", "price": "0.73980000", "time": "2025-07-14T15:08:32.038936Z", "fetched_at": "2025-07-14T15:10:49.868416+00:00", "symbol": "ADA-USD"}, {"trade_id": 143567080, "side": "buy", "size": "1.50000000", "price": "0.73980000", "time": "2025-07-14T15:08:32.038936Z", "fetched_at": "2025-07-14T15:10:49.868416+00:00", "symbol": "ADA-USD"}, {"trade_id": 143567079, "side": "sell", "size": "13.36956769", "price": "0.73990000", "time": "2025-07-14T15:08:31.343901Z", "fetched_at": "2025-07-14T15:10:49.868416+00:00", "symbol": "ADA-USD"}, {"trade_id": 143567078, "side": "sell", "size": "761.50043363", "price": "0.74000000", "time": "2025-07-14T15:08:29.622138Z", "fetched_at": "2025-07-14T15:10:49.868416+00:00", "symbol": "ADA-USD"}, {"trade_id": 143567077, "side": "buy", "size": "0.98279100", "price": "0.73970000", "time": "2025-07-14T15:08:27.853624Z", "fetched_at": "2025-07-14T15:10:49.868416+00:00", "symbol": "ADA-USD"}, {"trade_id": 143567076, "side": "buy", "size": "1209.36435467", "price": "0.73980000", "time": "2025-07-14T15:08:27.150281Z", "fetched_at": "2025-07-14T15:10:49.868416+00:00", "symbol": "ADA-USD"}, {"trade_id": 143567075, "side": "buy", "size": "1.50000000", "price": "0.73980000", "time": "2025-07-14T15:08:27.150281Z", "fetched_at": "2025-07-14T15:10:49.868416+00:00", "symbol": "ADA-USD"}, {"trade_id": 143567074, "side": "buy", "size": "2.36550419", "price": "0.73980000", "time": "2025-07-14T15:08:27.150281Z", "fetched_at": "2025-07-14T15:10:49.868416+00:00", "symbol": "ADA-USD"}, {"trade_id": 143567073, "side": "buy", "size": "0.00000605", "price": "0.73990000", "time": "2025-07-14T15:08:27.150281Z", "fetched_at": "2025-07-14T15:10:49.868416+00:00", "symbol": "ADA-USD"}, {"trade_id": 143567072, "side": "buy", "size": "114.45398000", "price": "0.73990000", "time": "2025-07-14T15:08:27.131977Z", "fetched_at": "2025-07-14T15:10:49.868416+00:00", "symbol": "ADA-USD"}, {"trade_id": 143567071, "side": "buy", "size": "565.43110811", "price": "0.73990000", "time": "2025-07-14T15:08:27.052013Z", "fetched_at": "2025-07-14T15:10:49.868416+00:00", "symbol": "ADA-USD"}, {"trade_id": 143567070, "side": "buy", "size": "1308.59490584", "price": "0.73990000", "time": "2025-07-14T15:08:27.028193Z", "fetched_at": "2025-07-14T15:10:49.868416+00:00", "symbol": "ADA-USD"}, {"trade_id": 143567069, "side": "sell", "size": "134.26283116", "price": "0.74000000", "time": "2025-07-14T15:08:25.592988Z", "fetched_at": "2025-07-14T15:10:49.868416+00:00", "symbol": "ADA-USD"}, {"trade_id": 143567068, "side": "sell", "size": "460.18707587", "price": "0.74010000", "time": "2025-07-14T15:08:24.231810Z", "fetched_at": "2025-07-14T15:10:49.868416+00:00", "symbol": "ADA-USD"}, {"trade_id": 143567067, "side": "sell", "size": "439.51328290", "price": "0.74010000", "time": "2025-07-14T15:08:24.231810Z", "fetched_at": "2025-07-14T15:10:49.868416+00:00", "symbol": "ADA-USD"}, {"trade_id": 143567066, "side": "sell", "size": "649.78053560", "price": "0.74010000", "time": "2025-07-14T15:08:24.231810Z", "fetched_at": "2025-07-14T15:10:49.868416+00:00", "symbol": "ADA-USD"}, {"trade_id": 143567065, "side": "sell", "size": "705.03511091", "price": "0.74010000", "time": "2025-07-14T15:08:24.231810Z", "fetched_at": "2025-07-14T15:10:49.868416+00:00", "symbol": "ADA-USD"}, {"trade_id": 143567064, "side": "sell", "size": "143.25483000", "price": "0.74000000", "time": "2025-07-14T15:08:24.231810Z", "fetched_at": "2025-07-14T15:10:49.868416+00:00", "symbol": "ADA-USD"}, {"trade_id": 143567063, "side": "sell", "size": "299.23258692", "price": "0.74000000", "time": "2025-07-14T15:08:24.231810Z", "fetched_at": "2025-07-14T15:10:49.868416+00:00", "symbol": "ADA-USD"}, {"trade_id": 143567062, "side": "sell", "size": "612.64557374", "price": "0.74000000", "time": "2025-07-14T15:08:23.946694Z", "fetched_at": "2025-07-14T15:10:49.868416+00:00", "symbol": "ADA-USD"}, {"trade_id": 143567061, "side": "sell", "size": "6.69009300", "price": "0.74000000", "time": "2025-07-14T15:08:23.112985Z", "fetched_at": "2025-07-14T15:10:49.868416+00:00", "symbol": "ADA-USD"}, {"trade_id": 143567060, "side": "sell", "size": "3284.78659601", "price": "0.74010000", "time": "2025-07-14T15:08:22.895844Z", "fetched_at": "2025-07-14T15:10:49.868416+00:00", "symbol": "ADA-USD"}, {"trade_id": 143567059, "side": "sell", "size": "1701.39727000", "price": "0.74010000", "time": "2025-07-14T15:08:22.895844Z", "fetched_at": "2025-07-14T15:10:49.868416+00:00", "symbol": "ADA-USD"}, {"trade_id": 143567058, "side": "sell", "size": "812.53592239", "price": "0.74010000", "time": "2025-07-14T15:08:22.895844Z", "fetched_at": "2025-07-14T15:10:49.868416+00:00", "symbol": "ADA-USD"}, {"trade_id": 143567057, "side": "sell", "size": "779.26982255", "price": "0.74010000", "time": "2025-07-14T15:08:22.895844Z", "fetched_at": "2025-07-14T15:10:49.868416+00:00", "symbol": "ADA-USD"}, {"trade_id": 143567056, "side": "sell", "size": "1126.60653752", "price": "0.74000000", "time": "2025-07-14T15:08:22.895844Z", "fetched_at": "2025-07-14T15:10:49.868416+00:00", "symbol": "ADA-USD"}, {"trade_id": 143567055, "side": "sell", "size": "1707.92507000", "price": "0.74000000", "time": "2025-07-14T15:08:22.895844Z", "fetched_at": "2025-07-14T15:10:49.868416+00:00", "symbol": "ADA-USD"}, {"trade_id": 143567054, "side": "sell", "size": "1701.99476000", "price": "0.74000000", "time": "2025-07-14T15:08:22.895844Z", "fetched_at": "2025-07-14T15:10:49.868416+00:00", "symbol": "ADA-USD"}, {"trade_id": 143567053, "side": "sell", "size": "4318.85245345", "price": "0.74000000", "time": "2025-07-14T15:08:22.895844Z", "fetched_at": "2025-07-14T15:10:49.868416+00:00", "symbol": "ADA-USD"}, {"trade_id": 143567052, "side": "sell", "size": "779.26982255", "price": "0.74000000", "time": "2025-07-14T15:08:22.895844Z", "fetched_at": "2025-07-14T15:10:49.868416+00:00", "symbol": "ADA-USD"}, {"trade_id": 143567051, "side": "sell", "size": "682.59885745", "price": "0.74000000", "time": "2025-07-14T15:08:22.895844Z", "fetched_at": "2025-07-14T15:10:49.868416+00:00", "symbol": "ADA-USD"}, {"trade_id": 143567050, "side": "sell", "size": "642.62934108", "price": "0.73990000", "time": "2025-07-14T15:08:22.895844Z", "fetched_at": "2025-07-14T15:10:49.868416+00:00", "symbol": "ADA-USD"}, {"trade_id": 143567049, "side": "sell", "size": "654.93339600", "price": "0.74000000", "time": "2025-07-14T15:08:20.235643Z", "fetched_at": "2025-07-14T15:10:49.868416+00:00", "symbol": "ADA-USD"}, {"trade_id": 143567048, "side": "sell", "size": "1.50000000", "price": "0.74000000", "time": "2025-07-14T15:08:20.235643Z", "fetched_at": "2025-07-14T15:10:49.868416+00:00", "symbol": "ADA-USD"}, {"trade_id": 143567047, "side": "sell", "size": "19.09677814", "price": "0.73990000", "time": "2025-07-14T15:08:20.131511Z", "fetched_at": "2025-07-14T15:10:49.868416+00:00", "symbol": "ADA-USD"}, {"trade_id": 143567046, "side": "sell", "size": "41.55775744", "price": "0.73990000", "time": "2025-07-14T15:08:20.131511Z", "fetched_at": "2025-07-14T15:10:49.868416+00:00", "symbol": "ADA-USD"}, {"trade_id": 143567045, "side": "buy", "size": "261.71806719", "price": "0.73980000", "time": "2025-07-14T15:08:16.811666Z", "fetched_at": "2025-07-14T15:10:49.868416+00:00", "symbol": "ADA-USD"}, {"trade_id": 143567044, "side": "buy", "size": "270.86580000", "price": "0.73980000", "time": "2025-07-14T15:08:16.677514Z", "fetched_at": "2025-07-14T15:10:49.868416+00:00", "symbol": "ADA-USD"}, {"trade_id": 143567043, "side": "buy", "size": "1.50000000", "price": "0.73980000", "time": "2025-07-14T15:08:16.677514Z", "fetched_at": "2025-07-14T15:10:49.868416+00:00", "symbol": "ADA-USD"}, {"trade_id": 143567042, "side": "buy", "size": "775.40052679", "price": "0.74000000", "time": "2025-07-14T15:08:15.560786Z", "fetched_at": "2025-07-14T15:10:49.868416+00:00", "symbol": "ADA-USD"}, {"trade_id": 143567041, "side": "buy", "size": "849.97422956", "price": "0.74000000", "time": "2025-07-14T15:08:15.560786Z", "fetched_at": "2025-07-14T15:10:49.868416+00:00", "symbol": "ADA-USD"}, {"trade_id": 143567040, "side": "buy", "size": "779.26982255", "price": "0.74000000", "time": "2025-07-14T15:08:15.560786Z", "fetched_at": "2025-07-14T15:10:49.868416+00:00", "symbol": "ADA-USD"}, {"trade_id": 143567039, "side": "buy", "size": "52.46061922", "price": "0.74000000", "time": "2025-07-14T15:08:15.560786Z", "fetched_at": "2025-07-14T15:10:49.868416+00:00", "symbol": "ADA-USD"}, {"trade_id": 143567038, "side": "buy", "size": "102.75852626", "price": "0.74010000", "time": "2025-07-14T15:08:15.560786Z", "fetched_at": "2025-07-14T15:10:49.868416+00:00", "symbol": "ADA-USD"}, {"trade_id": 143567037, "side": "sell", "size": "7.50571571", "price": "0.74020000", "time": "2025-07-14T15:08:15.092714Z", "fetched_at": "2025-07-14T15:10:49.868416+00:00", "symbol": "ADA-USD"}, {"trade_id": 143567036, "side": "sell", "size": "1.50000000", "price": "0.74020000", "time": "2025-07-14T15:08:15.092714Z", "fetched_at": "2025-07-14T15:10:49.868416+00:00", "symbol": "ADA-USD"}, {"trade_id": 143567035, "side": "sell", "size": "704.12184602", "price": "0.74010000", "time": "2025-07-14T15:08:14.562849Z", "fetched_at": "2025-07-14T15:10:49.868416+00:00", "symbol": "ADA-USD"}, {"trade_id": 143567034, "side": "sell", "size": "1.50000000", "price": "0.74010000", "time": "2025-07-14T15:08:14.562849Z", "fetched_at": "2025-07-14T15:10:49.868416+00:00", "symbol": "ADA-USD"}, {"trade_id": 143567033, "side": "sell", "size": "704.12184602", "price": "0.74000000", "time": "2025-07-14T15:08:14.078968Z", "fetched_at": "2025-07-14T15:10:49.868416+00:00", "symbol": "ADA-USD"}, {"trade_id": 143567032, "side": "sell", "size": "13.37295700", "price": "0.73980000", "time": "2025-07-14T15:08:12.001906Z", "fetched_at": "2025-07-14T15:10:49.868416+00:00", "symbol": "ADA-USD"}, {"trade_id": 143567031, "side": "buy", "size": "107.65125561", "price": "0.73980000", "time": "2025-07-14T15:08:11.200737Z", "fetched_at": "2025-07-14T15:10:49.868416+00:00", "symbol": "ADA-USD"}, {"trade_id": 143567030, "side": "buy", "size": "60.40029000", "price": "0.73980000", "time": "2025-07-14T15:08:11.195199Z", "fetched_at": "2025-07-14T15:10:49.868416+00:00", "symbol": "ADA-USD"}, {"trade_id": 143567029, "side": "buy", "size": "123.86141230", "price": "0.73980000", "time": "2025-07-14T15:08:09.640738Z", "fetched_at": "2025-07-14T15:10:49.868416+00:00", "symbol": "ADA-USD"}, {"trade_id": 143567028, "side": "buy", "size": "1.50000000", "price": "0.73980000", "time": "2025-07-14T15:08:09.640738Z", "fetched_at": "2025-07-14T15:10:49.868416+00:00", "symbol": "ADA-USD"}, {"trade_id": 143567027, "side": "buy", "size": "1706.13124000", "price": "0.73990000", "time": "2025-07-14T15:08:09.640738Z", "fetched_at": "2025-07-14T15:10:49.868416+00:00", "symbol": "ADA-USD"}, {"trade_id": 143567026, "side": "buy", "size": "690.38284796", "price": "0.73990000", "time": "2025-07-14T15:08:09.640738Z", "fetched_at": "2025-07-14T15:10:49.868416+00:00", "symbol": "ADA-USD"}, {"trade_id": 143567025, "side": "buy", "size": "1644.58773583", "price": "0.73990000", "time": "2025-07-14T15:08:09.640738Z", "fetched_at": "2025-07-14T15:10:49.868416+00:00", "symbol": "ADA-USD"}, {"trade_id": 143567024, "side": "buy", "size": "715.98960094", "price": "0.73990000", "time": "2025-07-14T15:08:09.640738Z", "fetched_at": "2025-07-14T15:10:49.868416+00:00", "symbol": "ADA-USD"}, {"trade_id": 143567023, "side": "buy", "size": "966.89516034", "price": "0.73990000", "time": "2025-07-14T15:08:09.640738Z", "fetched_at": "2025-07-14T15:10:49.868416+00:00", "symbol": "ADA-USD"}, {"trade_id": 143567022, "side": "buy", "size": "779.26982255", "price": "0.73990000", "time": "2025-07-14T15:08:09.640738Z", "fetched_at": "2025-07-14T15:10:49.868416+00:00", "symbol": "ADA-USD"}, {"trade_id": 143567021, "side": "buy", "size": "500.00000000", "price": "0.73990000", "time": "2025-07-14T15:08:09.640738Z", "fetched_at": "2025-07-14T15:10:49.868416+00:00", "symbol": "ADA-USD"}, {"trade_id": 143567020, "side": "buy", "size": "205.19671608", "price": "0.74000000", "time": "2025-07-14T15:08:09.640738Z", "fetched_at": "2025-07-14T15:10:49.868416+00:00", "symbol": "ADA-USD"}, {"trade_id": 143567019, "side": "buy", "size": "19.62340300", "price": "0.74000000", "time": "2025-07-14T15:08:09.633671Z", "fetched_at": "2025-07-14T15:10:49.868416+00:00", "symbol": "ADA-USD"}, {"trade_id": 143567018, "side": "buy", "size": "1.49496832", "price": "0.73990000", "time": "2025-07-14T15:08:08.303837Z", "fetched_at": "2025-07-14T15:10:49.868416+00:00", "symbol": "ADA-USD"}, {"trade_id": 143567017, "side": "buy", "size": "0.00000891", "price": "0.74000000", "time": "2025-07-14T15:08:07.597745Z", "fetched_at": "2025-07-14T15:10:49.868416+00:00", "symbol": "ADA-USD"}, {"trade_id": 143567016, "side": "buy", "size": "173.55793571", "price": "0.74000000", "time": "2025-07-14T15:08:07.595159Z", "fetched_at": "2025-07-14T15:10:49.868416+00:00", "symbol": "ADA-USD"}, {"trade_id": 143567015, "side": "buy", "size": "72.03097429", "price": "0.74000000", "time": "2025-07-14T15:08:07.595159Z", "fetched_at": "2025-07-14T15:10:49.868416+00:00", "symbol": "ADA-USD"}, {"trade_id": 143567014, "side": "buy", "size": "0.00503168", "price": "0.73990000", "time": "2025-07-14T15:08:06.514600Z", "fetched_at": "2025-07-14T15:10:49.868416+00:00", "symbol": "ADA-USD"}, {"trade_id": 143567013, "side": "buy", "size": "269.93533486", "price": "0.74000000", "time": "2025-07-14T15:08:05.349678Z", "fetched_at": "2025-07-14T15:10:49.868416+00:00", "symbol": "ADA-USD"}, {"trade_id": 143567012, "side": "buy", "size": "1.50000000", "price": "0.74000000", "time": "2025-07-14T15:08:05.349678Z", "fetched_at": "2025-07-14T15:10:49.868416+00:00", "symbol": "ADA-USD"}, {"trade_id": 143567011, "side": "buy", "size": "675.54819789", "price": "0.74010000", "time": "2025-07-14T15:08:04.097299Z", "fetched_at": "2025-07-14T15:10:49.868416+00:00", "symbol": "ADA-USD"}, {"trade_id": 143567010, "side": "buy", "size": "627.40891963", "price": "0.74010000", "time": "2025-07-14T15:08:04.097299Z", "fetched_at": "2025-07-14T15:10:49.868416+00:00", "symbol": "ADA-USD"}, {"trade_id": 143567009, "side": "buy", "size": "1.50000000", "price": "0.74010000", "time": "2025-07-14T15:08:04.097299Z", "fetched_at": "2025-07-14T15:10:49.868416+00:00", "symbol": "ADA-USD"}, {"trade_id": 143567008, "side": "buy", "size": "779.26982255", "price": "0.74010000", "time": "2025-07-14T15:08:04.097299Z", "fetched_at": "2025-07-14T15:10:49.868416+00:00", "symbol": "ADA-USD"}, {"trade_id": 143567007, "side": "buy", "size": "1.50000000", "price": "0.74020000", "time": "2025-07-14T15:08:04.097299Z", "fetched_at": "2025-07-14T15:10:49.868416+00:00", "symbol": "ADA-USD"}, {"trade_id": 143567006, "side": "buy", "size": "1.50000000", "price": "0.74030000", "time": "2025-07-14T15:08:03.965118Z", "fetched_at": "2025-07-14T15:10:49.868416+00:00", "symbol": "ADA-USD"}, {"trade_id": 143567005, "side": "buy", "size": "2885.68933856", "price": "0.74030000", "time": "2025-07-14T15:08:03.959198Z", "fetched_at": "2025-07-14T15:10:49.868416+00:00", "symbol": "ADA-USD"}, {"trade_id": 143567004, "side": "buy", "size": "440.52473563", "price": "0.74030000", "time": "2025-07-14T15:08:03.959198Z", "fetched_at": "2025-07-14T15:10:49.868416+00:00", "symbol": "ADA-USD"}, {"trade_id": 143567003, "side": "buy", "size": "779.26982255", "price": "0.74030000", "time": "2025-07-14T15:08:03.959198Z", "fetched_at": "2025-07-14T15:10:49.868416+00:00", "symbol": "ADA-USD"}, {"trade_id": 143567002, "side": "buy", "size": "679.27419087", "price": "0.74040000", "time": "2025-07-14T15:08:03.949181Z", "fetched_at": "2025-07-14T15:10:49.868416+00:00", "symbol": "ADA-USD"}, {"trade_id": 143567001, "side": "buy", "size": "1.50000000", "price": "0.74040000", "time": "2025-07-14T15:08:03.949181Z", "fetched_at": "2025-07-14T15:10:49.868416+00:00", "symbol": "ADA-USD"}, {"trade_id": 143567000, "side": "buy", "size": "42.58188782", "price": "0.74060000", "time": "2025-07-14T15:08:03.015613Z", "fetched_at": "2025-07-14T15:10:49.868416+00:00", "symbol": "ADA-USD"}, {"trade_id": 143566999, "side": "buy", "size": "1208.05799294", "price": "0.74060000", "time": "2025-07-14T15:08:03.015613Z", "fetched_at": "2025-07-14T15:10:49.868416+00:00", "symbol": "ADA-USD"}, {"trade_id": 143566998, "side": "sell", "size": "785.54707235", "price": "0.74060000", "time": "2025-07-14T15:08:01.504939Z", "fetched_at": "2025-07-14T15:10:49.868416+00:00", "symbol": "ADA-USD"}, {"trade_id": 143566997, "side": "sell", "size": "1.50000000", "price": "0.74060000", "time": "2025-07-14T15:07:59.895894Z", "fetched_at": "2025-07-14T15:10:49.868416+00:00", "symbol": "ADA-USD"}, {"trade_id": 143566996, "side": "sell", "size": "19.74159624", "price": "0.74040000", "time": "2025-07-14T15:07:57.542414Z", "fetched_at": "2025-07-14T15:10:49.868416+00:00", "symbol": "ADA-USD"}, {"trade_id": 143566995, "side": "sell", "size": "974.39261721", "price": "0.74040000", "time": "2025-07-14T15:07:57.527627Z", "fetched_at": "2025-07-14T15:10:49.868416+00:00", "symbol": "ADA-USD"}, {"trade_id": 143566994, "side": "sell", "size": "1169.57121043", "price": "0.74020000", "time": "2025-07-14T15:07:57.200783Z", "fetched_at": "2025-07-14T15:10:49.868416+00:00", "symbol": "ADA-USD"}, {"trade_id": 143566993, "side": "sell", "size": "39.38335800", "price": "0.74020000", "time": "2025-07-14T15:07:57.027091Z", "fetched_at": "2025-07-14T15:10:49.868416+00:00", "symbol": "ADA-USD"}, {"trade_id": 143566992, "side": "buy", "size": "66.89945000", "price": "0.74010000", "time": "2025-07-14T15:07:53.832144Z", "fetched_at": "2025-07-14T15:10:49.868416+00:00", "symbol": "ADA-USD"}, {"trade_id": 143566991, "side": "buy", "size": "1.50000000", "price": "0.74010000", "time": "2025-07-14T15:07:53.832144Z", "fetched_at": "2025-07-14T15:10:49.868416+00:00", "symbol": "ADA-USD"}, {"trade_id": 143566990, "side": "buy", "size": "345.14931806", "price": "0.74020000", "time": "2025-07-14T15:07:51.696049Z", "fetched_at": "2025-07-14T15:10:49.868416+00:00", "symbol": "ADA-USD"}, {"trade_id": 143566989, "side": "buy", "size": "734.19881000", "price": "0.74010000", "time": "2025-07-14T15:07:46.881102Z", "fetched_at": "2025-07-14T15:10:49.868416+00:00", "symbol": "ADA-USD"}, {"trade_id": 143566988, "side": "buy", "size": "51.00306000", "price": "0.74010000", "time": "2025-07-14T15:07:45.736227Z", "fetched_at": "2025-07-14T15:10:49.868416+00:00", "symbol": "ADA-USD"}, {"trade_id": 143566987, "side": "sell", "size": "42.58188782", "price": "0.74020000", "time": "2025-07-14T15:07:45.511645Z", "fetched_at": "2025-07-14T15:10:49.868416+00:00", "symbol": "ADA-USD"}, {"trade_id": 143566986, "side": "sell", "size": "25.81756218", "price": "0.74020000", "time": "2025-07-14T15:07:45.511645Z", "fetched_at": "2025-07-14T15:10:49.868416+00:00", "symbol": "ADA-USD"}, {"trade_id": 143566985, "side": "buy", "size": "24.63849700", "price": "0.74010000", "time": "2025-07-14T15:07:45.485410Z", "fetched_at": "2025-07-14T15:10:49.868416+00:00", "symbol": "ADA-USD"}, {"trade_id": 143566984, "side": "buy", "size": "1.50000000", "price": "0.74010000", "time": "2025-07-14T15:07:45.485410Z", "fetched_at": "2025-07-14T15:10:49.868416+00:00", "symbol": "ADA-USD"}, {"trade_id": 143566983, "side": "buy", "size": "1.50000000", "price": "0.74020000", "time": "2025-07-14T15:07:45.485410Z", "fetched_at": "2025-07-14T15:10:49.868416+00:00", "symbol": "ADA-USD"}, {"trade_id": 143566982, "side": "buy", "size": "1.50000000", "price": "0.74030000", "time": "2025-07-14T15:07:45.485410Z", "fetched_at": "2025-07-14T15:10:49.868416+00:00", "symbol": "ADA-USD"}, {"trade_id": 143566981, "side": "buy", "size": "1208.38431872", "price": "0.74040000", "time": "2025-07-14T15:07:45.402782Z", "fetched_at": "2025-07-14T15:10:49.868416+00:00", "symbol": "ADA-USD"}, {"trade_id": 143566980, "side": "buy", "size": "1.50000000", "price": "0.74040000", "time": "2025-07-14T15:07:45.402782Z", "fetched_at": "2025-07-14T15:10:49.868416+00:00", "symbol": "ADA-USD"}, {"trade_id": 143566979, "side": "sell", "size": "962.61573016", "price": "0.74060000", "time": "2025-07-14T15:07:43.262008Z", "fetched_at": "2025-07-14T15:10:49.868416+00:00", "symbol": "ADA-USD"}, {"trade_id": 143566978, "side": "sell", "size": "1693.08669000", "price": "0.74060000", "time": "2025-07-14T15:07:43.262008Z", "fetched_at": "2025-07-14T15:10:49.868416+00:00", "symbol": "ADA-USD"}