[{"trade_id": 143600392, "side": "buy", "size": "250.22948040", "price": "0.73020000", "time": "2025-07-14T19:23:22.853668Z", "fetched_at": "2025-07-14T19:23:25.028053+00:00", "symbol": "ADA-USD"}, {"trade_id": 143600391, "side": "buy", "size": "12.37051960", "price": "0.73030000", "time": "2025-07-14T19:23:22.853668Z", "fetched_at": "2025-07-14T19:23:25.028053+00:00", "symbol": "ADA-USD"}, {"trade_id": 143600390, "side": "sell", "size": "158.12675437", "price": "0.73040000", "time": "2025-07-14T19:23:19.711Z", "fetched_at": "2025-07-14T19:23:25.028053+00:00", "symbol": "ADA-USD"}, {"trade_id": 143600389, "side": "sell", "size": "126.91590451", "price": "0.73040000", "time": "2025-07-14T19:23:19.648432Z", "fetched_at": "2025-07-14T19:23:25.028053+00:00", "symbol": "ADA-USD"}, {"trade_id": 143600388, "side": "sell", "size": "120.61378212", "price": "0.73040000", "time": "2025-07-14T19:23:19.630155Z", "fetched_at": "2025-07-14T19:23:25.028053+00:00", "symbol": "ADA-USD"}, {"trade_id": 143600387, "side": "sell", "size": "179.28407461", "price": "0.73040000", "time": "2025-07-14T19:23:19.612675Z", "fetched_at": "2025-07-14T19:23:25.028053+00:00", "symbol": "ADA-USD"}, {"trade_id": 143600386, "side": "sell", "size": "101.47933889", "price": "0.73040000", "time": "2025-07-14T19:23:19.586373Z", "fetched_at": "2025-07-14T19:23:25.028053+00:00", "symbol": "ADA-USD"}, {"trade_id": 143600385, "side": "sell", "size": "79.03496477", "price": "0.73040000", "time": "2025-07-14T19:23:19.571731Z", "fetched_at": "2025-07-14T19:23:25.028053+00:00", "symbol": "ADA-USD"}, {"trade_id": 143600384, "side": "sell", "size": "4.34407460", "price": "0.73040000", "time": "2025-07-14T19:23:19.571731Z", "fetched_at": "2025-07-14T19:23:25.028053+00:00", "symbol": "ADA-USD"}, {"trade_id": 143600383, "side": "sell", "size": "644.10767360", "price": "0.73040000", "time": "2025-07-14T19:23:19.571731Z", "fetched_at": "2025-07-14T19:23:25.028053+00:00", "symbol": "ADA-USD"}, {"trade_id": 143600382, "side": "buy", "size": "326.16240809", "price": "0.73040000", "time": "2025-07-14T19:23:18.455322Z", "fetched_at": "2025-07-14T19:23:25.028053+00:00", "symbol": "ADA-USD"}, {"trade_id": 143600381, "side": "sell", "size": "1.60000000", "price": "0.73040000", "time": "2025-07-14T19:23:18.327673Z", "fetched_at": "2025-07-14T19:23:25.028053+00:00", "symbol": "ADA-USD"}, {"trade_id": 143600380, "side": "sell", "size": "190.87590666", "price": "0.73040000", "time": "2025-07-14T19:23:18.327673Z", "fetched_at": "2025-07-14T19:23:25.028053+00:00", "symbol": "ADA-USD"}, {"trade_id": 143600379, "side": "sell", "size": "701.37094438", "price": "0.73040000", "time": "2025-07-14T19:23:18.305860Z", "fetched_at": "2025-07-14T19:23:25.028053+00:00", "symbol": "ADA-USD"}, {"trade_id": 143600378, "side": "sell", "size": "11.43059590", "price": "0.73030000", "time": "2025-07-14T19:23:18.273572Z", "fetched_at": "2025-07-14T19:23:25.028053+00:00", "symbol": "ADA-USD"}, {"trade_id": 143600377, "side": "buy", "size": "1.60000000", "price": "0.73020000", "time": "2025-07-14T19:23:15.780179Z", "fetched_at": "2025-07-14T19:23:25.028053+00:00", "symbol": "ADA-USD"}, {"trade_id": 143600376, "side": "buy", "size": "12.37051960", "price": "0.73030000", "time": "2025-07-14T19:23:15.651107Z", "fetched_at": "2025-07-14T19:23:25.028053+00:00", "symbol": "ADA-USD"}, {"trade_id": 143600375, "side": "buy", "size": "1.60000000", "price": "0.73030000", "time": "2025-07-14T19:23:15.651107Z", "fetched_at": "2025-07-14T19:23:25.028053+00:00", "symbol": "ADA-USD"}, {"trade_id": 143600374, "side": "buy", "size": "1634.17088600", "price": "0.73030000", "time": "2025-07-14T19:23:15.651107Z", "fetched_at": "2025-07-14T19:23:25.028053+00:00", "symbol": "ADA-USD"}, {"trade_id": 143600373, "side": "buy", "size": "3.43600200", "price": "0.73040000", "time": "2025-07-14T19:23:06.611729Z", "fetched_at": "2025-07-14T19:23:25.028053+00:00", "symbol": "ADA-USD"}, {"trade_id": 143600372, "side": "sell", "size": "10.82211400", "price": "0.73060000", "time": "2025-07-14T19:23:05.687753Z", "fetched_at": "2025-07-14T19:23:25.028053+00:00", "symbol": "ADA-USD"}, {"trade_id": 143600371, "side": "sell", "size": "1.60000000", "price": "0.73060000", "time": "2025-07-14T19:23:04.418680Z", "fetched_at": "2025-07-14T19:23:25.028053+00:00", "symbol": "ADA-USD"}, {"trade_id": 143600370, "side": "sell", "size": "627.77932922", "price": "0.73050000", "time": "2025-07-14T19:23:04.362711Z", "fetched_at": "2025-07-14T19:23:25.028053+00:00", "symbol": "ADA-USD"}, {"trade_id": 143600369, "side": "sell", "size": "4.47015626", "price": "0.73050000", "time": "2025-07-14T19:23:04.362711Z", "fetched_at": "2025-07-14T19:23:25.028053+00:00", "symbol": "ADA-USD"}, {"trade_id": 143600368, "side": "sell", "size": "4.47015626", "price": "0.73040000", "time": "2025-07-14T19:23:04.277401Z", "fetched_at": "2025-07-14T19:23:25.028053+00:00", "symbol": "ADA-USD"}, {"trade_id": 143600367, "side": "sell", "size": "319.46382801", "price": "0.73040000", "time": "2025-07-14T19:23:04.277401Z", "fetched_at": "2025-07-14T19:23:25.028053+00:00", "symbol": "ADA-USD"}, {"trade_id": 143600366, "side": "sell", "size": "305.63560107", "price": "0.73040000", "time": "2025-07-14T19:23:03.828297Z", "fetched_at": "2025-07-14T19:23:25.028053+00:00", "symbol": "ADA-USD"}, {"trade_id": 143600365, "side": "sell", "size": "146.81941613", "price": "0.73040000", "time": "2025-07-14T19:23:03.783787Z", "fetched_at": "2025-07-14T19:23:25.028053+00:00", "symbol": "ADA-USD"}, {"trade_id": 143600364, "side": "sell", "size": "696.17480691", "price": "0.73040000", "time": "2025-07-14T19:23:03.771463Z", "fetched_at": "2025-07-14T19:23:25.028053+00:00", "symbol": "ADA-USD"}, {"trade_id": 143600363, "side": "sell", "size": "118.56674179", "price": "0.73040000", "time": "2025-07-14T19:23:03.681648Z", "fetched_at": "2025-07-14T19:23:25.028053+00:00", "symbol": "ADA-USD"}, {"trade_id": 143600362, "side": "sell", "size": "73.53108290", "price": "0.73040000", "time": "2025-07-14T19:23:03.664175Z", "fetched_at": "2025-07-14T19:23:25.028053+00:00", "symbol": "ADA-USD"}, {"trade_id": 143600361, "side": "sell", "size": "200.33623044", "price": "0.73040000", "time": "2025-07-14T19:23:03.653879Z", "fetched_at": "2025-07-14T19:23:25.028053+00:00", "symbol": "ADA-USD"}, {"trade_id": 143600360, "side": "sell", "size": "75.57566184", "price": "0.73040000", "time": "2025-07-14T19:23:03.624165Z", "fetched_at": "2025-07-14T19:23:25.028053+00:00", "symbol": "ADA-USD"}, {"trade_id": 143600359, "side": "sell", "size": "37.60718607", "price": "0.73040000", "time": "2025-07-14T19:23:03.613418Z", "fetched_at": "2025-07-14T19:23:25.028053+00:00", "symbol": "ADA-USD"}, {"trade_id": 143600358, "side": "sell", "size": "57.14542438", "price": "0.73040000", "time": "2025-07-14T19:23:03.573268Z", "fetched_at": "2025-07-14T19:23:25.028053+00:00", "symbol": "ADA-USD"}, {"trade_id": 143600357, "side": "sell", "size": "189.32178328", "price": "0.73040000", "time": "2025-07-14T19:23:03.547430Z", "fetched_at": "2025-07-14T19:23:25.028053+00:00", "symbol": "ADA-USD"}, {"trade_id": 143600356, "side": "sell", "size": "243.35845174", "price": "0.73040000", "time": "2025-07-14T19:23:03.535332Z", "fetched_at": "2025-07-14T19:23:25.028053+00:00", "symbol": "ADA-USD"}, {"trade_id": 143600355, "side": "sell", "size": "71.80627829", "price": "0.73040000", "time": "2025-07-14T19:23:03.519947Z", "fetched_at": "2025-07-14T19:23:25.028053+00:00", "symbol": "ADA-USD"}, {"trade_id": 143600354, "side": "sell", "size": "511.83781930", "price": "0.73040000", "time": "2025-07-14T19:23:03.509176Z", "fetched_at": "2025-07-14T19:23:25.028053+00:00", "symbol": "ADA-USD"}, {"trade_id": 143600353, "side": "sell", "size": "8.84863496", "price": "0.73040000", "time": "2025-07-14T19:23:03.482054Z", "fetched_at": "2025-07-14T19:23:25.028053+00:00", "symbol": "ADA-USD"}, {"trade_id": 143600352, "side": "sell", "size": "539.17334894", "price": "0.73040000", "time": "2025-07-14T19:23:03.482054Z", "fetched_at": "2025-07-14T19:23:25.028053+00:00", "symbol": "ADA-USD"}, {"trade_id": 143600351, "side": "sell", "size": "13.54865200", "price": "0.73040000", "time": "2025-07-14T19:23:02.100335Z", "fetched_at": "2025-07-14T19:23:25.028053+00:00", "symbol": "ADA-USD"}, {"trade_id": 143600350, "side": "sell", "size": "191.55928935", "price": "0.73040000", "time": "2025-07-14T19:23:02.019330Z", "fetched_at": "2025-07-14T19:23:25.028053+00:00", "symbol": "ADA-USD"}, {"trade_id": 143600349, "side": "sell", "size": "779.28100434", "price": "0.73040000", "time": "2025-07-14T19:23:02.008576Z", "fetched_at": "2025-07-14T19:23:25.028053+00:00", "symbol": "ADA-USD"}, {"trade_id": 143600348, "side": "sell", "size": "4.11096725", "price": "0.73040000", "time": "2025-07-14T19:23:02.008576Z", "fetched_at": "2025-07-14T19:23:25.028053+00:00", "symbol": "ADA-USD"}, {"trade_id": 143600347, "side": "sell", "size": "67.74326000", "price": "0.73040000", "time": "2025-07-14T19:23:00.405446Z", "fetched_at": "2025-07-14T19:23:25.028053+00:00", "symbol": "ADA-USD"}, {"trade_id": 143600346, "side": "buy", "size": "1365.82911400", "price": "0.73030000", "time": "2025-07-14T19:23:00.341731Z", "fetched_at": "2025-07-14T19:23:25.028053+00:00", "symbol": "ADA-USD"}, {"trade_id": 143600345, "side": "buy", "size": "1.60000000", "price": "0.73030000", "time": "2025-07-14T19:23:00.341731Z", "fetched_at": "2025-07-14T19:23:25.028053+00:00", "symbol": "ADA-USD"}, {"trade_id": 143600344, "side": "buy", "size": "308.18619613", "price": "0.73040000", "time": "2025-07-14T19:22:58.128095Z", "fetched_at": "2025-07-14T19:23:25.028053+00:00", "symbol": "ADA-USD"}, {"trade_id": 143600343, "side": "buy", "size": "11.31380387", "price": "0.73040000", "time": "2025-07-14T19:22:58.128095Z", "fetched_at": "2025-07-14T19:23:25.028053+00:00", "symbol": "ADA-USD"}, {"trade_id": 143600342, "side": "buy", "size": "310.50000000", "price": "0.73040000", "time": "2025-07-14T19:22:58.128095Z", "fetched_at": "2025-07-14T19:23:25.028053+00:00", "symbol": "ADA-USD"}, {"trade_id": 143600341, "side": "buy", "size": "7.12842278", "price": "0.73040000", "time": "2025-07-14T19:22:56.214170Z", "fetched_at": "2025-07-14T19:23:25.028053+00:00", "symbol": "ADA-USD"}, {"trade_id": 143600340, "side": "sell", "size": "10.53119246", "price": "0.73050000", "time": "2025-07-14T19:22:55.438721Z", "fetched_at": "2025-07-14T19:23:25.028053+00:00", "symbol": "ADA-USD"}, {"trade_id": 143600339, "side": "buy", "size": "12.36882594", "price": "0.73040000", "time": "2025-07-14T19:22:54.624434Z", "fetched_at": "2025-07-14T19:23:25.028053+00:00", "symbol": "ADA-USD"}, {"trade_id": 143600338, "side": "sell", "size": "8.73125111", "price": "0.73040000", "time": "2025-07-14T19:22:53.750752Z", "fetched_at": "2025-07-14T19:23:25.028053+00:00", "symbol": "ADA-USD"}, {"trade_id": 143600337, "side": "sell", "size": "12.36456940", "price": "0.73040000", "time": "2025-07-14T19:22:53.710167Z", "fetched_at": "2025-07-14T19:23:25.028053+00:00", "symbol": "ADA-USD"}, {"trade_id": 143600336, "side": "buy", "size": "12.36882594", "price": "0.73040000", "time": "2025-07-14T19:22:53.299494Z", "fetched_at": "2025-07-14T19:23:25.028053+00:00", "symbol": "ADA-USD"}, {"trade_id": 143600335, "side": "buy", "size": "1.60000000", "price": "0.73040000", "time": "2025-07-14T19:22:53.299494Z", "fetched_at": "2025-07-14T19:23:25.028053+00:00", "symbol": "ADA-USD"}, {"trade_id": 143600334, "side": "buy", "size": "1.60000000", "price": "0.73050000", "time": "2025-07-14T19:22:53.277622Z", "fetched_at": "2025-07-14T19:23:25.028053+00:00", "symbol": "ADA-USD"}, {"trade_id": 143600333, "side": "buy", "size": "222.01763472", "price": "0.73050000", "time": "2025-07-14T19:22:53.277622Z", "fetched_at": "2025-07-14T19:23:25.028053+00:00", "symbol": "ADA-USD"}, {"trade_id": 143600332, "side": "buy", "size": "51.00306000", "price": "0.73050000", "time": "2025-07-14T19:22:53.277358Z", "fetched_at": "2025-07-14T19:23:25.028053+00:00", "symbol": "ADA-USD"}, {"trade_id": 143600331, "side": "sell", "size": "810.73043419", "price": "0.73070000", "time": "2025-07-14T19:22:48.290934Z", "fetched_at": "2025-07-14T19:23:25.028053+00:00", "symbol": "ADA-USD"}, {"trade_id": 143600330, "side": "sell", "size": "919.19046357", "price": "0.73070000", "time": "2025-07-14T19:22:48.290454Z", "fetched_at": "2025-07-14T19:23:25.028053+00:00", "symbol": "ADA-USD"}, {"trade_id": 143600329, "side": "sell", "size": "12.36616143", "price": "0.73070000", "time": "2025-07-14T19:22:48.290454Z", "fetched_at": "2025-07-14T19:23:25.028053+00:00", "symbol": "ADA-USD"}, {"trade_id": 143600328, "side": "buy", "size": "139.80436973", "price": "0.73050000", "time": "2025-07-14T19:22:43.939854Z", "fetched_at": "2025-07-14T19:23:25.028053+00:00", "symbol": "ADA-USD"}, {"trade_id": 143600327, "side": "buy", "size": "1.60000000", "price": "0.73050000", "time": "2025-07-14T19:22:43.939854Z", "fetched_at": "2025-07-14T19:23:25.028053+00:00", "symbol": "ADA-USD"}, {"trade_id": 143600326, "side": "buy", "size": "3.46198027", "price": "0.73060000", "time": "2025-07-14T19:22:43.939854Z", "fetched_at": "2025-07-14T19:23:25.028053+00:00", "symbol": "ADA-USD"}, {"trade_id": 143600325, "side": "buy", "size": "1.60000000", "price": "0.73060000", "time": "2025-07-14T19:22:43.939854Z", "fetched_at": "2025-07-14T19:23:25.028053+00:00", "symbol": "ADA-USD"}, {"trade_id": 143600324, "side": "buy", "size": "0.00000805", "price": "0.73070000", "time": "2025-07-14T19:22:43.078298Z", "fetched_at": "2025-07-14T19:23:25.028053+00:00", "symbol": "ADA-USD"}, {"trade_id": 143600323, "side": "buy", "size": "1.59999195", "price": "0.73070000", "time": "2025-07-14T19:22:43.073496Z", "fetched_at": "2025-07-14T19:23:25.028053+00:00", "symbol": "ADA-USD"}, {"trade_id": 143600322, "side": "buy", "size": "110.75498805", "price": "0.73070000", "time": "2025-07-14T19:22:43.073496Z", "fetched_at": "2025-07-14T19:23:25.028053+00:00", "symbol": "ADA-USD"}, {"trade_id": 143600321, "side": "buy", "size": "21.17000000", "price": "0.73070000", "time": "2025-07-14T19:22:42.494369Z", "fetched_at": "2025-07-14T19:23:25.028053+00:00", "symbol": "ADA-USD"}, {"trade_id": 143600320, "side": "buy", "size": "0.23201100", "price": "0.73080000", "time": "2025-07-14T19:22:42.196531Z", "fetched_at": "2025-07-14T19:23:25.028053+00:00", "symbol": "ADA-USD"}, {"trade_id": 143600319, "side": "buy", "size": "1.60000000", "price": "0.73090000", "time": "2025-07-14T19:22:41.676174Z", "fetched_at": "2025-07-14T19:23:25.028053+00:00", "symbol": "ADA-USD"}, {"trade_id": 143600318, "side": "buy", "size": "4.10040133", "price": "0.73100000", "time": "2025-07-14T19:22:41.672837Z", "fetched_at": "2025-07-14T19:23:25.028053+00:00", "symbol": "ADA-USD"}, {"trade_id": 143600317, "side": "buy", "size": "130.13278239", "price": "0.73100000", "time": "2025-07-14T19:22:41.625247Z", "fetched_at": "2025-07-14T19:23:25.028053+00:00", "symbol": "ADA-USD"}, {"trade_id": 143600316, "side": "buy", "size": "553.83647757", "price": "0.73100000", "time": "2025-07-14T19:22:41.623767Z", "fetched_at": "2025-07-14T19:23:25.028053+00:00", "symbol": "ADA-USD"}, {"trade_id": 143600315, "side": "buy", "size": "341.35015588", "price": "0.73100000", "time": "2025-07-14T19:22:41.623767Z", "fetched_at": "2025-07-14T19:23:25.028053+00:00", "symbol": "ADA-USD"}, {"trade_id": 143600314, "side": "buy", "size": "1.60000000", "price": "0.73100000", "time": "2025-07-14T19:22:41.623767Z", "fetched_at": "2025-07-14T19:23:25.028053+00:00", "symbol": "ADA-USD"}, {"trade_id": 143600313, "side": "buy", "size": "563.55596756", "price": "0.73100000", "time": "2025-07-14T19:22:41.623767Z", "fetched_at": "2025-07-14T19:23:25.028053+00:00", "symbol": "ADA-USD"}, {"trade_id": 143600312, "side": "buy", "size": "673.78123375", "price": "0.73100000", "time": "2025-07-14T19:22:41.623767Z", "fetched_at": "2025-07-14T19:23:25.028053+00:00", "symbol": "ADA-USD"}, {"trade_id": 143600311, "side": "buy", "size": "311.06715019", "price": "0.73100000", "time": "2025-07-14T19:22:41.623767Z", "fetched_at": "2025-07-14T19:23:25.028053+00:00", "symbol": "ADA-USD"}, {"trade_id": 143600310, "side": "buy", "size": "4.02602950", "price": "0.73110000", "time": "2025-07-14T19:22:41.622128Z", "fetched_at": "2025-07-14T19:23:25.028053+00:00", "symbol": "ADA-USD"}, {"trade_id": 143600309, "side": "buy", "size": "4.73514339", "price": "0.73100000", "time": "2025-07-14T19:22:39.085095Z", "fetched_at": "2025-07-14T19:23:25.028053+00:00", "symbol": "ADA-USD"}, {"trade_id": 143600308, "side": "buy", "size": "6.20427961", "price": "0.73110000", "time": "2025-07-14T19:22:39.085095Z", "fetched_at": "2025-07-14T19:23:25.028053+00:00", "symbol": "ADA-USD"}, {"trade_id": 143600307, "side": "sell", "size": "534.31101488", "price": "0.73130000", "time": "2025-07-14T19:22:37.526721Z", "fetched_at": "2025-07-14T19:23:25.028053+00:00", "symbol": "ADA-USD"}, {"trade_id": 143600306, "side": "sell", "size": "578.13178464", "price": "0.73130000", "time": "2025-07-14T19:22:37.500859Z", "fetched_at": "2025-07-14T19:23:25.028053+00:00", "symbol": "ADA-USD"}, {"trade_id": 143600305, "side": "sell", "size": "545.29731668", "price": "0.73130000", "time": "2025-07-14T19:22:37.487436Z", "fetched_at": "2025-07-14T19:23:25.028053+00:00", "symbol": "ADA-USD"}, {"trade_id": 143600304, "side": "sell", "size": "88.24232885", "price": "0.73130000", "time": "2025-07-14T19:22:37.408236Z", "fetched_at": "2025-07-14T19:23:25.028053+00:00", "symbol": "ADA-USD"}, {"trade_id": 143600303, "side": "sell", "size": "88.52292031", "price": "0.73130000", "time": "2025-07-14T19:22:37.394471Z", "fetched_at": "2025-07-14T19:23:25.028053+00:00", "symbol": "ADA-USD"}, {"trade_id": 143600302, "side": "sell", "size": "82.34409732", "price": "0.73130000", "time": "2025-07-14T19:22:37.380994Z", "fetched_at": "2025-07-14T19:23:25.028053+00:00", "symbol": "ADA-USD"}, {"trade_id": 143600301, "side": "sell", "size": "167.49409197", "price": "0.73130000", "time": "2025-07-14T19:22:37.370459Z", "fetched_at": "2025-07-14T19:23:25.028053+00:00", "symbol": "ADA-USD"}, {"trade_id": 143600300, "side": "sell", "size": "752.32679663", "price": "0.73130000", "time": "2025-07-14T19:22:37.336857Z", "fetched_at": "2025-07-14T19:23:25.028053+00:00", "symbol": "ADA-USD"}, {"trade_id": 143600299, "side": "sell", "size": "1.60000000", "price": "0.73130000", "time": "2025-07-14T19:22:37.336857Z", "fetched_at": "2025-07-14T19:23:25.028053+00:00", "symbol": "ADA-USD"}, {"trade_id": 143600298, "side": "sell", "size": "11.96401979", "price": "0.73120000", "time": "2025-07-14T19:22:36.928059Z", "fetched_at": "2025-07-14T19:23:25.028053+00:00", "symbol": "ADA-USD"}, {"trade_id": 143600297, "side": "buy", "size": "1125.77821795", "price": "0.73100000", "time": "2025-07-14T19:22:35.676721Z", "fetched_at": "2025-07-14T19:23:25.028053+00:00", "symbol": "ADA-USD"}, {"trade_id": 143600296, "side": "buy", "size": "634.35885209", "price": "0.73100000", "time": "2025-07-14T19:22:35.676721Z", "fetched_at": "2025-07-14T19:23:25.028053+00:00", "symbol": "ADA-USD"}, {"trade_id": 143600295, "side": "buy", "size": "2.42018813", "price": "0.73110000", "time": "2025-07-14T19:22:35.676721Z", "fetched_at": "2025-07-14T19:23:25.028053+00:00", "symbol": "ADA-USD"}, {"trade_id": 143600294, "side": "buy", "size": "244.99940905", "price": "0.73100000", "time": "2025-07-14T19:22:33.654520Z", "fetched_at": "2025-07-14T19:23:25.028053+00:00", "symbol": "ADA-USD"}, {"trade_id": 143600293, "side": "buy", "size": "6.81461695", "price": "0.73110000", "time": "2025-07-14T19:22:33.654520Z", "fetched_at": "2025-07-14T19:23:25.028053+00:00", "symbol": "ADA-USD"}, {"trade_id": 143600292, "side": "buy", "size": "14.40933086", "price": "0.73110000", "time": "2025-07-14T19:22:31.728304Z", "fetched_at": "2025-07-14T19:23:25.028053+00:00", "symbol": "ADA-USD"}, {"trade_id": 143600291, "side": "buy", "size": "6.22528730", "price": "0.73110000", "time": "2025-07-14T19:22:31.728304Z", "fetched_at": "2025-07-14T19:23:25.028053+00:00", "symbol": "ADA-USD"}, {"trade_id": 143600290, "side": "buy", "size": "28.92951584", "price": "0.73110000", "time": "2025-07-14T19:22:31.728304Z", "fetched_at": "2025-07-14T19:23:25.028053+00:00", "symbol": "ADA-USD"}, {"trade_id": 143600289, "side": "sell", "size": "5795.50465185", "price": "0.73120000", "time": "2025-07-14T19:22:25.441093Z", "fetched_at": "2025-07-14T19:23:25.028053+00:00", "symbol": "ADA-USD"}, {"trade_id": 143600288, "side": "sell", "size": "1.60000000", "price": "0.73120000", "time": "2025-07-14T19:22:25.441093Z", "fetched_at": "2025-07-14T19:23:25.028053+00:00", "symbol": "ADA-USD"}, {"trade_id": 143600287, "side": "sell", "size": "1.60000000", "price": "0.73110000", "time": "2025-07-14T19:22:24.959132Z", "fetched_at": "2025-07-14T19:23:25.028053+00:00", "symbol": "ADA-USD"}, {"trade_id": 143600286, "side": "sell", "size": "472.26512020", "price": "0.73110000", "time": "2025-07-14T19:22:24.959132Z", "fetched_at": "2025-07-14T19:23:25.028053+00:00", "symbol": "ADA-USD"}, {"trade_id": 143600285, "side": "sell", "size": "122.15627555", "price": "0.73110000", "time": "2025-07-14T19:22:24.949209Z", "fetched_at": "2025-07-14T19:23:25.028053+00:00", "symbol": "ADA-USD"}, {"trade_id": 143600284, "side": "sell", "size": "862.95260634", "price": "0.73110000", "time": "2025-07-14T19:22:24.938774Z", "fetched_at": "2025-07-14T19:23:25.028053+00:00", "symbol": "ADA-USD"}, {"trade_id": 143600283, "side": "sell", "size": "649.93194680", "price": "0.73100000", "time": "2025-07-14T19:22:21.966297Z", "fetched_at": "2025-07-14T19:23:25.028053+00:00", "symbol": "ADA-USD"}, {"trade_id": 143600282, "side": "buy", "size": "1.36798900", "price": "0.73080000", "time": "2025-07-14T19:22:19.607290Z", "fetched_at": "2025-07-14T19:23:25.028053+00:00", "symbol": "ADA-USD"}, {"trade_id": 143600281, "side": "buy", "size": "85.29318100", "price": "0.73090000", "time": "2025-07-14T19:22:14.750131Z", "fetched_at": "2025-07-14T19:23:25.028053+00:00", "symbol": "ADA-USD"}, {"trade_id": 143600280, "side": "sell", "size": "538.97912823", "price": "0.73100000", "time": "2025-07-14T19:22:12.476229Z", "fetched_at": "2025-07-14T19:23:25.028053+00:00", "symbol": "ADA-USD"}, {"trade_id": 143600279, "side": "sell", "size": "733.81528069", "price": "0.73100000", "time": "2025-07-14T19:22:12.476229Z", "fetched_at": "2025-07-14T19:23:25.028053+00:00", "symbol": "ADA-USD"}, {"trade_id": 143600278, "side": "sell", "size": "670.42684408", "price": "0.73090000", "time": "2025-07-14T19:22:12.476229Z", "fetched_at": "2025-07-14T19:23:25.028053+00:00", "symbol": "ADA-USD"}, {"trade_id": 143600277, "side": "buy", "size": "74.40218900", "price": "0.73080000", "time": "2025-07-14T19:22:10.395182Z", "fetched_at": "2025-07-14T19:23:25.028053+00:00", "symbol": "ADA-USD"}, {"trade_id": 143600276, "side": "buy", "size": "1.60000000", "price": "0.73080000", "time": "2025-07-14T19:22:10.395182Z", "fetched_at": "2025-07-14T19:23:25.028053+00:00", "symbol": "ADA-USD"}, {"trade_id": 143600275, "side": "sell", "size": "8.53965595", "price": "0.73090000", "time": "2025-07-14T19:22:06.828732Z", "fetched_at": "2025-07-14T19:23:25.028053+00:00", "symbol": "ADA-USD"}, {"trade_id": 143600274, "side": "sell", "size": "15.70834000", "price": "0.73090000", "time": "2025-07-14T19:22:06.459465Z", "fetched_at": "2025-07-14T19:23:25.028053+00:00", "symbol": "ADA-USD"}, {"trade_id": 143600273, "side": "sell", "size": "119.70437000", "price": "0.73090000", "time": "2025-07-14T19:22:06.459465Z", "fetched_at": "2025-07-14T19:23:25.028053+00:00", "symbol": "ADA-USD"}, {"trade_id": 143600272, "side": "buy", "size": "9.21662612", "price": "0.73090000", "time": "2025-07-14T19:22:05.316846Z", "fetched_at": "2025-07-14T19:23:25.028053+00:00", "symbol": "ADA-USD"}, {"trade_id": 143600271, "side": "buy", "size": "1.60000000", "price": "0.73090000", "time": "2025-07-14T19:22:05.316846Z", "fetched_at": "2025-07-14T19:23:25.028053+00:00", "symbol": "ADA-USD"}, {"trade_id": 143600270, "side": "sell", "size": "64.88916300", "price": "0.73110000", "time": "2025-07-14T19:22:04.663851Z", "fetched_at": "2025-07-14T19:23:25.028053+00:00", "symbol": "ADA-USD"}, {"trade_id": 143600269, "side": "sell", "size": "1.60000000", "price": "0.73110000", "time": "2025-07-14T19:22:02.589406Z", "fetched_at": "2025-07-14T19:23:25.028053+00:00", "symbol": "ADA-USD"}, {"trade_id": 143600268, "side": "sell", "size": "94.63646339", "price": "0.73110000", "time": "2025-07-14T19:22:02.589406Z", "fetched_at": "2025-07-14T19:23:25.028053+00:00", "symbol": "ADA-USD"}, {"trade_id": 143600267, "side": "sell", "size": "19.94088700", "price": "0.73100000", "time": "2025-07-14T19:21:58.549131Z", "fetched_at": "2025-07-14T19:23:25.028053+00:00", "symbol": "ADA-USD"}, {"trade_id": 143600266, "side": "sell", "size": "22.65668440", "price": "0.73110000", "time": "2025-07-14T19:21:57.060504Z", "fetched_at": "2025-07-14T19:23:25.028053+00:00", "symbol": "ADA-USD"}, {"trade_id": 143600265, "side": "sell", "size": "2.34331560", "price": "0.73100000", "time": "2025-07-14T19:21:57.060504Z", "fetched_at": "2025-07-14T19:23:25.028053+00:00", "symbol": "ADA-USD"}, {"trade_id": 143600264, "side": "buy", "size": "114.60299465", "price": "0.73080000", "time": "2025-07-14T19:21:55.774039Z", "fetched_at": "2025-07-14T19:23:25.028053+00:00", "symbol": "ADA-USD"}, {"trade_id": 143600263, "side": "buy", "size": "1.60000000", "price": "0.73080000", "time": "2025-07-14T19:21:55.774039Z", "fetched_at": "2025-07-14T19:23:25.028053+00:00", "symbol": "ADA-USD"}, {"trade_id": 143600262, "side": "buy", "size": "126.99898000", "price": "0.73090000", "time": "2025-07-14T19:21:55.774039Z", "fetched_at": "2025-07-14T19:23:25.028053+00:00", "symbol": "ADA-USD"}, {"trade_id": 143600261, "side": "buy", "size": "46.19413704", "price": "0.73090000", "time": "2025-07-14T19:21:55.774039Z", "fetched_at": "2025-07-14T19:23:25.028053+00:00", "symbol": "ADA-USD"}, {"trade_id": 143600260, "side": "sell", "size": "10.17182259", "price": "0.73090000", "time": "2025-07-14T19:21:54.658040Z", "fetched_at": "2025-07-14T19:23:25.028053+00:00", "symbol": "ADA-USD"}, {"trade_id": 143600259, "side": "buy", "size": "685.20775861", "price": "0.73090000", "time": "2025-07-14T19:21:53.462409Z", "fetched_at": "2025-07-14T19:23:25.028053+00:00", "symbol": "ADA-USD"}, {"trade_id": 143600258, "side": "buy", "size": "12.36036457", "price": "0.73090000", "time": "2025-07-14T19:21:53.462409Z", "fetched_at": "2025-07-14T19:23:25.028053+00:00", "symbol": "ADA-USD"}, {"trade_id": 143600257, "side": "sell", "size": "119.70437000", "price": "0.73100000", "time": "2025-07-14T19:21:53.408236Z", "fetched_at": "2025-07-14T19:23:25.028053+00:00", "symbol": "ADA-USD"}, {"trade_id": 143600256, "side": "buy", "size": "683.99452804", "price": "0.73100000", "time": "2025-07-14T19:21:53.399161Z", "fetched_at": "2025-07-14T19:23:25.028053+00:00", "symbol": "ADA-USD"}, {"trade_id": 143600255, "side": "sell", "size": "643.89013767", "price": "0.73110000", "time": "2025-07-14T19:21:52.959901Z", "fetched_at": "2025-07-14T19:23:25.028053+00:00", "symbol": "ADA-USD"}, {"trade_id": 143600254, "side": "sell", "size": "1.60000000", "price": "0.73110000", "time": "2025-07-14T19:21:52.959901Z", "fetched_at": "2025-07-14T19:23:25.028053+00:00", "symbol": "ADA-USD"}, {"trade_id": 143600253, "side": "sell", "size": "95.65486746", "price": "0.73110000", "time": "2025-07-14T19:21:52.959901Z", "fetched_at": "2025-07-14T19:23:25.028053+00:00", "symbol": "ADA-USD"}, {"trade_id": 143600252, "side": "sell", "size": "1.60000000", "price": "0.73100000", "time": "2025-07-14T19:21:52.131627Z", "fetched_at": "2025-07-14T19:23:25.028053+00:00", "symbol": "ADA-USD"}, {"trade_id": 143600251, "side": "sell", "size": "3.02482370", "price": "0.73090000", "time": "2025-07-14T19:21:51.772963Z", "fetched_at": "2025-07-14T19:23:25.028053+00:00", "symbol": "ADA-USD"}, {"trade_id": 143600250, "side": "sell", "size": "255.76094306", "price": "0.73090000", "time": "2025-07-14T19:21:51.465516Z", "fetched_at": "2025-07-14T19:23:25.028053+00:00", "symbol": "ADA-USD"}, {"trade_id": 143600249, "side": "sell", "size": "315.48145313", "price": "0.73090000", "time": "2025-07-14T19:21:51.451605Z", "fetched_at": "2025-07-14T19:23:25.028053+00:00", "symbol": "ADA-USD"}, {"trade_id": 143600248, "side": "sell", "size": "266.20924458", "price": "0.73090000", "time": "2025-07-14T19:21:51.440450Z", "fetched_at": "2025-07-14T19:23:25.028053+00:00", "symbol": "ADA-USD"}, {"trade_id": 143600247, "side": "sell", "size": "83.11334840", "price": "0.73090000", "time": "2025-07-14T19:21:51.430125Z", "fetched_at": "2025-07-14T19:23:25.028053+00:00", "symbol": "ADA-USD"}, {"trade_id": 143600246, "side": "sell", "size": "918.25544236", "price": "0.73090000", "time": "2025-07-14T19:21:51.419005Z", "fetched_at": "2025-07-14T19:23:25.028053+00:00", "symbol": "ADA-USD"}, {"trade_id": 143600245, "side": "sell", "size": "10.99095114", "price": "0.73080000", "time": "2025-07-14T19:21:51.394335Z", "fetched_at": "2025-07-14T19:23:25.028053+00:00", "symbol": "ADA-USD"}, {"trade_id": 143600244, "side": "sell", "size": "877.93095783", "price": "0.73080000", "time": "2025-07-14T19:21:51.394335Z", "fetched_at": "2025-07-14T19:23:25.028053+00:00", "symbol": "ADA-USD"}, {"trade_id": 143600243, "side": "sell", "size": "5.19328957", "price": "0.73080000", "time": "2025-07-14T19:21:50.214462Z", "fetched_at": "2025-07-14T19:23:25.028053+00:00", "symbol": "ADA-USD"}, {"trade_id": 143600242, "side": "sell", "size": "8.35350843", "price": "0.73080000", "time": "2025-07-14T19:21:50.214462Z", "fetched_at": "2025-07-14T19:23:25.028053+00:00", "symbol": "ADA-USD"}, {"trade_id": 143600241, "side": "buy", "size": "65.69087284", "price": "0.73060000", "time": "2025-07-14T19:21:49.160342Z", "fetched_at": "2025-07-14T19:23:25.028053+00:00", "symbol": "ADA-USD"}, {"trade_id": 143600240, "side": "buy", "size": "2.71948416", "price": "0.73070000", "time": "2025-07-14T19:21:49.160342Z", "fetched_at": "2025-07-14T19:23:25.028053+00:00", "symbol": "ADA-USD"}, {"trade_id": 143600239, "side": "buy", "size": "218.04634048", "price": "0.73060000", "time": "2025-07-14T19:21:43.387910Z", "fetched_at": "2025-07-14T19:23:25.028053+00:00", "symbol": "ADA-USD"}, {"trade_id": 143600238, "side": "buy", "size": "1.60000000", "price": "0.73060000", "time": "2025-07-14T19:21:43.387910Z", "fetched_at": "2025-07-14T19:23:25.028053+00:00", "symbol": "ADA-USD"}, {"trade_id": 143600237, "side": "buy", "size": "50.00000000", "price": "0.73070000", "time": "2025-07-14T19:21:43.387910Z", "fetched_at": "2025-07-14T19:23:25.028053+00:00", "symbol": "ADA-USD"}, {"trade_id": 143600236, "side": "buy", "size": "5.01728973", "price": "0.73070000", "time": "2025-07-14T19:21:43.387910Z", "fetched_at": "2025-07-14T19:23:25.028053+00:00", "symbol": "ADA-USD"}, {"trade_id": 143600235, "side": "buy", "size": "61.69608579", "price": "0.73070000", "time": "2025-07-14T19:21:43.387910Z", "fetched_at": "2025-07-14T19:23:25.028053+00:00", "symbol": "ADA-USD"}, {"trade_id": 143600234, "side": "buy", "size": "12.36205592", "price": "0.73080000", "time": "2025-07-14T19:21:40.064180Z", "fetched_at": "2025-07-14T19:23:25.028053+00:00", "symbol": "ADA-USD"}, {"trade_id": 143600233, "side": "sell", "size": "329.72728671", "price": "0.73080000", "time": "2025-07-14T19:21:39.724251Z", "fetched_at": "2025-07-14T19:23:25.028053+00:00", "symbol": "ADA-USD"}, {"trade_id": 143600232, "side": "sell", "size": "98.04781513", "price": "0.73080000", "time": "2025-07-14T19:21:39.711817Z", "fetched_at": "2025-07-14T19:23:25.028053+00:00", "symbol": "ADA-USD"}, {"trade_id": 143600231, "side": "sell", "size": "571.31835738", "price": "0.73080000", "time": "2025-07-14T19:21:39.705836Z", "fetched_at": "2025-07-14T19:23:25.028053+00:00", "symbol": "ADA-USD"}, {"trade_id": 143600230, "side": "sell", "size": "701.15983972", "price": "0.73080000", "time": "2025-07-14T19:21:39.705836Z", "fetched_at": "2025-07-14T19:23:25.028053+00:00", "symbol": "ADA-USD"}, {"trade_id": 143600229, "side": "sell", "size": "2213.94827526", "price": "0.73080000", "time": "2025-07-14T19:21:39.705549Z", "fetched_at": "2025-07-14T19:23:25.028053+00:00", "symbol": "ADA-USD"}, {"trade_id": 143600228, "side": "sell", "size": "142.62492763", "price": "0.73080000", "time": "2025-07-14T19:21:39.697620Z", "fetched_at": "2025-07-14T19:23:25.028053+00:00", "symbol": "ADA-USD"}, {"trade_id": 143600227, "side": "sell", "size": "330.81537077", "price": "0.73080000", "time": "2025-07-14T19:21:39.649293Z", "fetched_at": "2025-07-14T19:23:25.028053+00:00", "symbol": "ADA-USD"}, {"trade_id": 143600226, "side": "sell", "size": "78.54074516", "price": "0.73080000", "time": "2025-07-14T19:21:39.638251Z", "fetched_at": "2025-07-14T19:23:25.028053+00:00", "symbol": "ADA-USD"}, {"trade_id": 143600225, "side": "sell", "size": "375.47523333", "price": "0.73080000", "time": "2025-07-14T19:21:39.626967Z", "fetched_at": "2025-07-14T19:23:25.028053+00:00", "symbol": "ADA-USD"}, {"trade_id": 143600224, "side": "sell", "size": "276.61972279", "price": "0.73080000", "time": "2025-07-14T19:21:39.573971Z", "fetched_at": "2025-07-14T19:23:25.028053+00:00", "symbol": "ADA-USD"}, {"trade_id": 143600223, "side": "sell", "size": "69.68375217", "price": "0.73080000", "time": "2025-07-14T19:21:39.562107Z", "fetched_at": "2025-07-14T19:23:25.028053+00:00", "symbol": "ADA-USD"}, {"trade_id": 143600222, "side": "sell", "size": "750.83213317", "price": "0.73080000", "time": "2025-07-14T19:21:39.552257Z", "fetched_at": "2025-07-14T19:23:25.028053+00:00", "symbol": "ADA-USD"}, {"trade_id": 143600221, "side": "sell", "size": "10.25205397", "price": "0.73080000", "time": "2025-07-14T19:21:39.552257Z", "fetched_at": "2025-07-14T19:23:25.028053+00:00", "symbol": "ADA-USD"}, {"trade_id": 143600220, "side": "buy", "size": "282.55503008", "price": "0.73070000", "time": "2025-07-14T19:21:35.265137Z", "fetched_at": "2025-07-14T19:23:25.028053+00:00", "symbol": "ADA-USD"}, {"trade_id": 143600219, "side": "buy", "size": "12.36205592", "price": "0.73080000", "time": "2025-07-14T19:21:35.265137Z", "fetched_at": "2025-07-14T19:23:25.028053+00:00", "symbol": "ADA-USD"}, {"trade_id": 143600218, "side": "sell", "size": "401.92652893", "price": "0.73090000", "time": "2025-07-14T19:21:32.924920Z", "fetched_at": "2025-07-14T19:23:25.028053+00:00", "symbol": "ADA-USD"}, {"trade_id": 143600217, "side": "sell", "size": "3045.49178981", "price": "0.73080000", "time": "2025-07-14T19:21:32.782488Z", "fetched_at": "2025-07-14T19:23:25.028053+00:00", "symbol": "ADA-USD"}, {"trade_id": 143600216, "side": "sell", "size": "1.60000000", "price": "0.73080000", "time": "2025-07-14T19:21:32.782488Z", "fetched_at": "2025-07-14T19:23:25.028053+00:00", "symbol": "ADA-USD"}, {"trade_id": 143600215, "side": "sell", "size": "26.59236500", "price": "0.73080000", "time": "2025-07-14T19:21:32.686905Z", "fetched_at": "2025-07-14T19:23:25.028053+00:00", "symbol": "ADA-USD"}, {"trade_id": 143600214, "side": "sell", "size": "8.18533075", "price": "0.73070000", "time": "2025-07-14T19:21:32.265131Z", "fetched_at": "2025-07-14T19:23:25.028053+00:00", "symbol": "ADA-USD"}, {"trade_id": 143600213, "side": "sell", "size": "761.63509444", "price": "0.73060000", "time": "2025-07-14T19:21:30.828627Z", "fetched_at": "2025-07-14T19:23:25.028053+00:00", "symbol": "ADA-USD"}, {"trade_id": 143600212, "side": "sell", "size": "12.36456808", "price": "0.73060000", "time": "2025-07-14T19:21:30.828627Z", "fetched_at": "2025-07-14T19:23:25.028053+00:00", "symbol": "ADA-USD"}, {"trade_id": 143600211, "side": "sell", "size": "704.58056704", "price": "0.73060000", "time": "2025-07-14T19:21:30.828627Z", "fetched_at": "2025-07-14T19:23:25.028053+00:00", "symbol": "ADA-USD"}, {"trade_id": 143600210, "side": "buy", "size": "11.00438779", "price": "0.73060000", "time": "2025-07-14T19:21:29.291854Z", "fetched_at": "2025-07-14T19:23:25.028053+00:00", "symbol": "ADA-USD"}, {"trade_id": 143600209, "side": "buy", "size": "9.96711200", "price": "0.73060000", "time": "2025-07-14T19:21:27.484903Z", "fetched_at": "2025-07-14T19:23:25.028053+00:00", "symbol": "ADA-USD"}, {"trade_id": 143600208, "side": "buy", "size": "1.60000000", "price": "0.73060000", "time": "2025-07-14T19:21:27.484903Z", "fetched_at": "2025-07-14T19:23:25.028053+00:00", "symbol": "ADA-USD"}, {"trade_id": 143600207, "side": "sell", "size": "5.64965048", "price": "0.73070000", "time": "2025-07-14T19:21:26.439192Z", "fetched_at": "2025-07-14T19:23:25.028053+00:00", "symbol": "ADA-USD"}, {"trade_id": 143600206, "side": "sell", "size": "2.42248593", "price": "0.73070000", "time": "2025-07-14T19:21:26.439192Z", "fetched_at": "2025-07-14T19:23:25.028053+00:00", "symbol": "ADA-USD"}, {"trade_id": 143600205, "side": "sell", "size": "71.74115059", "price": "0.73070000", "time": "2025-07-14T19:21:26.439192Z", "fetched_at": "2025-07-14T19:23:25.028053+00:00", "symbol": "ADA-USD"}, {"trade_id": 143600204, "side": "sell", "size": "119.70437000", "price": "0.73070000", "time": "2025-07-14T19:21:26.439192Z", "fetched_at": "2025-07-14T19:23:25.028053+00:00", "symbol": "ADA-USD"}, {"trade_id": 143600203, "side": "sell", "size": "10.14517511", "price": "0.73080000", "time": "2025-07-14T19:21:24.811403Z", "fetched_at": "2025-07-14T19:23:25.028053+00:00", "symbol": "ADA-USD"}, {"trade_id": 143600202, "side": "sell", "size": "12.35770960", "price": "0.73070000", "time": "2025-07-14T19:21:23.975409Z", "fetched_at": "2025-07-14T19:23:25.028053+00:00", "symbol": "ADA-USD"}, {"trade_id": 143600201, "side": "sell", "size": "7.23206336", "price": "0.73070000", "time": "2025-07-14T19:21:23.975409Z", "fetched_at": "2025-07-14T19:23:25.028053+00:00", "symbol": "ADA-USD"}, {"trade_id": 143600200, "side": "sell", "size": "754.27607951", "price": "0.73070000", "time": "2025-07-14T19:21:23.964587Z", "fetched_at": "2025-07-14T19:23:25.028053+00:00", "symbol": "ADA-USD"}, {"trade_id": 143600199, "side": "sell", "size": "12.35770960", "price": "0.73070000", "time": "2025-07-14T19:21:23.964587Z", "fetched_at": "2025-07-14T19:23:25.028053+00:00", "symbol": "ADA-USD"}, {"trade_id": 143600198, "side": "sell", "size": "68.39945000", "price": "0.73070000", "time": "2025-07-14T19:21:20.337073Z", "fetched_at": "2025-07-14T19:23:25.028053+00:00", "symbol": "ADA-USD"}, {"trade_id": 143600197, "side": "buy", "size": "12.36205592", "price": "0.73080000", "time": "2025-07-14T19:21:20.327602Z", "fetched_at": "2025-07-14T19:23:25.028053+00:00", "symbol": "ADA-USD"}, {"trade_id": 143600196, "side": "buy", "size": "117.29963195", "price": "0.73080000", "time": "2025-07-14T19:21:20.327602Z", "fetched_at": "2025-07-14T19:23:25.028053+00:00", "symbol": "ADA-USD"}, {"trade_id": 143600195, "side": "buy", "size": "54.39018870", "price": "0.73090000", "time": "2025-07-14T19:21:20.178525Z", "fetched_at": "2025-07-14T19:23:25.028053+00:00", "symbol": "ADA-USD"}, {"trade_id": 143600194, "side": "buy", "size": "872.81235586", "price": "0.73090000", "time": "2025-07-14T19:21:20.178525Z", "fetched_at": "2025-07-14T19:23:25.028053+00:00", "symbol": "ADA-USD"}, {"trade_id": 143600193, "side": "buy", "size": "12.35867369", "price": "0.73100000", "time": "2025-07-14T19:21:20.178525Z", "fetched_at": "2025-07-14T19:23:25.028053+00:00", "symbol": "ADA-USD"}, {"trade_id": 143600192, "side": "buy", "size": "12.35698326", "price": "0.73110000", "time": "2025-07-14T19:21:20.058650Z", "fetched_at": "2025-07-14T19:23:25.028053+00:00", "symbol": "ADA-USD"}, {"trade_id": 143600191, "side": "buy", "size": "690.11653434", "price": "0.73110000", "time": "2025-07-14T19:21:20.058650Z", "fetched_at": "2025-07-14T19:23:25.028053+00:00", "symbol": "ADA-USD"}, {"trade_id": 143600190, "side": "buy", "size": "135.25550700", "price": "0.73110000", "time": "2025-07-14T19:21:17.591636Z", "fetched_at": "2025-07-14T19:23:25.028053+00:00", "symbol": "ADA-USD"}, {"trade_id": 143600189, "side": "buy", "size": "126.99898000", "price": "0.73110000", "time": "2025-07-14T19:21:17.591636Z", "fetched_at": "2025-07-14T19:23:25.028053+00:00", "symbol": "ADA-USD"}, {"trade_id": 143600188, "side": "sell", "size": "1.60000000", "price": "0.73110000", "time": "2025-07-14T19:21:16.765569Z", "fetched_at": "2025-07-14T19:23:25.028053+00:00", "symbol": "ADA-USD"}, {"trade_id": 143600187, "side": "sell", "size": "1.60000000", "price": "0.73100000", "time": "2025-07-14T19:21:16.504867Z", "fetched_at": "2025-07-14T19:23:25.028053+00:00", "symbol": "ADA-USD"}, {"trade_id": 143600186, "side": "sell", "size": "1.60000000", "price": "0.73090000", "time": "2025-07-14T19:21:16.370402Z", "fetched_at": "2025-07-14T19:23:25.028053+00:00", "symbol": "ADA-USD"}, {"trade_id": 143600185, "side": "sell", "size": "1.60000000", "price": "0.73080000", "time": "2025-07-14T19:21:16.304437Z", "fetched_at": "2025-07-14T19:23:25.028053+00:00", "symbol": "ADA-USD"}, {"trade_id": 143600184, "side": "sell", "size": "93.18059168", "price": "0.73080000", "time": "2025-07-14T19:21:16.304437Z", "fetched_at": "2025-07-14T19:23:25.028053+00:00", "symbol": "ADA-USD"}, {"trade_id": 143600183, "side": "sell", "size": "709.52511957", "price": "0.73080000", "time": "2025-07-14T19:21:16.304437Z", "fetched_at": "2025-07-14T19:23:25.028053+00:00", "symbol": "ADA-USD"}, {"trade_id": 143600182, "side": "buy", "size": "34.21017700", "price": "0.73070000", "time": "2025-07-14T19:21:12.894590Z", "fetched_at": "2025-07-14T19:23:25.028053+00:00", "symbol": "ADA-USD"}, {"trade_id": 143600181, "side": "sell", "size": "33.24384200", "price": "0.73080000", "time": "2025-07-14T19:21:10.824607Z", "fetched_at": "2025-07-14T19:23:25.028053+00:00", "symbol": "ADA-USD"}, {"trade_id": 143600180, "side": "sell", "size": "18.61883262", "price": "0.73080000", "time": "2025-07-14T19:21:09.619722Z", "fetched_at": "2025-07-14T19:23:25.028053+00:00", "symbol": "ADA-USD"}, {"trade_id": 143600179, "side": "sell", "size": "7.97353238", "price": "0.73070000", "time": "2025-07-14T19:21:09.619722Z", "fetched_at": "2025-07-14T19:23:25.028053+00:00", "symbol": "ADA-USD"}, {"trade_id": 143600178, "side": "sell", "size": "6.08291147", "price": "0.73060000", "time": "2025-07-14T19:21:02.275298Z", "fetched_at": "2025-07-14T19:23:25.028053+00:00", "symbol": "ADA-USD"}, {"trade_id": 143600177, "side": "buy", "size": "1.60000000", "price": "0.73060000", "time": "2025-07-14T19:21:01.505713Z", "fetched_at": "2025-07-14T19:23:25.028053+00:00", "symbol": "ADA-USD"}, {"trade_id": 143600176, "side": "buy", "size": "0.00000112", "price": "0.73070000", "time": "2025-07-14T19:21:00.954258Z", "fetched_at": "2025-07-14T19:23:25.028053+00:00", "symbol": "ADA-USD"}, {"trade_id": 143600175, "side": "buy", "size": "72.54593000", "price": "0.73070000", "time": "2025-07-14T19:21:00.948389Z", "fetched_at": "2025-07-14T19:23:25.028053+00:00", "symbol": "ADA-USD"}, {"trade_id": 143600174, "side": "sell", "size": "2.60062900", "price": "0.73080000", "time": "2025-07-14T19:21:00.547480Z", "fetched_at": "2025-07-14T19:23:25.028053+00:00", "symbol": "ADA-USD"}, {"trade_id": 143600173, "side": "buy", "size": "52.22494300", "price": "0.73070000", "time": "2025-07-14T19:21:00.331690Z", "fetched_at": "2025-07-14T19:23:25.028053+00:00", "symbol": "ADA-USD"}, {"trade_id": 143600172, "side": "sell", "size": "761.44594964", "price": "0.73080000", "time": "2025-07-14T19:20:55.243977Z", "fetched_at": "2025-07-14T19:23:25.028053+00:00", "symbol": "ADA-USD"}, {"trade_id": 143600171, "side": "buy", "size": "100.00000000", "price": "0.73080000", "time": "2025-07-14T19:20:51.690355Z", "fetched_at": "2025-07-14T19:23:25.028053+00:00", "symbol": "ADA-USD"}, {"trade_id": 143600170, "side": "buy", "size": "1.60000000", "price": "0.73080000", "time": "2025-07-14T19:20:51.690355Z", "fetched_at": "2025-07-14T19:23:25.028053+00:00", "symbol": "ADA-USD"}, {"trade_id": 143600169, "side": "buy", "size": "110.15911943", "price": "0.73090000", "time": "2025-07-14T19:20:51.151474Z", "fetched_at": "2025-07-14T19:23:25.028053+00:00", "symbol": "ADA-USD"}, {"trade_id": 143600168, "side": "buy", "size": "49.60871000", "price": "0.73090000", "time": "2025-07-14T19:20:51.144622Z", "fetched_at": "2025-07-14T19:23:25.028053+00:00", "symbol": "ADA-USD"}, {"trade_id": 143600167, "side": "buy", "size": "1.60000000", "price": "0.73090000", "time": "2025-07-14T19:20:51.144622Z", "fetched_at": "2025-07-14T19:23:25.028053+00:00", "symbol": "ADA-USD"}, {"trade_id": 143600166, "side": "buy", "size": "413.12265506", "price": "0.73090000", "time": "2025-07-14T19:20:50.996665Z", "fetched_at": "2025-07-14T19:23:25.028053+00:00", "symbol": "ADA-USD"}, {"trade_id": 143600165, "side": "buy", "size": "216.59309500", "price": "0.73090000", "time": "2025-07-14T19:20:50.996665Z", "fetched_at": "2025-07-14T19:23:25.028053+00:00", "symbol": "ADA-USD"}, {"trade_id": 143600164, "side": "buy", "size": "872.81235586", "price": "0.73090000", "time": "2025-07-14T19:20:50.996665Z", "fetched_at": "2025-07-14T19:23:25.028053+00:00", "symbol": "ADA-USD"}, {"trade_id": 143600163, "side": "buy", "size": "12.34195050", "price": "0.73100000", "time": "2025-07-14T19:20:50.996665Z", "fetched_at": "2025-07-14T19:23:25.028053+00:00", "symbol": "ADA-USD"}, {"trade_id": 143600162, "side": "sell", "size": "761.04130761", "price": "0.73110000", "time": "2025-07-14T19:20:50.296340Z", "fetched_at": "2025-07-14T19:23:25.028053+00:00", "symbol": "ADA-USD"}, {"trade_id": 143600161, "side": "sell", "size": "1.60000000", "price": "0.73110000", "time": "2025-07-14T19:20:50.296340Z", "fetched_at": "2025-07-14T19:23:25.028053+00:00", "symbol": "ADA-USD"}, {"trade_id": 143600160, "side": "sell", "size": "1.60000000", "price": "0.73100000", "time": "2025-07-14T19:20:48.468415Z", "fetched_at": "2025-07-14T19:23:25.028053+00:00", "symbol": "ADA-USD"}, {"trade_id": 143600159, "side": "sell", "size": "761.27910794", "price": "0.73090000", "time": "2025-07-14T19:20:47.654830Z", "fetched_at": "2025-07-14T19:23:25.028053+00:00", "symbol": "ADA-USD"}, {"trade_id": 143600158, "side": "sell", "size": "1.60000000", "price": "0.73090000", "time": "2025-07-14T19:20:47.654830Z", "fetched_at": "2025-07-14T19:23:25.028053+00:00", "symbol": "ADA-USD"}, {"trade_id": 143600157, "side": "sell", "size": "1.60000000", "price": "0.73080000", "time": "2025-07-14T19:20:44.179114Z", "fetched_at": "2025-07-14T19:23:25.028053+00:00", "symbol": "ADA-USD"}, {"trade_id": 143600156, "side": "sell", "size": "1.65511058", "price": "0.73070000", "time": "2025-07-14T19:20:43.416739Z", "fetched_at": "2025-07-14T19:23:25.028053+00:00", "symbol": "ADA-USD"}, {"trade_id": 143600155, "side": "sell", "size": "163.88373492", "price": "0.73070000", "time": "2025-07-14T19:20:43.416739Z", "fetched_at": "2025-07-14T19:23:25.028053+00:00", "symbol": "ADA-USD"}, {"trade_id": 143600154, "side": "sell", "size": "24.37177437", "price": "0.73070000", "time": "2025-07-14T19:20:42.918736Z", "fetched_at": "2025-07-14T19:23:25.028053+00:00", "symbol": "ADA-USD"}, {"trade_id": 143600153, "side": "sell", "size": "731.72505728", "price": "0.73070000", "time": "2025-07-14T19:20:42.907883Z", "fetched_at": "2025-07-14T19:23:25.028053+00:00", "symbol": "ADA-USD"}, {"trade_id": 143600152, "side": "sell", "size": "2.26977205", "price": "0.73070000", "time": "2025-07-14T19:20:42.907883Z", "fetched_at": "2025-07-14T19:23:25.028053+00:00", "symbol": "ADA-USD"}, {"trade_id": 143600151, "side": "sell", "size": "1.60000000", "price": "0.73070000", "time": "2025-07-14T19:20:42.907883Z", "fetched_at": "2025-07-14T19:23:25.028053+00:00", "symbol": "ADA-USD"}, {"trade_id": 143600150, "side": "sell", "size": "10.08638124", "price": "0.73060000", "time": "2025-07-14T19:20:37.589973Z", "fetched_at": "2025-07-14T19:23:25.028053+00:00", "symbol": "ADA-USD"}, {"trade_id": 143600149, "side": "sell", "size": "603.07952367", "price": "0.73060000", "time": "2025-07-14T19:20:37.589973Z", "fetched_at": "2025-07-14T19:23:25.028053+00:00", "symbol": "ADA-USD"}, {"trade_id": 143600148, "side": "sell", "size": "1.60000000", "price": "0.73060000", "time": "2025-07-14T19:20:37.589973Z", "fetched_at": "2025-07-14T19:23:25.028053+00:00", "symbol": "ADA-USD"}, {"trade_id": 143600147, "side": "buy", "size": "737.89213210", "price": "0.73030000", "time": "2025-07-14T19:20:36.915285Z", "fetched_at": "2025-07-14T19:23:25.028053+00:00", "symbol": "ADA-USD"}, {"trade_id": 143600146, "side": "buy", "size": "4974.60000000", "price": "0.73040000", "time": "2025-07-14T19:20:36.915285Z", "fetched_at": "2025-07-14T19:23:25.028053+00:00", "symbol": "ADA-USD"}, {"trade_id": 143600145, "side": "buy", "size": "684.55266758", "price": "0.73040000", "time": "2025-07-14T19:20:36.915285Z", "fetched_at": "2025-07-14T19:23:25.028053+00:00", "symbol": "ADA-USD"}, {"trade_id": 143600144, "side": "buy", "size": "1886.93924000", "price": "0.73040000", "time": "2025-07-14T19:20:36.915285Z", "fetched_at": "2025-07-14T19:23:25.028053+00:00", "symbol": "ADA-USD"}, {"trade_id": 143600143, "side": "buy", "size": "1888.01117000", "price": "0.73040000", "time": "2025-07-14T19:20:36.915285Z", "fetched_at": "2025-07-14T19:23:25.028053+00:00", "symbol": "ADA-USD"}, {"trade_id": 143600142, "side": "buy", "size": "1004.53572206", "price": "0.73040000", "time": "2025-07-14T19:20:36.915285Z", "fetched_at": "2025-07-14T19:23:25.028053+00:00", "symbol": "ADA-USD"}, {"trade_id": 143600141, "side": "buy", "size": "1021.02257551", "price": "0.73040000", "time": "2025-07-14T19:20:36.915285Z", "fetched_at": "2025-07-14T19:23:25.028053+00:00", "symbol": "ADA-USD"}, {"trade_id": 143600140, "side": "buy", "size": "872.81235586", "price": "0.73040000", "time": "2025-07-14T19:20:36.915285Z", "fetched_at": "2025-07-14T19:23:25.028053+00:00", "symbol": "ADA-USD"}, {"trade_id": 143600139, "side": "buy", "size": "310.50000000", "price": "0.73040000", "time": "2025-07-14T19:20:36.915285Z", "fetched_at": "2025-07-14T19:23:25.028053+00:00", "symbol": "ADA-USD"}, {"trade_id": 143600138, "side": "buy", "size": "2.87978515", "price": "0.73040000", "time": "2025-07-14T19:20:36.915285Z", "fetched_at": "2025-07-14T19:23:25.028053+00:00", "symbol": "ADA-USD"}, {"trade_id": 143600137, "side": "buy", "size": "12.36713274", "price": "0.73050000", "time": "2025-07-14T19:20:36.915285Z", "fetched_at": "2025-07-14T19:23:25.028053+00:00", "symbol": "ADA-USD"}, {"trade_id": 143600136, "side": "sell", "size": "761.74633812", "price": "0.73050000", "time": "2025-07-14T19:20:34.097392Z", "fetched_at": "2025-07-14T19:23:25.028053+00:00", "symbol": "ADA-USD"}, {"trade_id": 143600135, "side": "sell", "size": "7.85241077", "price": "0.73050000", "time": "2025-07-14T19:20:34.097392Z", "fetched_at": "2025-07-14T19:23:25.028053+00:00", "symbol": "ADA-USD"}, {"trade_id": 143600134, "side": "sell", "size": "1.60000000", "price": "0.73050000", "time": "2025-07-14T19:20:34.097392Z", "fetched_at": "2025-07-14T19:23:25.028053+00:00", "symbol": "ADA-USD"}, {"trade_id": 143600133, "side": "sell", "size": "12.37376829", "price": "0.73040000", "time": "2025-07-14T19:20:32.440174Z", "fetched_at": "2025-07-14T19:23:25.028053+00:00", "symbol": "ADA-USD"}, {"trade_id": 143600132, "side": "sell", "size": "172.39805585", "price": "0.73040000", "time": "2025-07-14T19:20:32.440174Z", "fetched_at": "2025-07-14T19:23:25.028053+00:00", "symbol": "ADA-USD"}, {"trade_id": 143600131, "side": "sell", "size": "998.40000000", "price": "0.73040000", "time": "2025-07-14T19:20:32.440137Z", "fetched_at": "2025-07-14T19:23:25.028053+00:00", "symbol": "ADA-USD"}, {"trade_id": 143600130, "side": "sell", "size": "1.60000000", "price": "0.73040000", "time": "2025-07-14T19:20:32.440137Z", "fetched_at": "2025-07-14T19:23:25.028053+00:00", "symbol": "ADA-USD"}, {"trade_id": 143600129, "side": "sell", "size": "12.37376986", "price": "0.73030000", "time": "2025-07-14T19:20:32.200106Z", "fetched_at": "2025-07-14T19:23:25.028053+00:00", "symbol": "ADA-USD"}, {"trade_id": 143600128, "side": "sell", "size": "352.80323154", "price": "0.73030000", "time": "2025-07-14T19:20:28.280896Z", "fetched_at": "2025-07-14T19:23:25.028053+00:00", "symbol": "ADA-USD"}, {"trade_id": 143600127, "side": "sell", "size": "1.60000000", "price": "0.73030000", "time": "2025-07-14T19:20:28.280896Z", "fetched_at": "2025-07-14T19:23:25.028053+00:00", "symbol": "ADA-USD"}, {"trade_id": 143600126, "side": "sell", "size": "1.60000000", "price": "0.73020000", "time": "2025-07-14T19:20:23.150300Z", "fetched_at": "2025-07-14T19:23:25.028053+00:00", "symbol": "ADA-USD"}, {"trade_id": 143600125, "side": "sell", "size": "1.60000000", "price": "0.73010000", "time": "2025-07-14T19:20:22.895315Z", "fetched_at": "2025-07-14T19:23:25.028053+00:00", "symbol": "ADA-USD"}, {"trade_id": 143600124, "side": "sell", "size": "0.00000627", "price": "0.73000000", "time": "2025-07-14T19:20:22.895315Z", "fetched_at": "2025-07-14T19:23:25.028053+00:00", "symbol": "ADA-USD"}, {"trade_id": 143600123, "side": "sell", "size": "106.75535000", "price": "0.73000000", "time": "2025-07-14T19:20:22.788487Z", "fetched_at": "2025-07-14T19:23:25.028053+00:00", "symbol": "ADA-USD"}, {"trade_id": 143600122, "side": "sell", "size": "51.00306000", "price": "0.73000000", "time": "2025-07-14T19:20:22.682530Z", "fetched_at": "2025-07-14T19:23:25.028053+00:00", "symbol": "ADA-USD"}, {"trade_id": 143600121, "side": "sell", "size": "51.00306000", "price": "0.73000000", "time": "2025-07-14T19:20:22.675753Z", "fetched_at": "2025-07-14T19:23:25.028053+00:00", "symbol": "ADA-USD"}, {"trade_id": 143600120, "side": "sell", "size": "500.00000000", "price": "0.73000000", "time": "2025-07-14T19:20:22.670445Z", "fetched_at": "2025-07-14T19:23:25.028053+00:00", "symbol": "ADA-USD"}, {"trade_id": 143600119, "side": "sell", "size": "998.40000000", "price": "0.73000000", "time": "2025-07-14T19:20:22.670381Z", "fetched_at": "2025-07-14T19:23:25.028053+00:00", "symbol": "ADA-USD"}, {"trade_id": 143600118, "side": "sell", "size": "1.60000000", "price": "0.73000000", "time": "2025-07-14T19:20:22.670381Z", "fetched_at": "2025-07-14T19:23:25.028053+00:00", "symbol": "ADA-USD"}, {"trade_id": 143600117, "side": "sell", "size": "27.11982700", "price": "0.72980000", "time": "2025-07-14T19:20:20.123548Z", "fetched_at": "2025-07-14T19:23:25.028053+00:00", "symbol": "ADA-USD"}, {"trade_id": 143600116, "side": "sell", "size": "85.31878702", "price": "0.72980000", "time": "2025-07-14T19:20:19.722783Z", "fetched_at": "2025-07-14T19:23:25.028053+00:00", "symbol": "ADA-USD"}, {"trade_id": 143600115, "side": "sell", "size": "119.70437000", "price": "0.72980000", "time": "2025-07-14T19:20:19.722783Z", "fetched_at": "2025-07-14T19:23:25.028053+00:00", "symbol": "ADA-USD"}, {"trade_id": 143600114, "side": "buy", "size": "1.60000000", "price": "0.72970000", "time": "2025-07-14T19:20:19.356665Z", "fetched_at": "2025-07-14T19:23:25.028053+00:00", "symbol": "ADA-USD"}, {"trade_id": 143600113, "side": "buy", "size": "1.60000000", "price": "0.72980000", "time": "2025-07-14T19:20:19.126019Z", "fetched_at": "2025-07-14T19:23:25.028053+00:00", "symbol": "ADA-USD"}, {"trade_id": 143600112, "side": "buy", "size": "1890.97072000", "price": "0.72990000", "time": "2025-07-14T19:20:18.764151Z", "fetched_at": "2025-07-14T19:23:25.028053+00:00", "symbol": "ADA-USD"}, {"trade_id": 143600111, "side": "buy", "size": "310.50000000", "price": "0.72990000", "time": "2025-07-14T19:20:18.742111Z", "fetched_at": "2025-07-14T19:23:25.028053+00:00", "symbol": "ADA-USD"}, {"trade_id": 143600110, "side": "buy", "size": "6000.00000000", "price": "0.72990000", "time": "2025-07-14T19:20:18.742111Z", "fetched_at": "2025-07-14T19:23:25.028053+00:00", "symbol": "ADA-USD"}, {"trade_id": 143600109, "side": "buy", "size": "3.27170857", "price": "0.72990000", "time": "2025-07-14T19:20:18.742111Z", "fetched_at": "2025-07-14T19:23:25.028053+00:00", "symbol": "ADA-USD"}, {"trade_id": 143600108, "side": "buy", "size": "12.19184948", "price": "0.73000000", "time": "2025-07-14T19:20:18.740610Z", "fetched_at": "2025-07-14T19:23:25.028053+00:00", "symbol": "ADA-USD"}, {"trade_id": 143600107, "side": "buy", "size": "500.00000000", "price": "0.73000000", "time": "2025-07-14T19:20:18.740610Z", "fetched_at": "2025-07-14T19:23:25.028053+00:00", "symbol": "ADA-USD"}, {"trade_id": 143600106, "side": "buy", "size": "126.99898000", "price": "0.73000000", "time": "2025-07-14T19:20:18.740610Z", "fetched_at": "2025-07-14T19:23:25.028053+00:00", "symbol": "ADA-USD"}, {"trade_id": 143600105, "side": "buy", "size": "58.93010805", "price": "0.72990000", "time": "2025-07-14T19:20:18.648560Z", "fetched_at": "2025-07-14T19:23:25.028053+00:00", "symbol": "ADA-USD"}, {"trade_id": 143600104, "side": "buy", "size": "310.50000000", "price": "0.72990000", "time": "2025-07-14T19:20:18.648560Z", "fetched_at": "2025-07-14T19:23:25.028053+00:00", "symbol": "ADA-USD"}, {"trade_id": 143600103, "side": "buy", "size": "684.90796082", "price": "0.73000000", "time": "2025-07-14T19:20:18.642353Z", "fetched_at": "2025-07-14T19:23:25.028053+00:00", "symbol": "ADA-USD"}, {"trade_id": 143600102, "side": "buy", "size": "800.47074631", "price": "0.73000000", "time": "2025-07-14T19:20:18.635909Z", "fetched_at": "2025-07-14T19:23:25.028053+00:00", "symbol": "ADA-USD"}, {"trade_id": 143600101, "side": "buy", "size": "872.81235586", "price": "0.73000000", "time": "2025-07-14T19:20:18.635909Z", "fetched_at": "2025-07-14T19:23:25.028053+00:00", "symbol": "ADA-USD"}, {"trade_id": 143600100, "side": "buy", "size": "310.50000000", "price": "0.73000000", "time": "2025-07-14T19:20:18.635909Z", "fetched_at": "2025-07-14T19:23:25.028053+00:00", "symbol": "ADA-USD"}, {"trade_id": 143600099, "side": "buy", "size": "4.02671824", "price": "0.73000000", "time": "2025-07-14T19:20:18.635909Z", "fetched_at": "2025-07-14T19:23:25.028053+00:00", "symbol": "ADA-USD"}, {"trade_id": 143600098, "side": "buy", "size": "12.19017959", "price": "0.73010000", "time": "2025-07-14T19:20:18.635909Z", "fetched_at": "2025-07-14T19:23:25.028053+00:00", "symbol": "ADA-USD"}, {"trade_id": 143600097, "side": "sell", "size": "761.99616543", "price": "0.73020000", "time": "2025-07-14T19:20:17.454323Z", "fetched_at": "2025-07-14T19:23:25.028053+00:00", "symbol": "ADA-USD"}, {"trade_id": 143600096, "side": "sell", "size": "1.60000000", "price": "0.73020000", "time": "2025-07-14T19:20:17.454323Z", "fetched_at": "2025-07-14T19:23:25.028053+00:00", "symbol": "ADA-USD"}, {"trade_id": 143600095, "side": "sell", "size": "254.32097652", "price": "0.73020000", "time": "2025-07-14T19:20:17.454323Z", "fetched_at": "2025-07-14T19:23:25.028053+00:00", "symbol": "ADA-USD"}, {"trade_id": 143600094, "side": "sell", "size": "135.65360400", "price": "0.73020000", "time": "2025-07-14T19:20:16.840345Z", "fetched_at": "2025-07-14T19:23:25.028053+00:00", "symbol": "ADA-USD"}, {"trade_id": 143600093, "side": "sell", "size": "1.60000000", "price": "0.73010000", "time": "2025-07-14T19:20:15.605616Z", "fetched_at": "2025-07-14T19:23:25.028053+00:00", "symbol": "ADA-USD"}, {"trade_id": 143600092, "side": "sell", "size": "0.01410958", "price": "0.73000000", "time": "2025-07-14T19:20:15.542731Z", "fetched_at": "2025-07-14T19:23:25.028053+00:00", "symbol": "ADA-USD"}, {"trade_id": 143600091, "side": "sell", "size": "1.58624286", "price": "0.73000000", "time": "2025-07-14T19:20:15.542731Z", "fetched_at": "2025-07-14T19:23:25.028053+00:00", "symbol": "ADA-USD"}, {"trade_id": 143600090, "side": "sell", "size": "3890.97651862", "price": "0.73000000", "time": "2025-07-14T19:20:15.542731Z", "fetched_at": "2025-07-14T19:23:25.028053+00:00", "symbol": "ADA-USD"}, {"trade_id": 143600089, "side": "sell", "size": "500.00000000", "price": "0.73000000", "time": "2025-07-14T19:20:15.539719Z", "fetched_at": "2025-07-14T19:23:25.028053+00:00", "symbol": "ADA-USD"}, {"trade_id": 143600088, "side": "sell", "size": "116.54251000", "price": "0.73000000", "time": "2025-07-14T19:20:15.537811Z", "fetched_at": "2025-07-14T19:23:25.028053+00:00", "symbol": "ADA-USD"}, {"trade_id": 143600087, "side": "sell", "size": "1000.00000000", "price": "0.73000000", "time": "2025-07-14T19:20:15.534227Z", "fetched_at": "2025-07-14T19:23:25.028053+00:00", "symbol": "ADA-USD"}, {"trade_id": 143600086, "side": "sell", "size": "724.21538329", "price": "0.73000000", "time": "2025-07-14T19:20:15.533966Z", "fetched_at": "2025-07-14T19:23:25.028053+00:00", "symbol": "ADA-USD"}, {"trade_id": 143600085, "side": "sell", "size": "314.97091000", "price": "0.73000000", "time": "2025-07-14T19:20:15.531688Z", "fetched_at": "2025-07-14T19:23:25.028053+00:00", "symbol": "ADA-USD"}, {"trade_id": 143600084, "side": "sell", "size": "1415.75020000", "price": "0.73000000", "time": "2025-07-14T19:20:15.531619Z", "fetched_at": "2025-07-14T19:23:25.028053+00:00", "symbol": "ADA-USD"}, {"trade_id": 143600083, "side": "sell", "size": "4782.94735802", "price": "0.73000000", "time": "2025-07-14T19:20:15.529122Z", "fetched_at": "2025-07-14T19:23:25.028053+00:00", "symbol": "ADA-USD"}, {"trade_id": 143600082, "side": "sell", "size": "691.99679330", "price": "0.73000000", "time": "2025-07-14T19:20:15.527942Z", "fetched_at": "2025-07-14T19:23:25.028053+00:00", "symbol": "ADA-USD"}, {"trade_id": 143600081, "side": "sell", "size": "1202.50965031", "price": "0.73000000", "time": "2025-07-14T19:20:15.527878Z", "fetched_at": "2025-07-14T19:23:25.028053+00:00", "symbol": "ADA-USD"}, {"trade_id": 143600080, "side": "sell", "size": "2256.18903262", "price": "0.73000000", "time": "2025-07-14T19:20:15.527413Z", "fetched_at": "2025-07-14T19:23:25.028053+00:00", "symbol": "ADA-USD"}, {"trade_id": 143600079, "side": "sell", "size": "1.60000000", "price": "0.73000000", "time": "2025-07-14T19:20:15.527413Z", "fetched_at": "2025-07-14T19:23:25.028053+00:00", "symbol": "ADA-USD"}, {"trade_id": 143600078, "side": "sell", "size": "2.61648870", "price": "0.72980000", "time": "2025-07-14T19:20:13.724716Z", "fetched_at": "2025-07-14T19:23:25.028053+00:00", "symbol": "ADA-USD"}, {"trade_id": 143600077, "side": "sell", "size": "428.40023565", "price": "0.72980000", "time": "2025-07-14T19:20:13.724716Z", "fetched_at": "2025-07-14T19:23:25.028053+00:00", "symbol": "ADA-USD"}, {"trade_id": 143600076, "side": "sell", "size": "3359.57685300", "price": "0.72980000", "time": "2025-07-14T19:20:13.459237Z", "fetched_at": "2025-07-14T19:23:25.028053+00:00", "symbol": "ADA-USD"}, {"trade_id": 143600075, "side": "sell", "size": "75.57839424", "price": "0.72980000", "time": "2025-07-14T19:20:11.752709Z", "fetched_at": "2025-07-14T19:23:25.028053+00:00", "symbol": "ADA-USD"}, {"trade_id": 143600074, "side": "sell", "size": "94.17269644", "price": "0.72980000", "time": "2025-07-14T19:20:11.741794Z", "fetched_at": "2025-07-14T19:23:25.028053+00:00", "symbol": "ADA-USD"}, {"trade_id": 143600073, "side": "sell", "size": "235.46498813", "price": "0.72980000", "time": "2025-07-14T19:20:11.730082Z", "fetched_at": "2025-07-14T19:23:25.028053+00:00", "symbol": "ADA-USD"}, {"trade_id": 143600072, "side": "sell", "size": "80.60829700", "price": "0.72980000", "time": "2025-07-14T19:20:11.705231Z", "fetched_at": "2025-07-14T19:23:25.028053+00:00", "symbol": "ADA-USD"}, {"trade_id": 143600071, "side": "sell", "size": "55.38607297", "price": "0.72980000", "time": "2025-07-14T19:20:11.681900Z", "fetched_at": "2025-07-14T19:23:25.028053+00:00", "symbol": "ADA-USD"}, {"trade_id": 143600070, "side": "sell", "size": "116.41966800", "price": "0.72980000", "time": "2025-07-14T19:20:11.663579Z", "fetched_at": "2025-07-14T19:23:25.028053+00:00", "symbol": "ADA-USD"}, {"trade_id": 143600069, "side": "sell", "size": "115.60489128", "price": "0.72980000", "time": "2025-07-14T19:20:11.646520Z", "fetched_at": "2025-07-14T19:23:25.028053+00:00", "symbol": "ADA-USD"}, {"trade_id": 143600068, "side": "sell", "size": "252.03789001", "price": "0.72980000", "time": "2025-07-14T19:20:11.629658Z", "fetched_at": "2025-07-14T19:23:25.028053+00:00", "symbol": "ADA-USD"}, {"trade_id": 143600067, "side": "sell", "size": "88.54859396", "price": "0.72980000", "time": "2025-07-14T19:20:11.592929Z", "fetched_at": "2025-07-14T19:23:25.028053+00:00", "symbol": "ADA-USD"}, {"trade_id": 143600066, "side": "sell", "size": "118.11990867", "price": "0.72980000", "time": "2025-07-14T19:20:11.579957Z", "fetched_at": "2025-07-14T19:23:25.028053+00:00", "symbol": "ADA-USD"}, {"trade_id": 143600065, "side": "sell", "size": "71.89704778", "price": "0.72980000", "time": "2025-07-14T19:20:11.562715Z", "fetched_at": "2025-07-14T19:23:25.028053+00:00", "symbol": "ADA-USD"}, {"trade_id": 143600064, "side": "sell", "size": "91.29263414", "price": "0.72980000", "time": "2025-07-14T19:20:11.552525Z", "fetched_at": "2025-07-14T19:23:25.028053+00:00", "symbol": "ADA-USD"}, {"trade_id": 143600063, "side": "sell", "size": "152.88264813", "price": "0.72980000", "time": "2025-07-14T19:20:11.538810Z", "fetched_at": "2025-07-14T19:23:25.028053+00:00", "symbol": "ADA-USD"}, {"trade_id": 143600062, "side": "sell", "size": "0.00010353", "price": "0.72980000", "time": "2025-07-14T19:20:11.538810Z", "fetched_at": "2025-07-14T19:23:25.028053+00:00", "symbol": "ADA-USD"}, {"trade_id": 143600061, "side": "sell", "size": "8.06840565", "price": "0.72980000", "time": "2025-07-14T19:20:11.520296Z", "fetched_at": "2025-07-14T19:23:25.028053+00:00", "symbol": "ADA-USD"}, {"trade_id": 143600060, "side": "sell", "size": "1370.68149435", "price": "0.72980000", "time": "2025-07-14T19:20:11.520296Z", "fetched_at": "2025-07-14T19:23:25.028053+00:00", "symbol": "ADA-USD"}, {"trade_id": 143600059, "side": "sell", "size": "916.61557333", "price": "0.72980000", "time": "2025-07-14T19:20:11.516601Z", "fetched_at": "2025-07-14T19:23:25.028053+00:00", "symbol": "ADA-USD"}, {"trade_id": 143600058, "side": "sell", "size": "179.55656000", "price": "0.72980000", "time": "2025-07-14T19:20:08.979289Z", "fetched_at": "2025-07-14T19:23:25.028053+00:00", "symbol": "ADA-USD"}, {"trade_id": 143600057, "side": "buy", "size": "11.04357693", "price": "0.72980000", "time": "2025-07-14T19:20:08.974195Z", "fetched_at": "2025-07-14T19:23:25.028053+00:00", "symbol": "ADA-USD"}, {"trade_id": 143600056, "side": "buy", "size": "1.60000000", "price": "0.72980000", "time": "2025-07-14T19:20:08.974195Z", "fetched_at": "2025-07-14T19:23:25.028053+00:00", "symbol": "ADA-USD"}, {"trade_id": 143600055, "side": "buy", "size": "2293.21679350", "price": "0.72980000", "time": "2025-07-14T19:20:08.974195Z", "fetched_at": "2025-07-14T19:23:25.028053+00:00", "symbol": "ADA-USD"}, {"trade_id": 143600054, "side": "buy", "size": "872.81235586", "price": "0.72980000", "time": "2025-07-14T19:20:08.974195Z", "fetched_at": "2025-07-14T19:23:25.028053+00:00", "symbol": "ADA-USD"}, {"trade_id": 143600053, "side": "buy", "size": "7.15861021", "price": "0.72990000", "time": "2025-07-14T19:20:08.974195Z", "fetched_at": "2025-07-14T19:23:25.028053+00:00", "symbol": "ADA-USD"}, {"trade_id": 143600052, "side": "sell", "size": "1.01712300", "price": "0.73010000", "time": "2025-07-14T19:19:57.214127Z", "fetched_at": "2025-07-14T19:23:25.028053+00:00", "symbol": "ADA-USD"}, {"trade_id": 143600051, "side": "sell", "size": "2.30049803", "price": "0.73000000", "time": "2025-07-14T19:19:55.957458Z", "fetched_at": "2025-07-14T19:23:25.028053+00:00", "symbol": "ADA-USD"}, {"trade_id": 143600050, "side": "sell", "size": "7.40777795", "price": "0.73000000", "time": "2025-07-14T19:19:54.826966Z", "fetched_at": "2025-07-14T19:23:25.028053+00:00", "symbol": "ADA-USD"}, {"trade_id": 143600049, "side": "buy", "size": "354.41792978", "price": "0.72980000", "time": "2025-07-14T19:19:54.566429Z", "fetched_at": "2025-07-14T19:23:25.028053+00:00", "symbol": "ADA-USD"}, {"trade_id": 143600048, "side": "buy", "size": "685.10802138", "price": "0.72980000", "time": "2025-07-14T19:19:54.566429Z", "fetched_at": "2025-07-14T19:23:25.028053+00:00", "symbol": "ADA-USD"}, {"trade_id": 143600047, "side": "buy", "size": "585.41821354", "price": "0.72980000", "time": "2025-07-14T19:19:54.566429Z", "fetched_at": "2025-07-14T19:23:25.028053+00:00", "symbol": "ADA-USD"}, {"trade_id": 143600046, "side": "buy", "size": "1.60000000", "price": "0.72980000", "time": "2025-07-14T19:19:54.566429Z", "fetched_at": "2025-07-14T19:23:25.028053+00:00", "symbol": "ADA-USD"}, {"trade_id": 143600045, "side": "buy", "size": "872.81235586", "price": "0.72980000", "time": "2025-07-14T19:19:54.566429Z", "fetched_at": "2025-07-14T19:23:25.028053+00:00", "symbol": "ADA-USD"}, {"trade_id": 143600044, "side": "buy", "size": "246.75542700", "price": "0.72980000", "time": "2025-07-14T19:19:54.566429Z", "fetched_at": "2025-07-14T19:23:25.028053+00:00", "symbol": "ADA-USD"}, {"trade_id": 143600043, "side": "buy", "size": "12.19351983", "price": "0.72990000", "time": "2025-07-14T19:19:54.566429Z", "fetched_at": "2025-07-14T19:23:25.028053+00:00", "symbol": "ADA-USD"}, {"trade_id": 143600042, "side": "buy", "size": "9.54481361", "price": "0.72990000", "time": "2025-07-14T19:19:54.566429Z", "fetched_at": "2025-07-14T19:23:25.028053+00:00", "symbol": "ADA-USD"}, {"trade_id": 143600041, "side": "sell", "size": "1221.99473805", "price": "0.73010000", "time": "2025-07-14T19:19:50.674364Z", "fetched_at": "2025-07-14T19:23:25.028053+00:00", "symbol": "ADA-USD"}, {"trade_id": 143600040, "side": "sell", "size": "133.13933400", "price": "0.73010000", "time": "2025-07-14T19:19:50.450070Z", "fetched_at": "2025-07-14T19:23:25.028053+00:00", "symbol": "ADA-USD"}, {"trade_id": 143600039, "side": "sell", "size": "1.57714841", "price": "0.73000000", "time": "2025-07-14T19:19:50.226492Z", "fetched_at": "2025-07-14T19:23:25.028053+00:00", "symbol": "ADA-USD"}, {"trade_id": 143600038, "side": "sell", "size": "655.55598823", "price": "0.72990000", "time": "2025-07-14T19:19:49.911647Z", "fetched_at": "2025-07-14T19:23:25.028053+00:00", "symbol": "ADA-USD"}, {"trade_id": 143600037, "side": "sell", "size": "4286.04401177", "price": "0.72990000", "time": "2025-07-14T19:19:49.909781Z", "fetched_at": "2025-07-14T19:23:25.028053+00:00", "symbol": "ADA-USD"}, {"trade_id": 143600036, "side": "sell", "size": "2.44608650", "price": "0.72990000", "time": "2025-07-14T19:19:49.909781Z", "fetched_at": "2025-07-14T19:23:25.028053+00:00", "symbol": "ADA-USD"}, {"trade_id": 143600035, "side": "buy", "size": "63.74457300", "price": "0.72980000", "time": "2025-07-14T19:19:49.525226Z", "fetched_at": "2025-07-14T19:23:25.028053+00:00", "symbol": "ADA-USD"}, {"trade_id": 143600034, "side": "buy", "size": "1.60000000", "price": "0.72980000", "time": "2025-07-14T19:19:49.525226Z", "fetched_at": "2025-07-14T19:23:25.028053+00:00", "symbol": "ADA-USD"}, {"trade_id": 143600033, "side": "buy", "size": "49.71014400", "price": "0.72990000", "time": "2025-07-14T19:19:48.405846Z", "fetched_at": "2025-07-14T19:23:25.028053+00:00", "symbol": "ADA-USD"}, {"trade_id": 143600032, "side": "buy", "size": "51.00306000", "price": "0.72990000", "time": "2025-07-14T19:19:48.404411Z", "fetched_at": "2025-07-14T19:23:25.028053+00:00", "symbol": "ADA-USD"}, {"trade_id": 143600031, "side": "buy", "size": "1.61134800", "price": "0.72990000", "time": "2025-07-14T19:19:48.403428Z", "fetched_at": "2025-07-14T19:23:25.028053+00:00", "symbol": "ADA-USD"}, {"trade_id": 143600030, "side": "buy", "size": "102.32455200", "price": "0.72990000", "time": "2025-07-14T19:19:48.403428Z", "fetched_at": "2025-07-14T19:23:25.028053+00:00", "symbol": "ADA-USD"}, {"trade_id": 143600029, "side": "sell", "size": "92.20676302", "price": "0.73000000", "time": "2025-07-14T19:19:48.292764Z", "fetched_at": "2025-07-14T19:23:25.028053+00:00", "symbol": "ADA-USD"}, {"trade_id": 143600028, "side": "sell", "size": "3.36447498", "price": "0.73000000", "time": "2025-07-14T19:19:48.292764Z", "fetched_at": "2025-07-14T19:23:25.028053+00:00", "symbol": "ADA-USD"}, {"trade_id": 143600027, "side": "sell", "size": "119.70437000", "price": "0.73000000", "time": "2025-07-14T19:19:48.292764Z", "fetched_at": "2025-07-14T19:23:25.028053+00:00", "symbol": "ADA-USD"}, {"trade_id": 143600026, "side": "sell", "size": "51.00306000", "price": "0.73000000", "time": "2025-07-14T19:19:48.292764Z", "fetched_at": "2025-07-14T19:23:25.028053+00:00", "symbol": "ADA-USD"}, {"trade_id": 143600025, "side": "buy", "size": "765.26077000", "price": "0.73000000", "time": "2025-07-14T19:19:48.138668Z", "fetched_at": "2025-07-14T19:23:25.028053+00:00", "symbol": "ADA-USD"}, {"trade_id": 143600024, "side": "sell", "size": "9.95636779", "price": "0.73000000", "time": "2025-07-14T19:19:45.810710Z", "fetched_at": "2025-07-14T19:23:25.028053+00:00", "symbol": "ADA-USD"}, {"trade_id": 143600023, "side": "sell", "size": "169.21368853", "price": "0.73010000", "time": "2025-07-14T19:19:45.511642Z", "fetched_at": "2025-07-14T19:23:25.028053+00:00", "symbol": "ADA-USD"}, {"trade_id": 143600022, "side": "sell", "size": "12.19263464", "price": "0.73000000", "time": "2025-07-14T19:19:45.511642Z", "fetched_at": "2025-07-14T19:23:25.028053+00:00", "symbol": "ADA-USD"}, {"trade_id": 143600021, "side": "sell", "size": "159.55889783", "price": "0.73000000", "time": "2025-07-14T19:19:45.511642Z", "fetched_at": "2025-07-14T19:23:25.028053+00:00", "symbol": "ADA-USD"}, {"trade_id": 143600020, "side": "sell", "size": "102.32404050", "price": "0.73000000", "time": "2025-07-14T19:19:44.872801Z", "fetched_at": "2025-07-14T19:23:25.028053+00:00", "symbol": "ADA-USD"}, {"trade_id": 143600019, "side": "sell", "size": "100.23830248", "price": "0.73000000", "time": "2025-07-14T19:19:44.024923Z", "fetched_at": "2025-07-14T19:23:25.028053+00:00", "symbol": "ADA-USD"}, {"trade_id": 143600018, "side": "sell", "size": "2.08573802", "price": "0.73000000", "time": "2025-07-14T19:19:44.024923Z", "fetched_at": "2025-07-14T19:23:25.028053+00:00", "symbol": "ADA-USD"}, {"trade_id": 143600017, "side": "sell", "size": "29.85400661", "price": "0.72990000", "time": "2025-07-14T19:19:42.020637Z", "fetched_at": "2025-07-14T19:23:25.028053+00:00", "symbol": "ADA-USD"}, {"trade_id": 143600016, "side": "sell", "size": "89.83209177", "price": "0.72990000", "time": "2025-07-14T19:19:42.008183Z", "fetched_at": "2025-07-14T19:23:25.028053+00:00", "symbol": "ADA-USD"}, {"trade_id": 143600015, "side": "sell", "size": "29.17381346", "price": "0.72990000", "time": "2025-07-14T19:19:41.995396Z", "fetched_at": "2025-07-14T19:23:25.028053+00:00", "symbol": "ADA-USD"}, {"trade_id": 143600014, "side": "sell", "size": "350.14008816", "price": "0.72990000", "time": "2025-07-14T19:19:41.976923Z", "fetched_at": "2025-07-14T19:23:25.028053+00:00", "symbol": "ADA-USD"}, {"trade_id": 143600013, "side": "sell", "size": "315.42775531", "price": "0.72990000", "time": "2025-07-14T19:19:41.923861Z", "fetched_at": "2025-07-14T19:23:25.028053+00:00", "symbol": "ADA-USD"}, {"trade_id": 143600012, "side": "sell", "size": "151.78497280", "price": "0.72990000", "time": "2025-07-14T19:19:41.896230Z", "fetched_at": "2025-07-14T19:23:25.028053+00:00", "symbol": "ADA-USD"}, {"trade_id": 143600011, "side": "sell", "size": "69.29894081", "price": "0.72990000", "time": "2025-07-14T19:19:41.876048Z", "fetched_at": "2025-07-14T19:23:25.028053+00:00", "symbol": "ADA-USD"}, {"trade_id": 143600010, "side": "sell", "size": "159.76442987", "price": "0.72990000", "time": "2025-07-14T19:19:41.866139Z", "fetched_at": "2025-07-14T19:23:25.028053+00:00", "symbol": "ADA-USD"}, {"trade_id": 143600009, "side": "sell", "size": "169.10555353", "price": "0.72990000", "time": "2025-07-14T19:19:41.829989Z", "fetched_at": "2025-07-14T19:23:25.028053+00:00", "symbol": "ADA-USD"}, {"trade_id": 143600008, "side": "sell", "size": "119.27684014", "price": "0.72990000", "time": "2025-07-14T19:19:41.805287Z", "fetched_at": "2025-07-14T19:23:25.028053+00:00", "symbol": "ADA-USD"}, {"trade_id": 143600007, "side": "sell", "size": "221.56791606", "price": "0.72990000", "time": "2025-07-14T19:19:41.787963Z", "fetched_at": "2025-07-14T19:23:25.028053+00:00", "symbol": "ADA-USD"}, {"trade_id": 143600006, "side": "sell", "size": "689.23990381", "price": "0.72990000", "time": "2025-07-14T19:19:41.777657Z", "fetched_at": "2025-07-14T19:23:25.028053+00:00", "symbol": "ADA-USD"}, {"trade_id": 143600005, "side": "sell", "size": "170.01308902", "price": "0.72990000", "time": "2025-07-14T19:19:41.201657Z", "fetched_at": "2025-07-14T19:23:25.028053+00:00", "symbol": "ADA-USD"}, {"trade_id": 143600004, "side": "sell", "size": "4.12869498", "price": "0.72990000", "time": "2025-07-14T19:19:41.201657Z", "fetched_at": "2025-07-14T19:23:25.028053+00:00", "symbol": "ADA-USD"}, {"trade_id": 143600003, "side": "buy", "size": "8.00384200", "price": "0.73000000", "time": "2025-07-14T19:19:36.136855Z", "fetched_at": "2025-07-14T19:23:25.028053+00:00", "symbol": "ADA-USD"}, {"trade_id": 143600002, "side": "sell", "size": "679.20000000", "price": "0.73010000", "time": "2025-07-14T19:19:34.261637Z", "fetched_at": "2025-07-14T19:23:25.028053+00:00", "symbol": "ADA-USD"}, {"trade_id": 143600001, "side": "sell", "size": "4.56145888", "price": "0.73000000", "time": "2025-07-14T19:19:32.850671Z", "fetched_at": "2025-07-14T19:23:25.028053+00:00", "symbol": "ADA-USD"}, {"trade_id": 143600000, "side": "buy", "size": "596.43338313", "price": "0.72990000", "time": "2025-07-14T19:19:30.562617Z", "fetched_at": "2025-07-14T19:23:25.028053+00:00", "symbol": "ADA-USD"}, {"trade_id": 143599999, "side": "buy", "size": "872.81235586", "price": "0.72990000", "time": "2025-07-14T19:19:30.562617Z", "fetched_at": "2025-07-14T19:23:25.028053+00:00", "symbol": "ADA-USD"}, {"trade_id": 143599998, "side": "buy", "size": "500.00000000", "price": "0.72990000", "time": "2025-07-14T19:19:30.562617Z", "fetched_at": "2025-07-14T19:23:25.028053+00:00", "symbol": "ADA-USD"}, {"trade_id": 143599997, "side": "buy", "size": "12.72641814", "price": "0.72990000", "time": "2025-07-14T19:19:30.562617Z", "fetched_at": "2025-07-14T19:23:25.028053+00:00", "symbol": "ADA-USD"}, {"trade_id": 143599996, "side": "buy", "size": "757.37861687", "price": "0.73000000", "time": "2025-07-14T19:19:30.562617Z", "fetched_at": "2025-07-14T19:23:25.028053+00:00", "symbol": "ADA-USD"}, {"trade_id": 143599995, "side": "sell", "size": "9.02935660", "price": "0.73000000", "time": "2025-07-14T19:19:29.538119Z", "fetched_at": "2025-07-14T19:23:25.028053+00:00", "symbol": "ADA-USD"}, {"trade_id": 143599994, "side": "buy", "size": "1.60000000", "price": "0.72990000", "time": "2025-07-14T19:19:26.990359Z", "fetched_at": "2025-07-14T19:23:25.028053+00:00", "symbol": "ADA-USD"}, {"trade_id": 143599993, "side": "buy", "size": "1.60000000", "price": "0.73000000", "time": "2025-07-14T19:19:26.598399Z", "fetched_at": "2025-07-14T19:23:25.028053+00:00", "symbol": "ADA-USD"}, {"trade_id": 143599992, "side": "sell", "size": "1.35375400", "price": "0.73010000", "time": "2025-07-14T19:19:25.911140Z", "fetched_at": "2025-07-14T19:23:25.028053+00:00", "symbol": "ADA-USD"}, {"trade_id": 143599991, "side": "sell", "size": "78.87370195", "price": "0.73010000", "time": "2025-07-14T19:19:24.590959Z", "fetched_at": "2025-07-14T19:23:25.028053+00:00", "symbol": "ADA-USD"}, {"trade_id": 143599990, "side": "sell", "size": "102.11703818", "price": "0.73010000", "time": "2025-07-14T19:19:24.579482Z", "fetched_at": "2025-07-14T19:23:25.028053+00:00", "symbol": "ADA-USD"}, {"trade_id": 143599989, "side": "sell", "size": "762.08450897", "price": "0.73010000", "time": "2025-07-14T19:19:24.579482Z", "fetched_at": "2025-07-14T19:23:25.028053+00:00", "symbol": "ADA-USD"}, {"trade_id": 143599988, "side": "sell", "size": "12.18764903", "price": "0.73010000", "time": "2025-07-14T19:19:24.579482Z", "fetched_at": "2025-07-14T19:23:25.028053+00:00", "symbol": "ADA-USD"}, {"trade_id": 143599987, "side": "buy", "size": "0.10000000", "price": "0.73010000", "time": "2025-07-14T19:19:16.657803Z", "fetched_at": "2025-07-14T19:23:25.028053+00:00", "symbol": "ADA-USD"}, {"trade_id": 143599986, "side": "buy", "size": "1.60000000", "price": "0.73020000", "time": "2025-07-14T19:19:15.819675Z", "fetched_at": "2025-07-14T19:23:25.028053+00:00", "symbol": "ADA-USD"}, {"trade_id": 143599985, "side": "buy", "size": "2105.75046800", "price": "0.73030000", "time": "2025-07-14T19:19:14.614834Z", "fetched_at": "2025-07-14T19:23:25.028053+00:00", "symbol": "ADA-USD"}, {"trade_id": 143599984, "side": "buy", "size": "88.53070000", "price": "0.73030000", "time": "2025-07-14T19:19:14.436024Z", "fetched_at": "2025-07-14T19:23:25.028053+00:00", "symbol": "ADA-USD"}, {"trade_id": 143599983, "side": "buy", "size": "51.00306000", "price": "0.73030000", "time": "2025-07-14T19:19:14.381534Z", "fetched_at": "2025-07-14T19:23:25.028053+00:00", "symbol": "ADA-USD"}, {"trade_id": 143599982, "side": "buy", "size": "998.40000000", "price": "0.73030000", "time": "2025-07-14T19:19:14.377907Z", "fetched_at": "2025-07-14T19:23:25.028053+00:00", "symbol": "ADA-USD"}, {"trade_id": 143599981, "side": "buy", "size": "1.60000000", "price": "0.73030000", "time": "2025-07-14T19:19:14.377907Z", "fetched_at": "2025-07-14T19:23:25.028053+00:00", "symbol": "ADA-USD"}, {"trade_id": 143599980, "side": "buy", "size": "1.60000000", "price": "0.73040000", "time": "2025-07-14T19:19:14.143547Z", "fetched_at": "2025-07-14T19:23:25.028053+00:00", "symbol": "ADA-USD"}, {"trade_id": 143599979, "side": "buy", "size": "12.18350461", "price": "0.73050000", "time": "2025-07-14T19:19:13.442702Z", "fetched_at": "2025-07-14T19:23:25.028053+00:00", "symbol": "ADA-USD"}, {"trade_id": 143599978, "side": "buy", "size": "1.60000000", "price": "0.73050000", "time": "2025-07-14T19:19:13.442702Z", "fetched_at": "2025-07-14T19:23:25.028053+00:00", "symbol": "ADA-USD"}, {"trade_id": 143599977, "side": "buy", "size": "12.18183701", "price": "0.73060000", "time": "2025-07-14T19:19:13.395337Z", "fetched_at": "2025-07-14T19:23:25.028053+00:00", "symbol": "ADA-USD"}, {"trade_id": 143599976, "side": "buy", "size": "1.60000000", "price": "0.73060000", "time": "2025-07-14T19:19:13.395337Z", "fetched_at": "2025-07-14T19:23:25.028053+00:00", "symbol": "ADA-USD"}, {"trade_id": 143599975, "side": "buy", "size": "12.18016987", "price": "0.73070000", "time": "2025-07-14T19:19:13.257187Z", "fetched_at": "2025-07-14T19:23:25.028053+00:00", "symbol": "ADA-USD"}, {"trade_id": 143599974, "side": "buy", "size": "1.60000000", "price": "0.73070000", "time": "2025-07-14T19:19:13.257187Z", "fetched_at": "2025-07-14T19:23:25.028053+00:00", "symbol": "ADA-USD"}, {"trade_id": 143599973, "side": "buy", "size": "12.17850318", "price": "0.73080000", "time": "2025-07-14T19:19:13.150548Z", "fetched_at": "2025-07-14T19:23:25.028053+00:00", "symbol": "ADA-USD"}, {"trade_id": 143599972, "side": "buy", "size": "1.60000000", "price": "0.73080000", "time": "2025-07-14T19:19:13.150548Z", "fetched_at": "2025-07-14T19:23:25.028053+00:00", "symbol": "ADA-USD"}, {"trade_id": 143599971, "side": "buy", "size": "22.75713864", "price": "0.73080000", "time": "2025-07-14T19:19:13.150548Z", "fetched_at": "2025-07-14T19:23:25.028053+00:00", "symbol": "ADA-USD"}, {"trade_id": 143599970, "side": "buy", "size": "1.60000000", "price": "0.73090000", "time": "2025-07-14T19:19:13.096441Z", "fetched_at": "2025-07-14T19:23:25.028053+00:00", "symbol": "ADA-USD"}, {"trade_id": 143599969, "side": "buy", "size": "1.60000000", "price": "0.73100000", "time": "2025-07-14T19:19:13.030724Z", "fetched_at": "2025-07-14T19:23:25.028053+00:00", "symbol": "ADA-USD"}, {"trade_id": 143599968, "side": "buy", "size": "4934.00000000", "price": "0.73110000", "time": "2025-07-14T19:19:12.795434Z", "fetched_at": "2025-07-14T19:23:25.028053+00:00", "symbol": "ADA-USD"}, {"trade_id": 143599967, "side": "buy", "size": "1058.68909757", "price": "0.73110000", "time": "2025-07-14T19:19:12.795434Z", "fetched_at": "2025-07-14T19:23:25.028053+00:00", "symbol": "ADA-USD"}, {"trade_id": 143599966, "side": "buy", "size": "683.90097113", "price": "0.73110000", "time": "2025-07-14T19:19:12.795434Z", "fetched_at": "2025-07-14T19:23:25.028053+00:00", "symbol": "ADA-USD"}, {"trade_id": 143599965, "side": "buy", "size": "578.21093144", "price": "0.73110000", "time": "2025-07-14T19:19:12.795434Z", "fetched_at": "2025-07-14T19:23:25.028053+00:00", "symbol": "ADA-USD"}, {"trade_id": 143599964, "side": "buy", "size": "10.65467565", "price": "0.73110000", "time": "2025-07-14T19:19:12.795434Z", "fetched_at": "2025-07-14T19:23:25.028053+00:00", "symbol": "ADA-USD"}, {"trade_id": 143599963, "side": "buy", "size": "12.17184098", "price": "0.73120000", "time": "2025-07-14T19:19:12.795434Z", "fetched_at": "2025-07-14T19:23:25.028053+00:00", "symbol": "ADA-USD"}, {"trade_id": 143599962, "side": "sell", "size": "1.54827266", "price": "0.73130000", "time": "2025-07-14T19:19:11.575123Z", "fetched_at": "2025-07-14T19:23:25.028053+00:00", "symbol": "ADA-USD"}, {"trade_id": 143599961, "side": "sell", "size": "1190.47367701", "price": "0.73130000", "time": "2025-07-14T19:19:11.575123Z", "fetched_at": "2025-07-14T19:23:25.028053+00:00", "symbol": "ADA-USD"}, {"trade_id": 143599960, "side": "sell", "size": "2.52148736", "price": "0.73120000", "time": "2025-07-14T19:19:10.987355Z", "fetched_at": "2025-07-14T19:23:25.028053+00:00", "symbol": "ADA-USD"}, {"trade_id": 143599959, "side": "sell", "size": "55.53427300", "price": "0.73110000", "time": "2025-07-14T19:19:10.083346Z", "fetched_at": "2025-07-14T19:23:25.028053+00:00", "symbol": "ADA-USD"}, {"trade_id": 143599958, "side": "sell", "size": "0.00174000", "price": "0.73120000", "time": "2025-07-14T19:19:08.391300Z", "fetched_at": "2025-07-14T19:23:25.028053+00:00", "symbol": "ADA-USD"}, {"trade_id": 143599957, "side": "sell", "size": "0.00013676", "price": "0.73120000", "time": "2025-07-14T19:19:07.432486Z", "fetched_at": "2025-07-14T19:23:25.028053+00:00", "symbol": "ADA-USD"}, {"trade_id": 143599956, "side": "sell", "size": "1.60000000", "price": "0.73120000", "time": "2025-07-14T19:19:04.515778Z", "fetched_at": "2025-07-14T19:23:25.028053+00:00", "symbol": "ADA-USD"}, {"trade_id": 143599955, "side": "sell", "size": "2.20837020", "price": "0.73110000", "time": "2025-07-14T19:19:04.276358Z", "fetched_at": "2025-07-14T19:23:25.028053+00:00", "symbol": "ADA-USD"}, {"trade_id": 143599954, "side": "buy", "size": "109.31902542", "price": "0.73100000", "time": "2025-07-14T19:19:03.616007Z", "fetched_at": "2025-07-14T19:23:25.028053+00:00", "symbol": "ADA-USD"}, {"trade_id": 143599953, "side": "buy", "size": "2.15474037", "price": "0.73100000", "time": "2025-07-14T19:19:03.616007Z", "fetched_at": "2025-07-14T19:23:25.028053+00:00", "symbol": "ADA-USD"}, {"trade_id": 143599952, "side": "buy", "size": "14.20623421", "price": "0.73100000", "time": "2025-07-14T19:19:03.616007Z", "fetched_at": "2025-07-14T19:23:25.028053+00:00", "symbol": "ADA-USD"}, {"trade_id": 143599951, "side": "buy", "size": "234.26905700", "price": "0.73110000", "time": "2025-07-14T19:19:03.092963Z", "fetched_at": "2025-07-14T19:23:25.028053+00:00", "symbol": "ADA-USD"}, {"trade_id": 143599950, "side": "buy", "size": "126.99898000", "price": "0.73110000", "time": "2025-07-14T19:19:03.092963Z", "fetched_at": "2025-07-14T19:23:25.028053+00:00", "symbol": "ADA-USD"}, {"trade_id": 143599949, "side": "sell", "size": "331.47243879", "price": "0.73110000", "time": "2025-07-14T19:19:01.683645Z", "fetched_at": "2025-07-14T19:23:25.028053+00:00", "symbol": "ADA-USD"}, {"trade_id": 143599948, "side": "sell", "size": "2427.28262385", "price": "0.73100000", "time": "2025-07-14T19:19:01.463861Z", "fetched_at": "2025-07-14T19:23:25.028053+00:00", "symbol": "ADA-USD"}, {"trade_id": 143599947, "side": "sell", "size": "482.53208787", "price": "0.73100000", "time": "2025-07-14T19:19:01.463360Z", "fetched_at": "2025-07-14T19:23:25.028053+00:00", "symbol": "ADA-USD"}, {"trade_id": 143599946, "side": "sell", "size": "691.06547139", "price": "0.73100000", "time": "2025-07-14T19:19:01.461614Z", "fetched_at": "2025-07-14T19:23:25.028053+00:00", "symbol": "ADA-USD"}, {"trade_id": 143599945, "side": "sell", "size": "6.77432600", "price": "0.73110000", "time": "2025-07-14T19:18:58.893775Z", "fetched_at": "2025-07-14T19:23:25.028053+00:00", "symbol": "ADA-USD"}, {"trade_id": 143599944, "side": "sell", "size": "11.94865200", "price": "0.73110000", "time": "2025-07-14T19:18:57.810638Z", "fetched_at": "2025-07-14T19:23:25.028053+00:00", "symbol": "ADA-USD"}, {"trade_id": 143599943, "side": "sell", "size": "1.60000000", "price": "0.73110000", "time": "2025-07-14T19:18:57.810638Z", "fetched_at": "2025-07-14T19:23:25.028053+00:00", "symbol": "ADA-USD"}, {"trade_id": 143599942, "side": "sell", "size": "761.18823529", "price": "0.73100000", "time": "2025-07-14T19:18:57.320414Z", "fetched_at": "2025-07-14T19:23:25.028053+00:00", "symbol": "ADA-USD"}, {"trade_id": 143599941, "side": "sell", "size": "1.60000000", "price": "0.73100000", "time": "2025-07-14T19:18:57.320414Z", "fetched_at": "2025-07-14T19:23:25.028053+00:00", "symbol": "ADA-USD"}, {"trade_id": 143599940, "side": "sell", "size": "5.02759482", "price": "0.73090000", "time": "2025-07-14T19:18:55.534977Z", "fetched_at": "2025-07-14T19:23:25.028053+00:00", "symbol": "ADA-USD"}, {"trade_id": 143599939, "side": "sell", "size": "761.31208099", "price": "0.73090000", "time": "2025-07-14T19:18:55.534977Z", "fetched_at": "2025-07-14T19:23:25.028053+00:00", "symbol": "ADA-USD"}, {"trade_id": 143599938, "side": "sell", "size": "1.02999400", "price": "0.73090000", "time": "2025-07-14T19:18:55.534977Z", "fetched_at": "2025-07-14T19:23:25.028053+00:00", "symbol": "ADA-USD"}, {"trade_id": 143599937, "side": "sell", "size": "0.57000600", "price": "0.73090000", "time": "2025-07-14T19:18:53.512103Z", "fetched_at": "2025-07-14T19:23:25.028053+00:00", "symbol": "ADA-USD"}, {"trade_id": 143599936, "side": "sell", "size": "12.17928821", "price": "0.73080000", "time": "2025-07-14T19:18:50.318008Z", "fetched_at": "2025-07-14T19:23:25.028053+00:00", "symbol": "ADA-USD"}, {"trade_id": 143599935, "side": "sell", "size": "47.58329962", "price": "0.73080000", "time": "2025-07-14T19:18:50.318008Z", "fetched_at": "2025-07-14T19:23:25.028053+00:00", "symbol": "ADA-USD"}, {"trade_id": 143599934, "side": "sell", "size": "127.27930277", "price": "0.73080000", "time": "2025-07-14T19:18:50.314480Z", "fetched_at": "2025-07-14T19:23:25.028053+00:00", "symbol": "ADA-USD"}, {"trade_id": 143599933, "side": "sell", "size": "451.51901895", "price": "0.73080000", "time": "2025-07-14T19:18:50.296225Z", "fetched_at": "2025-07-14T19:23:25.028053+00:00", "symbol": "ADA-USD"}, {"trade_id": 143599932, "side": "sell", "size": "548.31682321", "price": "0.73080000", "time": "2025-07-14T19:18:50.159803Z", "fetched_at": "2025-07-14T19:23:25.028053+00:00", "symbol": "ADA-USD"}, {"trade_id": 143599931, "side": "sell", "size": "405.52860000", "price": "0.73080000", "time": "2025-07-14T19:18:50.152451Z", "fetched_at": "2025-07-14T19:23:25.028053+00:00", "symbol": "ADA-USD"}, {"trade_id": 143599930, "side": "sell", "size": "703.85820449", "price": "0.73080000", "time": "2025-07-14T19:18:50.148019Z", "fetched_at": "2025-07-14T19:23:25.028053+00:00", "symbol": "ADA-USD"}, {"trade_id": 143599929, "side": "buy", "size": "21.74814257", "price": "0.73060000", "time": "2025-07-14T19:18:49.262942Z", "fetched_at": "2025-07-14T19:23:25.028053+00:00", "symbol": "ADA-USD"}, {"trade_id": 143599928, "side": "buy", "size": "872.81235586", "price": "0.73060000", "time": "2025-07-14T19:18:49.262942Z", "fetched_at": "2025-07-14T19:23:25.028053+00:00", "symbol": "ADA-USD"}, {"trade_id": 143599927, "side": "buy", "size": "500.00000000", "price": "0.73060000", "time": "2025-07-14T19:18:49.262942Z", "fetched_at": "2025-07-14T19:23:25.028053+00:00", "symbol": "ADA-USD"}, {"trade_id": 143599926, "side": "buy", "size": "310.50000000", "price": "0.73060000", "time": "2025-07-14T19:18:49.262942Z", "fetched_at": "2025-07-14T19:23:25.028053+00:00", "symbol": "ADA-USD"}, {"trade_id": 143599925, "side": "buy", "size": "1.60000000", "price": "0.73060000", "time": "2025-07-14T19:18:49.262942Z", "fetched_at": "2025-07-14T19:23:25.028053+00:00", "symbol": "ADA-USD"}, {"trade_id": 143599924, "side": "buy", "size": "500.00000000", "price": "0.73070000", "time": "2025-07-14T19:18:49.262942Z", "fetched_at": "2025-07-14T19:23:25.028053+00:00", "symbol": "ADA-USD"}, {"trade_id": 143599923, "side": "buy", "size": "51.00306000", "price": "0.73070000", "time": "2025-07-14T19:18:49.262942Z", "fetched_at": "2025-07-14T19:23:25.028053+00:00", "symbol": "ADA-USD"}, {"trade_id": 143599922, "side": "buy", "size": "6.32396855", "price": "0.73070000", "time": "2025-07-14T19:18:49.262942Z", "fetched_at": "2025-07-14T19:23:25.028053+00:00", "symbol": "ADA-USD"}, {"trade_id": 143599921, "side": "buy", "size": "50.00000000", "price": "0.73070000", "time": "2025-07-14T19:18:49.262942Z", "fetched_at": "2025-07-14T19:23:25.028053+00:00", "symbol": "ADA-USD"}, {"trade_id": 143599920, "side": "buy", "size": "310.50000000", "price": "0.73070000", "time": "2025-07-14T19:18:49.262942Z", "fetched_at": "2025-07-14T19:23:25.028053+00:00", "symbol": "ADA-USD"}, {"trade_id": 143599919, "side": "buy", "size": "112.47203702", "price": "0.73070000", "time": "2025-07-14T19:18:49.262942Z", "fetched_at": "2025-07-14T19:23:25.028053+00:00", "symbol": "ADA-USD"}, {"trade_id": 143599918, "side": "sell", "size": "1186.66139973", "price": "0.73070000", "time": "2025-07-14T19:18:47.212383Z", "fetched_at": "2025-07-14T19:23:25.028053+00:00", "symbol": "ADA-USD"}, {"trade_id": 143599917, "side": "sell", "size": "336.28207912", "price": "0.73070000", "time": "2025-07-14T19:18:47.211732Z", "fetched_at": "2025-07-14T19:23:25.028053+00:00", "symbol": "ADA-USD"}, {"trade_id": 143599916, "side": "sell", "size": "12.17091897", "price": "0.73070000", "time": "2025-07-14T19:18:47.211732Z", "fetched_at": "2025-07-14T19:23:25.028053+00:00", "symbol": "ADA-USD"}, {"trade_id": 143599915, "side": "sell", "size": "8.14283864", "price": "0.73070000", "time": "2025-07-14T19:18:44.421125Z", "fetched_at": "2025-07-14T19:23:25.028053+00:00", "symbol": "ADA-USD"}, {"trade_id": 143599914, "side": "sell", "size": "12.17091897", "price": "0.73070000", "time": "2025-07-14T19:18:44.421125Z", "fetched_at": "2025-07-14T19:23:25.028053+00:00", "symbol": "ADA-USD"}, {"trade_id": 143599913, "side": "buy", "size": "12.17850318", "price": "0.73080000", "time": "2025-07-14T19:18:40.714497Z", "fetched_at": "2025-07-14T19:23:25.028053+00:00", "symbol": "ADA-USD"}, {"trade_id": 143599912, "side": "buy", "size": "58.94981077", "price": "0.73080000", "time": "2025-07-14T19:18:40.714497Z", "fetched_at": "2025-07-14T19:23:25.028053+00:00", "symbol": "ADA-USD"}, {"trade_id": 143599911, "side": "buy", "size": "49.40306000", "price": "0.73080000", "time": "2025-07-14T19:18:40.702002Z", "fetched_at": "2025-07-14T19:23:25.028053+00:00", "symbol": "ADA-USD"}, {"trade_id": 143599910, "side": "buy", "size": "1.60000000", "price": "0.73080000", "time": "2025-07-14T19:18:40.702002Z", "fetched_at": "2025-07-14T19:23:25.028053+00:00", "symbol": "ADA-USD"}, {"trade_id": 143599909, "side": "buy", "size": "1.60000000", "price": "0.73100000", "time": "2025-07-14T19:18:40.365407Z", "fetched_at": "2025-07-14T19:23:25.028053+00:00", "symbol": "ADA-USD"}, {"trade_id": 143599908, "side": "buy", "size": "12.17350584", "price": "0.73110000", "time": "2025-07-14T19:18:40.159940Z", "fetched_at": "2025-07-14T19:23:25.028053+00:00", "symbol": "ADA-USD"}, {"trade_id": 143599907, "side": "buy", "size": "11.16751518", "price": "0.73120000", "time": "2025-07-14T19:18:40.086663Z", "fetched_at": "2025-07-14T19:23:25.028053+00:00", "symbol": "ADA-USD"}, {"trade_id": 143599906, "side": "sell", "size": "66.43314200", "price": "0.73130000", "time": "2025-07-14T19:18:38.086089Z", "fetched_at": "2025-07-14T19:23:25.028053+00:00", "symbol": "ADA-USD"}, {"trade_id": 143599905, "side": "sell", "size": "16.71142214", "price": "0.73130000", "time": "2025-07-14T19:18:34.650131Z", "fetched_at": "2025-07-14T19:23:25.028053+00:00", "symbol": "ADA-USD"}, {"trade_id": 143599904, "side": "sell", "size": "2.43862086", "price": "0.73130000", "time": "2025-07-14T19:18:34.650131Z", "fetched_at": "2025-07-14T19:23:25.028053+00:00", "symbol": "ADA-USD"}, {"trade_id": 143599903, "side": "sell", "size": "115.55610000", "price": "0.73140000", "time": "2025-07-14T19:18:28.718504Z", "fetched_at": "2025-07-14T19:23:25.028053+00:00", "symbol": "ADA-USD"}, {"trade_id": 143599902, "side": "sell", "size": "9.47963579", "price": "0.73130000", "time": "2025-07-14T19:18:28.613109Z", "fetched_at": "2025-07-14T19:23:25.028053+00:00", "symbol": "ADA-USD"}, {"trade_id": 143599901, "side": "sell", "size": "760.87077806", "price": "0.73130000", "time": "2025-07-14T19:18:28.613109Z", "fetched_at": "2025-07-14T19:23:25.028053+00:00", "symbol": "ADA-USD"}, {"trade_id": 143599900, "side": "sell", "size": "1.60000000", "price": "0.73130000", "time": "2025-07-14T19:18:28.613109Z", "fetched_at": "2025-07-14T19:23:25.028053+00:00", "symbol": "ADA-USD"}, {"trade_id": 143599899, "side": "sell", "size": "12.17342799", "price": "0.73110000", "time": "2025-07-14T19:18:24.579314Z", "fetched_at": "2025-07-14T19:23:25.028053+00:00", "symbol": "ADA-USD"}, {"trade_id": 143599898, "side": "sell", "size": "763.02451543", "price": "0.73110000", "time": "2025-07-14T19:18:24.579314Z", "fetched_at": "2025-07-14T19:23:25.028053+00:00", "symbol": "ADA-USD"}, {"trade_id": 143599897, "side": "sell", "size": "10.87186601", "price": "0.73110000", "time": "2025-07-14T19:18:23.809774Z", "fetched_at": "2025-07-14T19:23:25.028053+00:00", "symbol": "ADA-USD"}, {"trade_id": 143599896, "side": "buy", "size": "57.49453000", "price": "0.73100000", "time": "2025-07-14T19:18:23.337682Z", "fetched_at": "2025-07-14T19:23:25.028053+00:00", "symbol": "ADA-USD"}, {"trade_id": 143599895, "side": "buy", "size": "12.17184098", "price": "0.73120000", "time": "2025-07-14T19:18:21.956945Z", "fetched_at": "2025-07-14T19:23:25.028053+00:00", "symbol": "ADA-USD"}, {"trade_id": 143599894, "side": "buy", "size": "1008.62881376", "price": "0.73120000", "time": "2025-07-14T19:18:21.956945Z", "fetched_at": "2025-07-14T19:23:25.028053+00:00", "symbol": "ADA-USD"}, {"trade_id": 143599893, "side": "buy", "size": "2192.32545000", "price": "0.73120000", "time": "2025-07-14T19:18:21.956842Z", "fetched_at": "2025-07-14T19:23:25.028053+00:00", "symbol": "ADA-USD"}, {"trade_id": 143599892, "side": "buy", "size": "1737.94573624", "price": "0.73120000", "time": "2025-07-14T19:18:21.941310Z", "fetched_at": "2025-07-14T19:23:25.028053+00:00", "symbol": "ADA-USD"}, {"trade_id": 143599891, "side": "buy", "size": "12.17184098", "price": "0.73120000", "time": "2025-07-14T19:18:21.941310Z", "fetched_at": "2025-07-14T19:23:25.028053+00:00", "symbol": "ADA-USD"}, {"trade_id": 143599890, "side": "sell", "size": "14.81854078", "price": "0.73120000", "time": "2025-07-14T19:18:20.354508Z", "fetched_at": "2025-07-14T19:23:25.028053+00:00", "symbol": "ADA-USD"}, {"trade_id": 143599889, "side": "sell", "size": "746.14672180", "price": "0.73120000", "time": "2025-07-14T19:18:20.346280Z", "fetched_at": "2025-07-14T19:23:25.028053+00:00", "symbol": "ADA-USD"}, {"trade_id": 143599888, "side": "sell", "size": "6.20635293", "price": "0.73110000", "time": "2025-07-14T19:18:18.922712Z", "fetched_at": "2025-07-14T19:23:25.028053+00:00", "symbol": "ADA-USD"}, {"trade_id": 143599887, "side": "sell", "size": "483.61242231", "price": "0.73120000", "time": "2025-07-14T19:18:16.217128Z", "fetched_at": "2025-07-14T19:23:25.028053+00:00", "symbol": "ADA-USD"}, {"trade_id": 143599886, "side": "sell", "size": "51.00306000", "price": "0.73120000", "time": "2025-07-14T19:18:16.217128Z", "fetched_at": "2025-07-14T19:23:25.028053+00:00", "symbol": "ADA-USD"}, {"trade_id": 143599885, "side": "sell", "size": "50.00000000", "price": "0.73120000", "time": "2025-07-14T19:18:16.217128Z", "fetched_at": "2025-07-14T19:23:25.028053+00:00", "symbol": "ADA-USD"}