[{"trade_id": 667386502, "side": "sell", "size": "0.00307114", "price": "2997.38000000", "time": "2025-07-15T15:20:16.903308Z", "fetched_at": "2025-07-15T15:20:18.488645+00:00", "symbol": "ETH-USD"}, {"trade_id": 667386501, "side": "sell", "size": "1.00000000", "price": "2997.38000000", "time": "2025-07-15T15:20:16.903308Z", "fetched_at": "2025-07-15T15:20:18.488645+00:00", "symbol": "ETH-USD"}, {"trade_id": 667386500, "side": "sell", "size": "0.48254529", "price": "2997.38000000", "time": "2025-07-15T15:20:16.903308Z", "fetched_at": "2025-07-15T15:20:18.488645+00:00", "symbol": "ETH-USD"}, {"trade_id": 667386499, "side": "sell", "size": "0.28324628", "price": "2997.38000000", "time": "2025-07-15T15:20:16.902849Z", "fetched_at": "2025-07-15T15:20:18.488645+00:00", "symbol": "ETH-USD"}, {"trade_id": 667386498, "side": "sell", "size": "1.23306465", "price": "2997.38000000", "time": "2025-07-15T15:20:16.902256Z", "fetched_at": "2025-07-15T15:20:18.488645+00:00", "symbol": "ETH-USD"}, {"trade_id": 667386497, "side": "sell", "size": "2.86688808", "price": "2997.38000000", "time": "2025-07-15T15:20:16.899171Z", "fetched_at": "2025-07-15T15:20:18.488645+00:00", "symbol": "ETH-USD"}, {"trade_id": 667386496, "side": "sell", "size": "1.63210223", "price": "2997.38000000", "time": "2025-07-15T15:20:16.898479Z", "fetched_at": "2025-07-15T15:20:18.488645+00:00", "symbol": "ETH-USD"}, {"trade_id": 667386495, "side": "sell", "size": "3.50215347", "price": "2997.38000000", "time": "2025-07-15T15:20:16.895356Z", "fetched_at": "2025-07-15T15:20:18.488645+00:00", "symbol": "ETH-USD"}, {"trade_id": 667386494, "side": "sell", "size": "0.00250129", "price": "2997.38000000", "time": "2025-07-15T15:20:16.895356Z", "fetched_at": "2025-07-15T15:20:18.488645+00:00", "symbol": "ETH-USD"}, {"trade_id": 667386493, "side": "sell", "size": "0.00010336", "price": "2997.38000000", "time": "2025-07-15T15:20:16.895356Z", "fetched_at": "2025-07-15T15:20:18.488645+00:00", "symbol": "ETH-USD"}, {"trade_id": 667386492, "side": "sell", "size": "6.93818080", "price": "2997.19000000", "time": "2025-07-15T15:20:15.626382Z", "fetched_at": "2025-07-15T15:20:18.488645+00:00", "symbol": "ETH-USD"}, {"trade_id": 667386491, "side": "sell", "size": "0.26330624", "price": "2997.19000000", "time": "2025-07-15T15:20:15.493149Z", "fetched_at": "2025-07-15T15:20:18.488645+00:00", "symbol": "ETH-USD"}, {"trade_id": 667386490, "side": "sell", "size": "1.08214546", "price": "2997.19000000", "time": "2025-07-15T15:20:15.477391Z", "fetched_at": "2025-07-15T15:20:18.488645+00:00", "symbol": "ETH-USD"}, {"trade_id": 667386489, "side": "sell", "size": "0.19575867", "price": "2997.19000000", "time": "2025-07-15T15:20:15.467131Z", "fetched_at": "2025-07-15T15:20:18.488645+00:00", "symbol": "ETH-USD"}, {"trade_id": 667386488, "side": "sell", "size": "1.52060883", "price": "2997.19000000", "time": "2025-07-15T15:20:15.455471Z", "fetched_at": "2025-07-15T15:20:18.488645+00:00", "symbol": "ETH-USD"}, {"trade_id": 667386487, "side": "sell", "size": "0.30000000", "price": "2997.18000000", "time": "2025-07-15T15:20:15.455471Z", "fetched_at": "2025-07-15T15:20:18.488645+00:00", "symbol": "ETH-USD"}, {"trade_id": 667386486, "side": "sell", "size": "0.00054549", "price": "2997.16000000", "time": "2025-07-15T15:20:15.445197Z", "fetched_at": "2025-07-15T15:20:18.488645+00:00", "symbol": "ETH-USD"}, {"trade_id": 667386485, "side": "sell", "size": "0.00320645", "price": "2997.16000000", "time": "2025-07-15T15:20:15.271270Z", "fetched_at": "2025-07-15T15:20:18.488645+00:00", "symbol": "ETH-USD"}, {"trade_id": 667386484, "side": "sell", "size": "0.00010334", "price": "2997.16000000", "time": "2025-07-15T15:20:15.271270Z", "fetched_at": "2025-07-15T15:20:18.488645+00:00", "symbol": "ETH-USD"}, {"trade_id": 667386483, "side": "buy", "size": "0.00810775", "price": "2997.13000000", "time": "2025-07-15T15:20:14.266833Z", "fetched_at": "2025-07-15T15:20:18.488645+00:00", "symbol": "ETH-USD"}, {"trade_id": 667386482, "side": "buy", "size": "0.43491940", "price": "2997.13000000", "time": "2025-07-15T15:20:14.266833Z", "fetched_at": "2025-07-15T15:20:18.488645+00:00", "symbol": "ETH-USD"}, {"trade_id": 667386481, "side": "buy", "size": "0.03821549", "price": "2996.75000000", "time": "2025-07-15T15:20:14.137397Z", "fetched_at": "2025-07-15T15:20:18.488645+00:00", "symbol": "ETH-USD"}, {"trade_id": 667386480, "side": "buy", "size": "0.36910871", "price": "2996.88000000", "time": "2025-07-15T15:20:14.137397Z", "fetched_at": "2025-07-15T15:20:18.488645+00:00", "symbol": "ETH-USD"}, {"trade_id": 667386479, "side": "buy", "size": "0.00815259", "price": "2996.99000000", "time": "2025-07-15T15:20:14.137397Z", "fetched_at": "2025-07-15T15:20:18.488645+00:00", "symbol": "ETH-USD"}, {"trade_id": 667386478, "side": "buy", "size": "0.00001000", "price": "2997.50000000", "time": "2025-07-15T15:20:14.137397Z", "fetched_at": "2025-07-15T15:20:18.488645+00:00", "symbol": "ETH-USD"}, {"trade_id": 667386477, "side": "buy", "size": "0.01619683", "price": "2997.50000000", "time": "2025-07-15T15:20:14.137397Z", "fetched_at": "2025-07-15T15:20:18.488645+00:00", "symbol": "ETH-USD"}, {"trade_id": 667386476, "side": "buy", "size": "0.02644870", "price": "2997.50000000", "time": "2025-07-15T15:20:14.137397Z", "fetched_at": "2025-07-15T15:20:18.488645+00:00", "symbol": "ETH-USD"}, {"trade_id": 667386475, "side": "buy", "size": "0.00001000", "price": "2997.50000000", "time": "2025-07-15T15:20:14.137397Z", "fetched_at": "2025-07-15T15:20:18.488645+00:00", "symbol": "ETH-USD"}, {"trade_id": 667386474, "side": "buy", "size": "0.00002001", "price": "2997.50000000", "time": "2025-07-15T15:20:14.137397Z", "fetched_at": "2025-07-15T15:20:18.488645+00:00", "symbol": "ETH-USD"}, {"trade_id": 667386473, "side": "buy", "size": "0.00000667", "price": "2997.50000000", "time": "2025-07-15T15:20:14.137397Z", "fetched_at": "2025-07-15T15:20:18.488645+00:00", "symbol": "ETH-USD"}, {"trade_id": 667386472, "side": "buy", "size": "0.00100000", "price": "2997.50000000", "time": "2025-07-15T15:20:14.137397Z", "fetched_at": "2025-07-15T15:20:18.488645+00:00", "symbol": "ETH-USD"}, {"trade_id": 667386471, "side": "sell", "size": "0.01500000", "price": "2997.51000000", "time": "2025-07-15T15:20:13.225043Z", "fetched_at": "2025-07-15T15:20:18.488645+00:00", "symbol": "ETH-USD"}, {"trade_id": 667386470, "side": "sell", "size": "0.03145610", "price": "2997.51000000", "time": "2025-07-15T15:20:12.800676Z", "fetched_at": "2025-07-15T15:20:18.488645+00:00", "symbol": "ETH-USD"}, {"trade_id": 667386469, "side": "sell", "size": "0.00824756", "price": "2997.51000000", "time": "2025-07-15T15:20:11.691543Z", "fetched_at": "2025-07-15T15:20:18.488645+00:00", "symbol": "ETH-USD"}, {"trade_id": 667386468, "side": "sell", "size": "0.66000318", "price": "2997.51000000", "time": "2025-07-15T15:20:11.506908Z", "fetched_at": "2025-07-15T15:20:18.488645+00:00", "symbol": "ETH-USD"}, {"trade_id": 667386467, "side": "sell", "size": "0.01661000", "price": "2997.51000000", "time": "2025-07-15T15:20:11.408377Z", "fetched_at": "2025-07-15T15:20:18.488645+00:00", "symbol": "ETH-USD"}, {"trade_id": 667386466, "side": "buy", "size": "0.00286863", "price": "2997.94000000", "time": "2025-07-15T15:20:11.393732Z", "fetched_at": "2025-07-15T15:20:18.488645+00:00", "symbol": "ETH-USD"}, {"trade_id": 667386465, "side": "buy", "size": "0.00627000", "price": "2997.93000000", "time": "2025-07-15T15:20:11.384679Z", "fetched_at": "2025-07-15T15:20:18.488645+00:00", "symbol": "ETH-USD"}, {"trade_id": 667386464, "side": "buy", "size": "0.02076759", "price": "2997.94000000", "time": "2025-07-15T15:20:11.384679Z", "fetched_at": "2025-07-15T15:20:18.488645+00:00", "symbol": "ETH-USD"}, {"trade_id": 667386463, "side": "buy", "size": "0.00001334", "price": "2997.94000000", "time": "2025-07-15T15:20:11.384679Z", "fetched_at": "2025-07-15T15:20:18.488645+00:00", "symbol": "ETH-USD"}, {"trade_id": 667386462, "side": "buy", "size": "0.00860590", "price": "2997.94000000", "time": "2025-07-15T15:20:11.384679Z", "fetched_at": "2025-07-15T15:20:18.488645+00:00", "symbol": "ETH-USD"}, {"trade_id": 667386461, "side": "buy", "size": "0.00100000", "price": "2997.94000000", "time": "2025-07-15T15:20:11.384679Z", "fetched_at": "2025-07-15T15:20:18.488645+00:00", "symbol": "ETH-USD"}, {"trade_id": 667386460, "side": "buy", "size": "0.82084150", "price": "2997.96000000", "time": "2025-07-15T15:20:10.784964Z", "fetched_at": "2025-07-15T15:20:18.488645+00:00", "symbol": "ETH-USD"}, {"trade_id": 667386459, "side": "sell", "size": "0.01150000", "price": "2997.98000000", "time": "2025-07-15T15:20:10.719353Z", "fetched_at": "2025-07-15T15:20:18.488645+00:00", "symbol": "ETH-USD"}, {"trade_id": 667386458, "side": "sell", "size": "0.04415000", "price": "2997.95000000", "time": "2025-07-15T15:20:10.418365Z", "fetched_at": "2025-07-15T15:20:18.488645+00:00", "symbol": "ETH-USD"}, {"trade_id": 667386457, "side": "buy", "size": "0.49745984", "price": "2998.17000000", "time": "2025-07-15T15:20:10.338008Z", "fetched_at": "2025-07-15T15:20:18.488645+00:00", "symbol": "ETH-USD"}, {"trade_id": 667386456, "side": "buy", "size": "0.82494551", "price": "2998.18000000", "time": "2025-07-15T15:20:10.338008Z", "fetched_at": "2025-07-15T15:20:18.488645+00:00", "symbol": "ETH-USD"}, {"trade_id": 667386455, "side": "buy", "size": "0.12015874", "price": "2998.19000000", "time": "2025-07-15T15:20:10.338008Z", "fetched_at": "2025-07-15T15:20:18.488645+00:00", "symbol": "ETH-USD"}, {"trade_id": 667386454, "side": "buy", "size": "0.32393194", "price": "2998.32000000", "time": "2025-07-15T15:20:10.336561Z", "fetched_at": "2025-07-15T15:20:18.488645+00:00", "symbol": "ETH-USD"}, {"trade_id": 667386453, "side": "buy", "size": "0.03688058", "price": "2998.74000000", "time": "2025-07-15T15:20:10.335792Z", "fetched_at": "2025-07-15T15:20:18.488645+00:00", "symbol": "ETH-USD"}, {"trade_id": 667386452, "side": "buy", "size": "0.01615318", "price": "2998.79000000", "time": "2025-07-15T15:20:10.335792Z", "fetched_at": "2025-07-15T15:20:18.488645+00:00", "symbol": "ETH-USD"}, {"trade_id": 667386451, "side": "buy", "size": "0.02075837", "price": "2998.79000000", "time": "2025-07-15T15:20:10.335792Z", "fetched_at": "2025-07-15T15:20:18.488645+00:00", "symbol": "ETH-USD"}, {"trade_id": 667386450, "side": "buy", "size": "0.00808323", "price": "2998.80000000", "time": "2025-07-15T15:20:10.335792Z", "fetched_at": "2025-07-15T15:20:18.488645+00:00", "symbol": "ETH-USD"}, {"trade_id": 667386449, "side": "buy", "size": "0.25164405", "price": "2998.79000000", "time": "2025-07-15T15:20:09.862846Z", "fetched_at": "2025-07-15T15:20:18.488645+00:00", "symbol": "ETH-USD"}, {"trade_id": 667386448, "side": "buy", "size": "0.00035558", "price": "2998.80000000", "time": "2025-07-15T15:20:09.862846Z", "fetched_at": "2025-07-15T15:20:18.488645+00:00", "symbol": "ETH-USD"}, {"trade_id": 667386447, "side": "buy", "size": "0.02026722", "price": "2998.93000000", "time": "2025-07-15T15:20:09.862846Z", "fetched_at": "2025-07-15T15:20:18.488645+00:00", "symbol": "ETH-USD"}, {"trade_id": 667386446, "side": "buy", "size": "0.01720613", "price": "2998.93000000", "time": "2025-07-15T15:20:09.862846Z", "fetched_at": "2025-07-15T15:20:18.488645+00:00", "symbol": "ETH-USD"}, {"trade_id": 667386445, "side": "sell", "size": "0.00036294", "price": "2998.94000000", "time": "2025-07-15T15:20:09.519759Z", "fetched_at": "2025-07-15T15:20:18.488645+00:00", "symbol": "ETH-USD"}, {"trade_id": 667386444, "side": "sell", "size": "0.00164921", "price": "2998.94000000", "time": "2025-07-15T15:20:09.293618Z", "fetched_at": "2025-07-15T15:20:18.488645+00:00", "symbol": "ETH-USD"}, {"trade_id": 667386443, "side": "sell", "size": "0.40258000", "price": "2999.34000000", "time": "2025-07-15T15:20:08.073023Z", "fetched_at": "2025-07-15T15:20:18.488645+00:00", "symbol": "ETH-USD"}, {"trade_id": 667386442, "side": "sell", "size": "0.11901000", "price": "2999.16000000", "time": "2025-07-15T15:20:08.073023Z", "fetched_at": "2025-07-15T15:20:18.488645+00:00", "symbol": "ETH-USD"}, {"trade_id": 667386441, "side": "buy", "size": "0.21816009", "price": "2999.16000000", "time": "2025-07-15T15:20:08.006443Z", "fetched_at": "2025-07-15T15:20:18.488645+00:00", "symbol": "ETH-USD"}, {"trade_id": 667386440, "side": "buy", "size": "0.60720228", "price": "2999.16000000", "time": "2025-07-15T15:20:08.006443Z", "fetched_at": "2025-07-15T15:20:18.488645+00:00", "symbol": "ETH-USD"}, {"trade_id": 667386439, "side": "buy", "size": "0.54155664", "price": "2999.52000000", "time": "2025-07-15T15:20:08.004528Z", "fetched_at": "2025-07-15T15:20:18.488645+00:00", "symbol": "ETH-USD"}, {"trade_id": 667386438, "side": "buy", "size": "0.00000666", "price": "2999.52000000", "time": "2025-07-15T15:20:08.004528Z", "fetched_at": "2025-07-15T15:20:18.488645+00:00", "symbol": "ETH-USD"}, {"trade_id": 667386437, "side": "buy", "size": "0.01138515", "price": "2999.52000000", "time": "2025-07-15T15:20:08.004528Z", "fetched_at": "2025-07-15T15:20:18.488645+00:00", "symbol": "ETH-USD"}, {"trade_id": 667386436, "side": "buy", "size": "0.00000333", "price": "2999.53000000", "time": "2025-07-15T15:20:08.004528Z", "fetched_at": "2025-07-15T15:20:18.488645+00:00", "symbol": "ETH-USD"}, {"trade_id": 667386435, "side": "buy", "size": "0.00484409", "price": "2999.53000000", "time": "2025-07-15T15:20:08.004528Z", "fetched_at": "2025-07-15T15:20:18.488645+00:00", "symbol": "ETH-USD"}, {"trade_id": 667386434, "side": "buy", "size": "0.02006314", "price": "2999.53000000", "time": "2025-07-15T15:20:08.004528Z", "fetched_at": "2025-07-15T15:20:18.488645+00:00", "symbol": "ETH-USD"}, {"trade_id": 667386433, "side": "buy", "size": "0.00807793", "price": "2999.53000000", "time": "2025-07-15T15:20:08.004528Z", "fetched_at": "2025-07-15T15:20:18.488645+00:00", "symbol": "ETH-USD"}, {"trade_id": 667386432, "side": "buy", "size": "0.01928968", "price": "2999.53000000", "time": "2025-07-15T15:20:08.004528Z", "fetched_at": "2025-07-15T15:20:18.488645+00:00", "symbol": "ETH-USD"}, {"trade_id": 667386431, "side": "buy", "size": "0.01453561", "price": "2999.53000000", "time": "2025-07-15T15:20:08.004528Z", "fetched_at": "2025-07-15T15:20:18.488645+00:00", "symbol": "ETH-USD"}, {"trade_id": 667386430, "side": "buy", "size": "0.06018276", "price": "2999.53000000", "time": "2025-07-15T15:20:08.004528Z", "fetched_at": "2025-07-15T15:20:18.488645+00:00", "symbol": "ETH-USD"}, {"trade_id": 667386429, "side": "buy", "size": "0.01614252", "price": "2999.53000000", "time": "2025-07-15T15:20:08.004528Z", "fetched_at": "2025-07-15T15:20:18.488645+00:00", "symbol": "ETH-USD"}, {"trade_id": 667386428, "side": "buy", "size": "0.00251372", "price": "2999.53000000", "time": "2025-07-15T15:20:08.004528Z", "fetched_at": "2025-07-15T15:20:18.488645+00:00", "symbol": "ETH-USD"}, {"trade_id": 667386427, "side": "buy", "size": "0.06075718", "price": "2999.81000000", "time": "2025-07-15T15:20:07.888810Z", "fetched_at": "2025-07-15T15:20:18.488645+00:00", "symbol": "ETH-USD"}, {"trade_id": 667386426, "side": "buy", "size": "0.03218870", "price": "2999.81000000", "time": "2025-07-15T15:20:07.888810Z", "fetched_at": "2025-07-15T15:20:18.488645+00:00", "symbol": "ETH-USD"}, {"trade_id": 667386425, "side": "buy", "size": "0.18224154", "price": "2999.81000000", "time": "2025-07-15T15:20:07.888810Z", "fetched_at": "2025-07-15T15:20:18.488645+00:00", "symbol": "ETH-USD"}, {"trade_id": 667386424, "side": "buy", "size": "0.00000333", "price": "2999.81000000", "time": "2025-07-15T15:20:07.888810Z", "fetched_at": "2025-07-15T15:20:18.488645+00:00", "symbol": "ETH-USD"}, {"trade_id": 667386423, "side": "buy", "size": "0.52541576", "price": "2999.81000000", "time": "2025-07-15T15:20:07.888810Z", "fetched_at": "2025-07-15T15:20:18.488645+00:00", "symbol": "ETH-USD"}, {"trade_id": 667386422, "side": "buy", "size": "0.01660000", "price": "2999.81000000", "time": "2025-07-15T15:20:07.856115Z", "fetched_at": "2025-07-15T15:20:18.488645+00:00", "symbol": "ETH-USD"}, {"trade_id": 667386421, "side": "buy", "size": "0.00469886", "price": "2999.81000000", "time": "2025-07-15T15:20:07.309924Z", "fetched_at": "2025-07-15T15:20:18.488645+00:00", "symbol": "ETH-USD"}, {"trade_id": 667386420, "side": "sell", "size": "0.00002100", "price": "2999.82000000", "time": "2025-07-15T15:20:06.735352Z", "fetched_at": "2025-07-15T15:20:18.488645+00:00", "symbol": "ETH-USD"}, {"trade_id": 667386419, "side": "sell", "size": "0.03404343", "price": "2999.99000000", "time": "2025-07-15T15:20:06.332239Z", "fetched_at": "2025-07-15T15:20:18.488645+00:00", "symbol": "ETH-USD"}, {"trade_id": 667386418, "side": "sell", "size": "0.01680431", "price": "2999.98000000", "time": "2025-07-15T15:20:06.332239Z", "fetched_at": "2025-07-15T15:20:18.488645+00:00", "symbol": "ETH-USD"}, {"trade_id": 667386417, "side": "sell", "size": "0.00303115", "price": "2999.82000000", "time": "2025-07-15T15:20:06.332239Z", "fetched_at": "2025-07-15T15:20:18.488645+00:00", "symbol": "ETH-USD"}, {"trade_id": 667386416, "side": "sell", "size": "0.01209912", "price": "2999.82000000", "time": "2025-07-15T15:20:06.332239Z", "fetched_at": "2025-07-15T15:20:18.488645+00:00", "symbol": "ETH-USD"}, {"trade_id": 667386415, "side": "sell", "size": "0.00144775", "price": "2999.82000000", "time": "2025-07-15T15:20:06.314948Z", "fetched_at": "2025-07-15T15:20:18.488645+00:00", "symbol": "ETH-USD"}, {"trade_id": 667386414, "side": "sell", "size": "0.00301918", "price": "2999.82000000", "time": "2025-07-15T15:20:06.314948Z", "fetched_at": "2025-07-15T15:20:18.488645+00:00", "symbol": "ETH-USD"}, {"trade_id": 667386413, "side": "sell", "size": "0.00659683", "price": "2999.82000000", "time": "2025-07-15T15:20:05.452400Z", "fetched_at": "2025-07-15T15:20:18.488645+00:00", "symbol": "ETH-USD"}, {"trade_id": 667386412, "side": "sell", "size": "3.04284076", "price": "2999.82000000", "time": "2025-07-15T15:20:05.316674Z", "fetched_at": "2025-07-15T15:20:18.488645+00:00", "symbol": "ETH-USD"}, {"trade_id": 667386411, "side": "sell", "size": "0.28414006", "price": "2999.81000000", "time": "2025-07-15T15:20:05.316674Z", "fetched_at": "2025-07-15T15:20:18.488645+00:00", "symbol": "ETH-USD"}, {"trade_id": 667386410, "side": "sell", "size": "0.00301918", "price": "2999.80000000", "time": "2025-07-15T15:20:05.316674Z", "fetched_at": "2025-07-15T15:20:18.488645+00:00", "symbol": "ETH-USD"}, {"trade_id": 667386409, "side": "sell", "size": "0.01585994", "price": "2999.81000000", "time": "2025-07-15T15:20:05.267666Z", "fetched_at": "2025-07-15T15:20:18.488645+00:00", "symbol": "ETH-USD"}, {"trade_id": 667386408, "side": "sell", "size": "0.00277703", "price": "2999.80000000", "time": "2025-07-15T15:20:05.267666Z", "fetched_at": "2025-07-15T15:20:18.488645+00:00", "symbol": "ETH-USD"}, {"trade_id": 667386407, "side": "sell", "size": "0.00589180", "price": "2999.54000000", "time": "2025-07-15T15:20:05.267666Z", "fetched_at": "2025-07-15T15:20:18.488645+00:00", "symbol": "ETH-USD"}, {"trade_id": 667386406, "side": "sell", "size": "0.00010335", "price": "2999.54000000", "time": "2025-07-15T15:20:05.267666Z", "fetched_at": "2025-07-15T15:20:18.488645+00:00", "symbol": "ETH-USD"}, {"trade_id": 667386405, "side": "sell", "size": "0.00010000", "price": "2999.54000000", "time": "2025-07-15T15:20:05.267666Z", "fetched_at": "2025-07-15T15:20:18.488645+00:00", "symbol": "ETH-USD"}, {"trade_id": 667386404, "side": "sell", "size": "0.00765507", "price": "2999.54000000", "time": "2025-07-15T15:20:05.267666Z", "fetched_at": "2025-07-15T15:20:18.488645+00:00", "symbol": "ETH-USD"}, {"trade_id": 667386403, "side": "sell", "size": "0.00216562", "price": "2999.54000000", "time": "2025-07-15T15:20:04.755346Z", "fetched_at": "2025-07-15T15:20:18.488645+00:00", "symbol": "ETH-USD"}, {"trade_id": 667386402, "side": "buy", "size": "0.00377042", "price": "2999.66000000", "time": "2025-07-15T15:20:02.849502Z", "fetched_at": "2025-07-15T15:20:18.488645+00:00", "symbol": "ETH-USD"}, {"trade_id": 667386401, "side": "buy", "size": "0.18050744", "price": "2999.71000000", "time": "2025-07-15T15:20:02.835971Z", "fetched_at": "2025-07-15T15:20:18.488645+00:00", "symbol": "ETH-USD"}, {"trade_id": 667386400, "side": "buy", "size": "0.02906947", "price": "2999.71000000", "time": "2025-07-15T15:20:02.835971Z", "fetched_at": "2025-07-15T15:20:18.488645+00:00", "symbol": "ETH-USD"}, {"trade_id": 667386399, "side": "buy", "size": "0.00000666", "price": "2999.71000000", "time": "2025-07-15T15:20:02.835971Z", "fetched_at": "2025-07-15T15:20:18.488645+00:00", "symbol": "ETH-USD"}, {"trade_id": 667386398, "side": "sell", "size": "0.00154399", "price": "2999.81000000", "time": "2025-07-15T15:20:02.760249Z", "fetched_at": "2025-07-15T15:20:18.488645+00:00", "symbol": "ETH-USD"}, {"trade_id": 667386397, "side": "sell", "size": "0.00010558", "price": "2999.81000000", "time": "2025-07-15T15:20:02.760249Z", "fetched_at": "2025-07-15T15:20:18.488645+00:00", "symbol": "ETH-USD"}, {"trade_id": 667386396, "side": "sell", "size": "0.09404294", "price": "3000.00000000", "time": "2025-07-15T15:20:01.802213Z", "fetched_at": "2025-07-15T15:20:18.488645+00:00", "symbol": "ETH-USD"}, {"trade_id": 667386395, "side": "sell", "size": "0.00012160", "price": "3000.00000000", "time": "2025-07-15T15:20:01.802213Z", "fetched_at": "2025-07-15T15:20:18.488645+00:00", "symbol": "ETH-USD"}, {"trade_id": 667386394, "side": "sell", "size": "0.00307921", "price": "2999.99000000", "time": "2025-07-15T15:20:01.802213Z", "fetched_at": "2025-07-15T15:20:18.488645+00:00", "symbol": "ETH-USD"}, {"trade_id": 667386393, "side": "sell", "size": "0.00034850", "price": "2999.98000000", "time": "2025-07-15T15:20:01.802213Z", "fetched_at": "2025-07-15T15:20:18.488645+00:00", "symbol": "ETH-USD"}, {"trade_id": 667386392, "side": "sell", "size": "0.00805803", "price": "2999.79000000", "time": "2025-07-15T15:20:01.802213Z", "fetched_at": "2025-07-15T15:20:18.488645+00:00", "symbol": "ETH-USD"}, {"trade_id": 667386391, "side": "sell", "size": "0.00057740", "price": "2999.79000000", "time": "2025-07-15T15:20:01.477963Z", "fetched_at": "2025-07-15T15:20:18.488645+00:00", "symbol": "ETH-USD"}, {"trade_id": 667386390, "side": "sell", "size": "0.03184826", "price": "3000.24000000", "time": "2025-07-15T15:20:00.556895Z", "fetched_at": "2025-07-15T15:20:18.488645+00:00", "symbol": "ETH-USD"}, {"trade_id": 667386389, "side": "sell", "size": "0.00004872", "price": "3000.20000000", "time": "2025-07-15T15:20:00.556895Z", "fetched_at": "2025-07-15T15:20:18.488645+00:00", "symbol": "ETH-USD"}, {"trade_id": 667386388, "side": "sell", "size": "0.00048641", "price": "3000.20000000", "time": "2025-07-15T15:20:00.556895Z", "fetched_at": "2025-07-15T15:20:18.488645+00:00", "symbol": "ETH-USD"}, {"trade_id": 667386387, "side": "sell", "size": "0.83564605", "price": "3000.05000000", "time": "2025-07-15T15:20:00.540942Z", "fetched_at": "2025-07-15T15:20:18.488645+00:00", "symbol": "ETH-USD"}, {"trade_id": 667386386, "side": "sell", "size": "0.00024321", "price": "3000.00000000", "time": "2025-07-15T15:20:00.540942Z", "fetched_at": "2025-07-15T15:20:18.488645+00:00", "symbol": "ETH-USD"}, {"trade_id": 667386385, "side": "sell", "size": "0.83333611", "price": "2999.99000000", "time": "2025-07-15T15:20:00.540942Z", "fetched_at": "2025-07-15T15:20:18.488645+00:00", "symbol": "ETH-USD"}, {"trade_id": 667386384, "side": "sell", "size": "2.52223352", "price": "2999.97000000", "time": "2025-07-15T15:20:00.536001Z", "fetched_at": "2025-07-15T15:20:18.488645+00:00", "symbol": "ETH-USD"}, {"trade_id": 667386383, "side": "sell", "size": "0.11524733", "price": "2999.97000000", "time": "2025-07-15T15:20:00.535588Z", "fetched_at": "2025-07-15T15:20:18.488645+00:00", "symbol": "ETH-USD"}, {"trade_id": 667386382, "side": "sell", "size": "0.46571972", "price": "2999.96000000", "time": "2025-07-15T15:20:00.535588Z", "fetched_at": "2025-07-15T15:20:18.488645+00:00", "symbol": "ETH-USD"}, {"trade_id": 667386381, "side": "sell", "size": "0.97200000", "price": "2999.87000000", "time": "2025-07-15T15:20:00.535588Z", "fetched_at": "2025-07-15T15:20:18.488645+00:00", "symbol": "ETH-USD"}, {"trade_id": 667386380, "side": "sell", "size": "0.71358789", "price": "2999.84000000", "time": "2025-07-15T15:20:00.535588Z", "fetched_at": "2025-07-15T15:20:18.488645+00:00", "symbol": "ETH-USD"}, {"trade_id": 667386379, "side": "sell", "size": "9.28641211", "price": "2999.84000000", "time": "2025-07-15T15:20:00.535546Z", "fetched_at": "2025-07-15T15:20:18.488645+00:00", "symbol": "ETH-USD"}, {"trade_id": 667386378, "side": "sell", "size": "3.90052056", "price": "2999.83000000", "time": "2025-07-15T15:20:00.535520Z", "fetched_at": "2025-07-15T15:20:18.488645+00:00", "symbol": "ETH-USD"}, {"trade_id": 667386377, "side": "sell", "size": "0.97200000", "price": "2999.83000000", "time": "2025-07-15T15:20:00.535428Z", "fetched_at": "2025-07-15T15:20:18.488645+00:00", "symbol": "ETH-USD"}, {"trade_id": 667386376, "side": "sell", "size": "1.12747944", "price": "2999.83000000", "time": "2025-07-15T15:20:00.535290Z", "fetched_at": "2025-07-15T15:20:18.488645+00:00", "symbol": "ETH-USD"}, {"trade_id": 667386375, "side": "sell", "size": "0.13293555", "price": "2999.82000000", "time": "2025-07-15T15:20:00.535290Z", "fetched_at": "2025-07-15T15:20:18.488645+00:00", "symbol": "ETH-USD"}, {"trade_id": 667386374, "side": "sell", "size": "0.00014774", "price": "2999.75000000", "time": "2025-07-15T15:20:00.535290Z", "fetched_at": "2025-07-15T15:20:18.488645+00:00", "symbol": "ETH-USD"}, {"trade_id": 667386373, "side": "sell", "size": "0.16668129", "price": "2999.74000000", "time": "2025-07-15T15:20:00.535290Z", "fetched_at": "2025-07-15T15:20:18.488645+00:00", "symbol": "ETH-USD"}, {"trade_id": 667386372, "side": "sell", "size": "0.00297205", "price": "2999.73000000", "time": "2025-07-15T15:20:00.535290Z", "fetched_at": "2025-07-15T15:20:18.488645+00:00", "symbol": "ETH-USD"}, {"trade_id": 667386371, "side": "sell", "size": "0.00750365", "price": "2999.65000000", "time": "2025-07-15T15:20:00.535290Z", "fetched_at": "2025-07-15T15:20:18.488645+00:00", "symbol": "ETH-USD"}, {"trade_id": 667386370, "side": "sell", "size": "0.01530000", "price": "2999.54000000", "time": "2025-07-15T15:20:00.516382Z", "fetched_at": "2025-07-15T15:20:18.488645+00:00", "symbol": "ETH-USD"}, {"trade_id": 667386369, "side": "sell", "size": "0.00647601", "price": "2999.75000000", "time": "2025-07-15T15:19:59.696702Z", "fetched_at": "2025-07-15T15:20:18.488645+00:00", "symbol": "ETH-USD"}, {"trade_id": 667386368, "side": "buy", "size": "0.86710000", "price": "2999.12000000", "time": "2025-07-15T15:19:59.454944Z", "fetched_at": "2025-07-15T15:20:18.488645+00:00", "symbol": "ETH-USD"}, {"trade_id": 667386367, "side": "buy", "size": "0.86820000", "price": "2999.12000000", "time": "2025-07-15T15:19:59.454944Z", "fetched_at": "2025-07-15T15:20:18.488645+00:00", "symbol": "ETH-USD"}, {"trade_id": 667386366, "side": "buy", "size": "0.24919275", "price": "2999.15000000", "time": "2025-07-15T15:19:59.454944Z", "fetched_at": "2025-07-15T15:20:18.488645+00:00", "symbol": "ETH-USD"}, {"trade_id": 667386365, "side": "buy", "size": "0.97200000", "price": "2999.25000000", "time": "2025-07-15T15:19:59.454944Z", "fetched_at": "2025-07-15T15:20:18.488645+00:00", "symbol": "ETH-USD"}, {"trade_id": 667386364, "side": "buy", "size": "0.66191513", "price": "2999.25000000", "time": "2025-07-15T15:19:59.454944Z", "fetched_at": "2025-07-15T15:20:18.488645+00:00", "symbol": "ETH-USD"}, {"trade_id": 667386363, "side": "buy", "size": "0.14809406", "price": "2999.26000000", "time": "2025-07-15T15:19:59.454944Z", "fetched_at": "2025-07-15T15:20:18.488645+00:00", "symbol": "ETH-USD"}, {"trade_id": 667386362, "side": "buy", "size": "0.55050119", "price": "2999.34000000", "time": "2025-07-15T15:19:59.454944Z", "fetched_at": "2025-07-15T15:20:18.488645+00:00", "symbol": "ETH-USD"}, {"trade_id": 667386361, "side": "buy", "size": "0.33255876", "price": "2999.55000000", "time": "2025-07-15T15:19:59.454944Z", "fetched_at": "2025-07-15T15:20:18.488645+00:00", "symbol": "ETH-USD"}, {"trade_id": 667386360, "side": "buy", "size": "0.00333383", "price": "2999.56000000", "time": "2025-07-15T15:19:59.454944Z", "fetched_at": "2025-07-15T15:20:18.488645+00:00", "symbol": "ETH-USD"}, {"trade_id": 667386359, "side": "buy", "size": "0.48346230", "price": "2999.57000000", "time": "2025-07-15T15:19:59.454944Z", "fetched_at": "2025-07-15T15:20:18.488645+00:00", "symbol": "ETH-USD"}, {"trade_id": 667386358, "side": "buy", "size": "0.00333332", "price": "3000.02000000", "time": "2025-07-15T15:19:59.426454Z", "fetched_at": "2025-07-15T15:20:18.488645+00:00", "symbol": "ETH-USD"}, {"trade_id": 667386357, "side": "buy", "size": "0.00333332", "price": "3000.02000000", "time": "2025-07-15T15:19:59.407130Z", "fetched_at": "2025-07-15T15:20:18.488645+00:00", "symbol": "ETH-USD"}, {"trade_id": 667386356, "side": "buy", "size": "0.00333382", "price": "2999.57000000", "time": "2025-07-15T15:19:59.372714Z", "fetched_at": "2025-07-15T15:20:18.488645+00:00", "symbol": "ETH-USD"}, {"trade_id": 667386355, "side": "buy", "size": "0.39743928", "price": "2999.79000000", "time": "2025-07-15T15:19:59.368599Z", "fetched_at": "2025-07-15T15:20:18.488645+00:00", "symbol": "ETH-USD"}, {"trade_id": 667386354, "side": "buy", "size": "0.32444019", "price": "2999.81000000", "time": "2025-07-15T15:19:59.351790Z", "fetched_at": "2025-07-15T15:20:18.488645+00:00", "symbol": "ETH-USD"}, {"trade_id": 667386353, "side": "buy", "size": "0.00333320", "price": "3000.12000000", "time": "2025-07-15T15:19:59.351790Z", "fetched_at": "2025-07-15T15:20:18.488645+00:00", "symbol": "ETH-USD"}, {"trade_id": 667386352, "side": "buy", "size": "0.01613602", "price": "3000.12000000", "time": "2025-07-15T15:19:59.333820Z", "fetched_at": "2025-07-15T15:20:18.488645+00:00", "symbol": "ETH-USD"}, {"trade_id": 667386351, "side": "buy", "size": "0.01607597", "price": "3000.13000000", "time": "2025-07-15T15:19:59.333820Z", "fetched_at": "2025-07-15T15:20:18.488645+00:00", "symbol": "ETH-USD"}, {"trade_id": 667386350, "side": "buy", "size": "0.00002333", "price": "3000.13000000", "time": "2025-07-15T15:19:59.333820Z", "fetched_at": "2025-07-15T15:20:18.488645+00:00", "symbol": "ETH-USD"}, {"trade_id": 667386349, "side": "buy", "size": "0.00000333", "price": "3000.14000000", "time": "2025-07-15T15:19:59.333820Z", "fetched_at": "2025-07-15T15:20:18.488645+00:00", "symbol": "ETH-USD"}, {"trade_id": 667386348, "side": "buy", "size": "0.09963523", "price": "3000.19000000", "time": "2025-07-15T15:19:59.333820Z", "fetched_at": "2025-07-15T15:20:18.488645+00:00", "symbol": "ETH-USD"}, {"trade_id": 667386347, "side": "buy", "size": "0.00804282", "price": "3000.19000000", "time": "2025-07-15T15:19:59.333820Z", "fetched_at": "2025-07-15T15:20:18.488645+00:00", "symbol": "ETH-USD"}, {"trade_id": 667386346, "side": "buy", "size": "0.02270522", "price": "3000.19000000", "time": "2025-07-15T15:19:59.333820Z", "fetched_at": "2025-07-15T15:20:18.488645+00:00", "symbol": "ETH-USD"}, {"trade_id": 667386345, "side": "buy", "size": "0.00000333", "price": "3000.19000000", "time": "2025-07-15T15:19:59.333820Z", "fetched_at": "2025-07-15T15:20:18.488645+00:00", "symbol": "ETH-USD"}, {"trade_id": 667386344, "side": "sell", "size": "0.00340456", "price": "3000.46000000", "time": "2025-07-15T15:19:59.040658Z", "fetched_at": "2025-07-15T15:20:18.488645+00:00", "symbol": "ETH-USD"}, {"trade_id": 667386343, "side": "sell", "size": "0.00307174", "price": "3000.20000000", "time": "2025-07-15T15:19:59.040658Z", "fetched_at": "2025-07-15T15:20:18.488645+00:00", "symbol": "ETH-USD"}, {"trade_id": 667386342, "side": "sell", "size": "0.32076767", "price": "3000.42000000", "time": "2025-07-15T15:19:58.481343Z", "fetched_at": "2025-07-15T15:20:18.488645+00:00", "symbol": "ETH-USD"}, {"trade_id": 667386341, "side": "sell", "size": "0.00303191", "price": "3000.41000000", "time": "2025-07-15T15:19:58.481343Z", "fetched_at": "2025-07-15T15:20:18.488645+00:00", "symbol": "ETH-USD"}, {"trade_id": 667386340, "side": "buy", "size": "0.01666684", "price": "3000.15000000", "time": "2025-07-15T15:19:58.130318Z", "fetched_at": "2025-07-15T15:20:18.488645+00:00", "symbol": "ETH-USD"}, {"trade_id": 667386339, "side": "buy", "size": "0.00333316", "price": "3000.16000000", "time": "2025-07-15T15:19:58.130318Z", "fetched_at": "2025-07-15T15:20:18.488645+00:00", "symbol": "ETH-USD"}, {"trade_id": 667386338, "side": "buy", "size": "0.09069124", "price": "3000.51000000", "time": "2025-07-15T15:19:57.771733Z", "fetched_at": "2025-07-15T15:20:18.488645+00:00", "symbol": "ETH-USD"}, {"trade_id": 667386337, "side": "buy", "size": "0.01071484", "price": "3000.51000000", "time": "2025-07-15T15:19:57.771733Z", "fetched_at": "2025-07-15T15:20:18.488645+00:00", "symbol": "ETH-USD"}, {"trade_id": 667386336, "side": "buy", "size": "0.03224172", "price": "3000.77000000", "time": "2025-07-15T15:19:56.860216Z", "fetched_at": "2025-07-15T15:20:18.488645+00:00", "symbol": "ETH-USD"}, {"trade_id": 667386335, "side": "buy", "size": "0.18134345", "price": "3000.77000000", "time": "2025-07-15T15:19:56.860216Z", "fetched_at": "2025-07-15T15:20:18.488645+00:00", "symbol": "ETH-USD"}, {"trade_id": 667386334, "side": "buy", "size": "0.54401037", "price": "3000.77000000", "time": "2025-07-15T15:19:56.860216Z", "fetched_at": "2025-07-15T15:20:18.488645+00:00", "symbol": "ETH-USD"}, {"trade_id": 667386333, "side": "buy", "size": "0.00536862", "price": "3000.77000000", "time": "2025-07-15T15:19:56.860216Z", "fetched_at": "2025-07-15T15:20:18.488645+00:00", "symbol": "ETH-USD"}, {"trade_id": 667386332, "side": "buy", "size": "0.06516660", "price": "3000.77000000", "time": "2025-07-15T15:19:56.860216Z", "fetched_at": "2025-07-15T15:20:18.488645+00:00", "symbol": "ETH-USD"}, {"trade_id": 667386331, "side": "buy", "size": "0.00803127", "price": "3000.77000000", "time": "2025-07-15T15:19:56.860216Z", "fetched_at": "2025-07-15T15:20:18.488645+00:00", "symbol": "ETH-USD"}, {"trade_id": 667386330, "side": "buy", "size": "0.00821735", "price": "3000.77000000", "time": "2025-07-15T15:19:56.860216Z", "fetched_at": "2025-07-15T15:20:18.488645+00:00", "symbol": "ETH-USD"}, {"trade_id": 667386329, "side": "sell", "size": "0.03238339", "price": "3000.78000000", "time": "2025-07-15T15:19:56.761706Z", "fetched_at": "2025-07-15T15:20:18.488645+00:00", "symbol": "ETH-USD"}, {"trade_id": 667386328, "side": "buy", "size": "0.00210000", "price": "3000.77000000", "time": "2025-07-15T15:19:56.710122Z", "fetched_at": "2025-07-15T15:20:18.488645+00:00", "symbol": "ETH-USD"}, {"trade_id": 667386327, "side": "sell", "size": "0.00321669", "price": "3000.78000000", "time": "2025-07-15T15:19:56.441722Z", "fetched_at": "2025-07-15T15:20:18.488645+00:00", "symbol": "ETH-USD"}, {"trade_id": 667386326, "side": "sell", "size": "0.00647574", "price": "3000.78000000", "time": "2025-07-15T15:19:56.298131Z", "fetched_at": "2025-07-15T15:20:18.488645+00:00", "symbol": "ETH-USD"}, {"trade_id": 667386325, "side": "sell", "size": "0.00156710", "price": "3000.78000000", "time": "2025-07-15T15:19:56.225896Z", "fetched_at": "2025-07-15T15:20:18.488645+00:00", "symbol": "ETH-USD"}, {"trade_id": 667386324, "side": "sell", "size": "0.00164953", "price": "3000.78000000", "time": "2025-07-15T15:19:55.831011Z", "fetched_at": "2025-07-15T15:20:18.488645+00:00", "symbol": "ETH-USD"}, {"trade_id": 667386323, "side": "sell", "size": "0.00809541", "price": "3000.78000000", "time": "2025-07-15T15:19:55.365607Z", "fetched_at": "2025-07-15T15:20:18.488645+00:00", "symbol": "ETH-USD"}, {"trade_id": 667386322, "side": "sell", "size": "0.06605698", "price": "3000.78000000", "time": "2025-07-15T15:19:55.281442Z", "fetched_at": "2025-07-15T15:20:18.488645+00:00", "symbol": "ETH-USD"}, {"trade_id": 667386321, "side": "sell", "size": "0.07678898", "price": "3000.78000000", "time": "2025-07-15T15:19:55.271507Z", "fetched_at": "2025-07-15T15:20:18.488645+00:00", "symbol": "ETH-USD"}, {"trade_id": 667386320, "side": "sell", "size": "0.01819282", "price": "3001.29000000", "time": "2025-07-15T15:19:53.827531Z", "fetched_at": "2025-07-15T15:20:18.488645+00:00", "symbol": "ETH-USD"}, {"trade_id": 667386319, "side": "sell", "size": "0.00154091", "price": "3001.28000000", "time": "2025-07-15T15:19:53.827531Z", "fetched_at": "2025-07-15T15:20:18.488645+00:00", "symbol": "ETH-USD"}, {"trade_id": 667386318, "side": "sell", "size": "0.01265022", "price": "3000.94000000", "time": "2025-07-15T15:19:53.827531Z", "fetched_at": "2025-07-15T15:20:18.488645+00:00", "symbol": "ETH-USD"}, {"trade_id": 667386317, "side": "buy", "size": "0.32508502", "price": "3000.25000000", "time": "2025-07-15T15:19:53.595745Z", "fetched_at": "2025-07-15T15:20:18.488645+00:00", "symbol": "ETH-USD"}, {"trade_id": 667386316, "side": "buy", "size": "0.63655608", "price": "3000.31000000", "time": "2025-07-15T15:19:53.595745Z", "fetched_at": "2025-07-15T15:20:18.488645+00:00", "symbol": "ETH-USD"}, {"trade_id": 667386315, "side": "buy", "size": "0.33255876", "price": "3000.38000000", "time": "2025-07-15T15:19:53.595745Z", "fetched_at": "2025-07-15T15:20:18.488645+00:00", "symbol": "ETH-USD"}, {"trade_id": 667386314, "side": "buy", "size": "0.13034841", "price": "3000.42000000", "time": "2025-07-15T15:19:53.595745Z", "fetched_at": "2025-07-15T15:20:18.488645+00:00", "symbol": "ETH-USD"}, {"trade_id": 667386313, "side": "buy", "size": "0.01604442", "price": "3000.42000000", "time": "2025-07-15T15:19:53.595745Z", "fetched_at": "2025-07-15T15:20:18.488645+00:00", "symbol": "ETH-USD"}, {"trade_id": 667386312, "side": "buy", "size": "0.04860304", "price": "3000.44000000", "time": "2025-07-15T15:19:53.595745Z", "fetched_at": "2025-07-15T15:20:18.488645+00:00", "symbol": "ETH-USD"}, {"trade_id": 667386311, "side": "buy", "size": "0.11901000", "price": "3000.66000000", "time": "2025-07-15T15:19:53.595745Z", "fetched_at": "2025-07-15T15:20:18.488645+00:00", "symbol": "ETH-USD"}, {"trade_id": 667386310, "side": "buy", "size": "0.00403000", "price": "3000.90000000", "time": "2025-07-15T15:19:53.595745Z", "fetched_at": "2025-07-15T15:20:18.488645+00:00", "symbol": "ETH-USD"}, {"trade_id": 667386309, "side": "buy", "size": "0.11901000", "price": "3000.90000000", "time": "2025-07-15T15:19:53.594952Z", "fetched_at": "2025-07-15T15:20:18.488645+00:00", "symbol": "ETH-USD"}, {"trade_id": 667386308, "side": "buy", "size": "9.88099000", "price": "3000.66000000", "time": "2025-07-15T15:19:53.590383Z", "fetched_at": "2025-07-15T15:20:18.488645+00:00", "symbol": "ETH-USD"}, {"trade_id": 667386307, "side": "buy", "size": "0.11901000", "price": "3000.75000000", "time": "2025-07-15T15:19:53.590383Z", "fetched_at": "2025-07-15T15:20:18.488645+00:00", "symbol": "ETH-USD"}, {"trade_id": 667386306, "side": "buy", "size": "0.12304000", "price": "3000.92000000", "time": "2025-07-15T15:19:53.577517Z", "fetched_at": "2025-07-15T15:20:18.488645+00:00", "symbol": "ETH-USD"}, {"trade_id": 667386305, "side": "buy", "size": "0.12304000", "price": "3000.74000000", "time": "2025-07-15T15:19:53.572928Z", "fetched_at": "2025-07-15T15:20:18.488645+00:00", "symbol": "ETH-USD"}, {"trade_id": 667386304, "side": "buy", "size": "0.12304000", "price": "3000.72000000", "time": "2025-07-15T15:19:53.559151Z", "fetched_at": "2025-07-15T15:20:18.488645+00:00", "symbol": "ETH-USD"}, {"trade_id": 667386303, "side": "buy", "size": "9.02646013", "price": "3000.89000000", "time": "2025-07-15T15:19:53.534040Z", "fetched_at": "2025-07-15T15:20:18.488645+00:00", "symbol": "ETH-USD"}, {"trade_id": 667386302, "side": "sell", "size": "0.97200000", "price": "3000.88000000", "time": "2025-07-15T15:19:53.522366Z", "fetched_at": "2025-07-15T15:20:18.488645+00:00", "symbol": "ETH-USD"}, {"trade_id": 667386301, "side": "sell", "size": "0.00153987", "price": "3000.77000000", "time": "2025-07-15T15:19:53.522366Z", "fetched_at": "2025-07-15T15:20:18.488645+00:00", "symbol": "ETH-USD"}, {"trade_id": 667386300, "side": "buy", "size": "0.12304000", "price": "3000.76000000", "time": "2025-07-15T15:19:53.508321Z", "fetched_at": "2025-07-15T15:20:18.488645+00:00", "symbol": "ETH-USD"}, {"trade_id": 667386299, "side": "buy", "size": "0.12304000", "price": "3000.70000000", "time": "2025-07-15T15:19:53.484600Z", "fetched_at": "2025-07-15T15:20:18.488645+00:00", "symbol": "ETH-USD"}, {"trade_id": 667386298, "side": "buy", "size": "0.12304000", "price": "3000.74000000", "time": "2025-07-15T15:19:53.443653Z", "fetched_at": "2025-07-15T15:20:18.488645+00:00", "symbol": "ETH-USD"}, {"trade_id": 667386297, "side": "sell", "size": "0.30000000", "price": "3000.70000000", "time": "2025-07-15T15:19:53.425445Z", "fetched_at": "2025-07-15T15:20:18.488645+00:00", "symbol": "ETH-USD"}, {"trade_id": 667386296, "side": "sell", "size": "0.30000000", "price": "3000.60000000", "time": "2025-07-15T15:19:53.425445Z", "fetched_at": "2025-07-15T15:20:18.488645+00:00", "symbol": "ETH-USD"}, {"trade_id": 667386295, "side": "sell", "size": "10.00000000", "price": "3000.57000000", "time": "2025-07-15T15:19:53.425445Z", "fetched_at": "2025-07-15T15:20:18.488645+00:00", "symbol": "ETH-USD"}, {"trade_id": 667386294, "side": "sell", "size": "0.09685995", "price": "3000.56000000", "time": "2025-07-15T15:19:53.425445Z", "fetched_at": "2025-07-15T15:20:18.488645+00:00", "symbol": "ETH-USD"}, {"trade_id": 667386293, "side": "sell", "size": "0.07097684", "price": "3000.53000000", "time": "2025-07-15T15:19:53.425445Z", "fetched_at": "2025-07-15T15:20:18.488645+00:00", "symbol": "ETH-USD"}, {"trade_id": 667386292, "side": "sell", "size": "0.09110478", "price": "3000.52000000", "time": "2025-07-15T15:19:53.425445Z", "fetched_at": "2025-07-15T15:20:18.488645+00:00", "symbol": "ETH-USD"}, {"trade_id": 667386291, "side": "sell", "size": "0.00153987", "price": "3000.48000000", "time": "2025-07-15T15:19:53.425445Z", "fetched_at": "2025-07-15T15:20:18.488645+00:00", "symbol": "ETH-USD"}, {"trade_id": 667386290, "side": "buy", "size": "0.12437898", "price": "3000.03000000", "time": "2025-07-15T15:19:53.372588Z", "fetched_at": "2025-07-15T15:20:18.488645+00:00", "symbol": "ETH-USD"}, {"trade_id": 667386289, "side": "buy", "size": "0.09866097", "price": "3000.04000000", "time": "2025-07-15T15:19:53.372588Z", "fetched_at": "2025-07-15T15:20:18.488645+00:00", "symbol": "ETH-USD"}, {"trade_id": 667386288, "side": "buy", "size": "0.17268979", "price": "3000.04000000", "time": "2025-07-15T15:19:53.370734Z", "fetched_at": "2025-07-15T15:20:18.488645+00:00", "symbol": "ETH-USD"}, {"trade_id": 667386287, "side": "buy", "size": "0.10000000", "price": "3000.09000000", "time": "2025-07-15T15:19:53.370734Z", "fetched_at": "2025-07-15T15:20:18.488645+00:00", "symbol": "ETH-USD"}, {"trade_id": 667386286, "side": "buy", "size": "0.97200000", "price": "3000.09000000", "time": "2025-07-15T15:19:53.370734Z", "fetched_at": "2025-07-15T15:20:18.488645+00:00", "symbol": "ETH-USD"}, {"trade_id": 667386285, "side": "buy", "size": "0.00333323", "price": "3000.10000000", "time": "2025-07-15T15:19:53.370734Z", "fetched_at": "2025-07-15T15:20:18.488645+00:00", "symbol": "ETH-USD"}, {"trade_id": 667386284, "side": "buy", "size": "0.12304000", "price": "3000.35000000", "time": "2025-07-15T15:19:53.370734Z", "fetched_at": "2025-07-15T15:20:18.488645+00:00", "symbol": "ETH-USD"}, {"trade_id": 667386283, "side": "buy", "size": "0.13455433", "price": "3000.74000000", "time": "2025-07-15T15:19:53.315093Z", "fetched_at": "2025-07-15T15:20:18.488645+00:00", "symbol": "ETH-USD"}, {"trade_id": 667386282, "side": "buy", "size": "0.02207816", "price": "3000.82000000", "time": "2025-07-15T15:19:53.309330Z", "fetched_at": "2025-07-15T15:20:18.488645+00:00", "symbol": "ETH-USD"}, {"trade_id": 667386281, "side": "buy", "size": "0.08753580", "price": "3000.83000000", "time": "2025-07-15T15:19:53.309330Z", "fetched_at": "2025-07-15T15:20:18.488645+00:00", "symbol": "ETH-USD"}, {"trade_id": 667386280, "side": "buy", "size": "0.13232627", "price": "3000.88000000", "time": "2025-07-15T15:19:53.309330Z", "fetched_at": "2025-07-15T15:20:18.488645+00:00", "symbol": "ETH-USD"}, {"trade_id": 667386279, "side": "sell", "size": "0.53821016", "price": "3001.62000000", "time": "2025-07-15T15:19:53.295643Z", "fetched_at": "2025-07-15T15:20:18.488645+00:00", "symbol": "ETH-USD"}, {"trade_id": 667386278, "side": "sell", "size": "0.22135700", "price": "3001.57000000", "time": "2025-07-15T15:19:53.295643Z", "fetched_at": "2025-07-15T15:20:18.488645+00:00", "symbol": "ETH-USD"}, {"trade_id": 667386277, "side": "sell", "size": "0.55855671", "price": "3000.96000000", "time": "2025-07-15T15:19:53.295643Z", "fetched_at": "2025-07-15T15:20:18.488645+00:00", "symbol": "ETH-USD"}, {"trade_id": 667386276, "side": "sell", "size": "0.23804543", "price": "3000.88000000", "time": "2025-07-15T15:19:53.295643Z", "fetched_at": "2025-07-15T15:20:18.488645+00:00", "symbol": "ETH-USD"}, {"trade_id": 667386275, "side": "sell", "size": "0.00011179", "price": "3000.55000000", "time": "2025-07-15T15:19:53.295643Z", "fetched_at": "2025-07-15T15:20:18.488645+00:00", "symbol": "ETH-USD"}, {"trade_id": 667386274, "side": "sell", "size": "0.00048118", "price": "3000.55000000", "time": "2025-07-15T15:19:53.295643Z", "fetched_at": "2025-07-15T15:20:18.488645+00:00", "symbol": "ETH-USD"}, {"trade_id": 667386273, "side": "sell", "size": "1.31023428", "price": "3001.62000000", "time": "2025-07-15T15:19:53.286177Z", "fetched_at": "2025-07-15T15:20:18.488645+00:00", "symbol": "ETH-USD"}, {"trade_id": 667386272, "side": "sell", "size": "2.45289926", "price": "3001.58000000", "time": "2025-07-15T15:19:53.286177Z", "fetched_at": "2025-07-15T15:20:18.488645+00:00", "symbol": "ETH-USD"}, {"trade_id": 667386271, "side": "sell", "size": "0.97200000", "price": "3001.58000000", "time": "2025-07-15T15:19:53.286177Z", "fetched_at": "2025-07-15T15:20:18.488645+00:00", "symbol": "ETH-USD"}, {"trade_id": 667386270, "side": "sell", "size": "2.04998012", "price": "3001.57000000", "time": "2025-07-15T15:19:53.286177Z", "fetched_at": "2025-07-15T15:20:18.488645+00:00", "symbol": "ETH-USD"}, {"trade_id": 667386269, "side": "sell", "size": "0.70320000", "price": "3001.57000000", "time": "2025-07-15T15:19:53.286177Z", "fetched_at": "2025-07-15T15:20:18.488645+00:00", "symbol": "ETH-USD"}, {"trade_id": 667386268, "side": "sell", "size": "0.32861204", "price": "3001.55000000", "time": "2025-07-15T15:19:53.286177Z", "fetched_at": "2025-07-15T15:20:18.488645+00:00", "symbol": "ETH-USD"}, {"trade_id": 667386267, "side": "sell", "size": "0.52180718", "price": "3001.51000000", "time": "2025-07-15T15:19:53.286177Z", "fetched_at": "2025-07-15T15:20:18.488645+00:00", "symbol": "ETH-USD"}, {"trade_id": 667386266, "side": "sell", "size": "0.00100000", "price": "3001.50000000", "time": "2025-07-15T15:19:53.286177Z", "fetched_at": "2025-07-15T15:20:18.488645+00:00", "symbol": "ETH-USD"}, {"trade_id": 667386265, "side": "sell", "size": "0.00049992", "price": "3001.49000000", "time": "2025-07-15T15:19:53.286177Z", "fetched_at": "2025-07-15T15:20:18.488645+00:00", "symbol": "ETH-USD"}, {"trade_id": 667386264, "side": "sell", "size": "0.64380325", "price": "3001.43000000", "time": "2025-07-15T15:19:53.286177Z", "fetched_at": "2025-07-15T15:20:18.488645+00:00", "symbol": "ETH-USD"}, {"trade_id": 667386263, "side": "sell", "size": "0.32539040", "price": "3001.41000000", "time": "2025-07-15T15:19:53.286177Z", "fetched_at": "2025-07-15T15:20:18.488645+00:00", "symbol": "ETH-USD"}, {"trade_id": 667386262, "side": "sell", "size": "0.58241614", "price": "3001.40000000", "time": "2025-07-15T15:19:53.286177Z", "fetched_at": "2025-07-15T15:20:18.488645+00:00", "symbol": "ETH-USD"}, {"trade_id": 667386261, "side": "sell", "size": "0.97200000", "price": "3001.28000000", "time": "2025-07-15T15:19:53.286177Z", "fetched_at": "2025-07-15T15:20:18.488645+00:00", "symbol": "ETH-USD"}, {"trade_id": 667386260, "side": "sell", "size": "2.42400480", "price": "3001.27000000", "time": "2025-07-15T15:19:53.286177Z", "fetched_at": "2025-07-15T15:20:18.488645+00:00", "symbol": "ETH-USD"}, {"trade_id": 667386259, "side": "sell", "size": "0.00100000", "price": "3001.27000000", "time": "2025-07-15T15:19:53.286177Z", "fetched_at": "2025-07-15T15:20:18.488645+00:00", "symbol": "ETH-USD"}, {"trade_id": 667386258, "side": "sell", "size": "0.56630792", "price": "3001.24000000", "time": "2025-07-15T15:19:53.286177Z", "fetched_at": "2025-07-15T15:20:18.488645+00:00", "symbol": "ETH-USD"}, {"trade_id": 667386257, "side": "sell", "size": "0.83304600", "price": "3001.04000000", "time": "2025-07-15T15:19:53.286177Z", "fetched_at": "2025-07-15T15:20:18.488645+00:00", "symbol": "ETH-USD"}, {"trade_id": 667386256, "side": "sell", "size": "0.52859996", "price": "3001.03000000", "time": "2025-07-15T15:19:53.286177Z", "fetched_at": "2025-07-15T15:20:18.488645+00:00", "symbol": "ETH-USD"}, {"trade_id": 667386255, "side": "sell", "size": "0.97200000", "price": "3000.97000000", "time": "2025-07-15T15:19:53.286177Z", "fetched_at": "2025-07-15T15:20:18.488645+00:00", "symbol": "ETH-USD"}, {"trade_id": 667386254, "side": "sell", "size": "0.46799271", "price": "3000.91000000", "time": "2025-07-15T15:19:53.286177Z", "fetched_at": "2025-07-15T15:20:18.488645+00:00", "symbol": "ETH-USD"}, {"trade_id": 667386253, "side": "sell", "size": "0.38244264", "price": "3000.90000000", "time": "2025-07-15T15:19:53.286177Z", "fetched_at": "2025-07-15T15:20:18.488645+00:00", "symbol": "ETH-USD"}, {"trade_id": 667386252, "side": "sell", "size": "0.83308618", "price": "3000.89000000", "time": "2025-07-15T15:19:53.286177Z", "fetched_at": "2025-07-15T15:20:18.488645+00:00", "symbol": "ETH-USD"}, {"trade_id": 667386251, "side": "sell", "size": "0.01583887", "price": "3000.88000000", "time": "2025-07-15T15:19:53.286177Z", "fetched_at": "2025-07-15T15:20:18.488645+00:00", "symbol": "ETH-USD"}, {"trade_id": 667386250, "side": "sell", "size": "0.18829695", "price": "3000.85000000", "time": "2025-07-15T15:19:53.286177Z", "fetched_at": "2025-07-15T15:20:18.488645+00:00", "symbol": "ETH-USD"}, {"trade_id": 667386249, "side": "sell", "size": "0.16662064", "price": "3000.83000000", "time": "2025-07-15T15:19:53.286177Z", "fetched_at": "2025-07-15T15:20:18.488645+00:00", "symbol": "ETH-USD"}, {"trade_id": 667386248, "side": "sell", "size": "0.00172239", "price": "3000.67000000", "time": "2025-07-15T15:19:53.286177Z", "fetched_at": "2025-07-15T15:20:18.488645+00:00", "symbol": "ETH-USD"}, {"trade_id": 667386247, "side": "sell", "size": "0.15342000", "price": "3000.55000000", "time": "2025-07-15T15:19:53.286177Z", "fetched_at": "2025-07-15T15:20:18.488645+00:00", "symbol": "ETH-USD"}, {"trade_id": 667386246, "side": "buy", "size": "0.23459181", "price": "2999.89000000", "time": "2025-07-15T15:19:53.278121Z", "fetched_at": "2025-07-15T15:20:18.488645+00:00", "symbol": "ETH-USD"}, {"trade_id": 667386245, "side": "buy", "size": "0.57530028", "price": "2999.90000000", "time": "2025-07-15T15:19:53.278121Z", "fetched_at": "2025-07-15T15:20:18.488645+00:00", "symbol": "ETH-USD"}, {"trade_id": 667386244, "side": "buy", "size": "0.37695336", "price": "2999.93000000", "time": "2025-07-15T15:19:53.278121Z", "fetched_at": "2025-07-15T15:20:18.488645+00:00", "symbol": "ETH-USD"}, {"trade_id": 667386243, "side": "buy", "size": "0.97200000", "price": "2999.96000000", "time": "2025-07-15T15:19:53.278121Z", "fetched_at": "2025-07-15T15:20:18.488645+00:00", "symbol": "ETH-USD"}, {"trade_id": 667386242, "side": "buy", "size": "0.00333337", "price": "2999.97000000", "time": "2025-07-15T15:19:53.278121Z", "fetched_at": "2025-07-15T15:20:18.488645+00:00", "symbol": "ETH-USD"}, {"trade_id": 667386241, "side": "buy", "size": "0.09342279", "price": "2999.97000000", "time": "2025-07-15T15:19:53.278121Z", "fetched_at": "2025-07-15T15:20:18.488645+00:00", "symbol": "ETH-USD"}, {"trade_id": 667386240, "side": "buy", "size": "0.20000000", "price": "3000.01000000", "time": "2025-07-15T15:19:53.278121Z", "fetched_at": "2025-07-15T15:20:18.488645+00:00", "symbol": "ETH-USD"}, {"trade_id": 667386239, "side": "buy", "size": "0.40000000", "price": "3000.01000000", "time": "2025-07-15T15:19:53.278121Z", "fetched_at": "2025-07-15T15:20:18.488645+00:00", "symbol": "ETH-USD"}, {"trade_id": 667386238, "side": "buy", "size": "0.12304000", "price": "3000.54000000", "time": "2025-07-15T15:19:53.278121Z", "fetched_at": "2025-07-15T15:20:18.488645+00:00", "symbol": "ETH-USD"}, {"trade_id": 667386237, "side": "buy", "size": "9.87696000", "price": "3000.54000000", "time": "2025-07-15T15:19:53.277008Z", "fetched_at": "2025-07-15T15:20:18.488645+00:00", "symbol": "ETH-USD"}, {"trade_id": 667386236, "side": "buy", "size": "0.12304000", "price": "3000.54000000", "time": "2025-07-15T15:19:53.277008Z", "fetched_at": "2025-07-15T15:20:18.488645+00:00", "symbol": "ETH-USD"}, {"trade_id": 667386235, "side": "buy", "size": "0.12304000", "price": "3000.55000000", "time": "2025-07-15T15:19:53.205065Z", "fetched_at": "2025-07-15T15:20:18.488645+00:00", "symbol": "ETH-USD"}, {"trade_id": 667386234, "side": "buy", "size": "0.08482744", "price": "3000.04000000", "time": "2025-07-15T15:19:53.187432Z", "fetched_at": "2025-07-15T15:20:18.488645+00:00", "symbol": "ETH-USD"}, {"trade_id": 667386233, "side": "buy", "size": "0.88717256", "price": "3000.04000000", "time": "2025-07-15T15:19:53.186660Z", "fetched_at": "2025-07-15T15:20:18.488645+00:00", "symbol": "ETH-USD"}, {"trade_id": 667386232, "side": "buy", "size": "0.08079744", "price": "3000.05000000", "time": "2025-07-15T15:19:53.186660Z", "fetched_at": "2025-07-15T15:20:18.488645+00:00", "symbol": "ETH-USD"}, {"trade_id": 667386231, "side": "buy", "size": "0.12304000", "price": "3000.56000000", "time": "2025-07-15T15:19:53.186660Z", "fetched_at": "2025-07-15T15:20:18.488645+00:00", "symbol": "ETH-USD"}, {"trade_id": 667386230, "side": "buy", "size": "0.00333289", "price": "3000.40000000", "time": "2025-07-15T15:19:53.170722Z", "fetched_at": "2025-07-15T15:20:18.488645+00:00", "symbol": "ETH-USD"}, {"trade_id": 667386229, "side": "buy", "size": "0.12304000", "price": "3000.56000000", "time": "2025-07-15T15:19:53.170722Z", "fetched_at": "2025-07-15T15:20:18.488645+00:00", "symbol": "ETH-USD"}, {"trade_id": 667386228, "side": "sell", "size": "0.01770066", "price": "3000.46000000", "time": "2025-07-15T15:19:53.084874Z", "fetched_at": "2025-07-15T15:20:18.488645+00:00", "symbol": "ETH-USD"}, {"trade_id": 667386227, "side": "sell", "size": "0.00172239", "price": "3000.45000000", "time": "2025-07-15T15:19:53.084874Z", "fetched_at": "2025-07-15T15:20:18.488645+00:00", "symbol": "ETH-USD"}, {"trade_id": 667386226, "side": "buy", "size": "0.11901000", "price": "2999.26000000", "time": "2025-07-15T15:19:53.062173Z", "fetched_at": "2025-07-15T15:20:18.488645+00:00", "symbol": "ETH-USD"}, {"trade_id": 667386225, "side": "buy", "size": "0.26290559", "price": "2999.26000000", "time": "2025-07-15T15:19:53.061972Z", "fetched_at": "2025-07-15T15:20:18.488645+00:00", "symbol": "ETH-USD"}, {"trade_id": 667386224, "side": "buy", "size": "0.46693661", "price": "2999.38000000", "time": "2025-07-15T15:19:53.061972Z", "fetched_at": "2025-07-15T15:20:18.488645+00:00", "symbol": "ETH-USD"}, {"trade_id": 667386223, "side": "buy", "size": "0.25000000", "price": "2999.75000000", "time": "2025-07-15T15:19:53.061972Z", "fetched_at": "2025-07-15T15:20:18.488645+00:00", "symbol": "ETH-USD"}, {"trade_id": 667386222, "side": "buy", "size": "0.02846680", "price": "3000.09000000", "time": "2025-07-15T15:19:53.061300Z", "fetched_at": "2025-07-15T15:20:18.488645+00:00", "symbol": "ETH-USD"}, {"trade_id": 667386221, "side": "buy", "size": "0.12304000", "price": "3000.31000000", "time": "2025-07-15T15:19:53.061300Z", "fetched_at": "2025-07-15T15:20:18.488645+00:00", "symbol": "ETH-USD"}, {"trade_id": 667386220, "side": "buy", "size": "0.11116780", "price": "2999.97000000", "time": "2025-07-15T15:19:53.059434Z", "fetched_at": "2025-07-15T15:20:18.488645+00:00", "symbol": "ETH-USD"}, {"trade_id": 667386219, "side": "buy", "size": "0.50506339", "price": "2999.38000000", "time": "2025-07-15T15:19:53.058042Z", "fetched_at": "2025-07-15T15:20:18.488645+00:00", "symbol": "ETH-USD"}, {"trade_id": 667386218, "side": "buy", "size": "0.37706417", "price": "2999.45000000", "time": "2025-07-15T15:19:53.058042Z", "fetched_at": "2025-07-15T15:20:18.488645+00:00", "symbol": "ETH-USD"}, {"trade_id": 667386217, "side": "buy", "size": "0.03286305", "price": "2999.47000000", "time": "2025-07-15T15:19:53.058042Z", "fetched_at": "2025-07-15T15:20:18.488645+00:00", "symbol": "ETH-USD"}, {"trade_id": 667386216, "side": "buy", "size": "0.32641969", "price": "2999.47000000", "time": "2025-07-15T15:19:53.058042Z", "fetched_at": "2025-07-15T15:20:18.488645+00:00", "symbol": "ETH-USD"}, {"trade_id": 667386215, "side": "buy", "size": "0.58243548", "price": "2999.55000000", "time": "2025-07-15T15:19:53.058042Z", "fetched_at": "2025-07-15T15:20:18.488645+00:00", "symbol": "ETH-USD"}, {"trade_id": 667386214, "side": "buy", "size": "0.08987244", "price": "2999.74000000", "time": "2025-07-15T15:19:53.058042Z", "fetched_at": "2025-07-15T15:20:18.488645+00:00", "symbol": "ETH-USD"}, {"trade_id": 667386213, "side": "sell", "size": "0.00121913", "price": "3000.88000000", "time": "2025-07-15T15:19:53.055518Z", "fetched_at": "2025-07-15T15:20:18.488645+00:00", "symbol": "ETH-USD"}, {"trade_id": 667386212, "side": "sell", "size": "0.97200000", "price": "3000.84000000", "time": "2025-07-15T15:19:53.055518Z", "fetched_at": "2025-07-15T15:20:18.488645+00:00", "symbol": "ETH-USD"}, {"trade_id": 667386211, "side": "buy", "size": "0.17351684", "price": "2999.74000000", "time": "2025-07-15T15:19:53.054067Z", "fetched_at": "2025-07-15T15:20:18.488645+00:00", "symbol": "ETH-USD"}, {"trade_id": 667386210, "side": "buy", "size": "0.00333362", "price": "2999.75000000", "time": "2025-07-15T15:19:53.054067Z", "fetched_at": "2025-07-15T15:20:18.488645+00:00", "symbol": "ETH-USD"}, {"trade_id": 667386209, "side": "buy", "size": "0.15150679", "price": "2999.77000000", "time": "2025-07-15T15:19:53.054067Z", "fetched_at": "2025-07-15T15:20:18.488645+00:00", "symbol": "ETH-USD"}, {"trade_id": 667386208, "side": "buy", "size": "0.11901000", "price": "3000.20000000", "time": "2025-07-15T15:19:53.054067Z", "fetched_at": "2025-07-15T15:20:18.488645+00:00", "symbol": "ETH-USD"}, {"trade_id": 667386207, "side": "sell", "size": "0.97200000", "price": "3000.89000000", "time": "2025-07-15T15:19:53.045444Z", "fetched_at": "2025-07-15T15:20:18.488645+00:00", "symbol": "ETH-USD"}, {"trade_id": 667386206, "side": "sell", "size": "0.00172239", "price": "3000.88000000", "time": "2025-07-15T15:19:53.045444Z", "fetched_at": "2025-07-15T15:20:18.488645+00:00", "symbol": "ETH-USD"}, {"trade_id": 667386205, "side": "buy", "size": "0.23802000", "price": "3000.05000000", "time": "2025-07-15T15:19:53.043418Z", "fetched_at": "2025-07-15T15:20:18.488645+00:00", "symbol": "ETH-USD"}, {"trade_id": 667386204, "side": "buy", "size": "0.73398000", "price": "3000.05000000", "time": "2025-07-15T15:19:53.034294Z", "fetched_at": "2025-07-15T15:20:18.488645+00:00", "symbol": "ETH-USD"}, {"trade_id": 667386203, "side": "buy", "size": "0.11901000", "price": "3000.05000000", "time": "2025-07-15T15:19:53.034294Z", "fetched_at": "2025-07-15T15:20:18.488645+00:00", "symbol": "ETH-USD"}, {"trade_id": 667386202, "side": "buy", "size": "0.11901000", "price": "3000.32000000", "time": "2025-07-15T15:19:53.034294Z", "fetched_at": "2025-07-15T15:20:18.488645+00:00", "symbol": "ETH-USD"}, {"trade_id": 667386201, "side": "sell", "size": "0.97200000", "price": "3000.77000000", "time": "2025-07-15T15:19:53.031820Z", "fetched_at": "2025-07-15T15:20:18.488645+00:00", "symbol": "ETH-USD"}, {"trade_id": 667386200, "side": "sell", "size": "0.16662888", "price": "3000.69000000", "time": "2025-07-15T15:19:53.026547Z", "fetched_at": "2025-07-15T15:20:18.488645+00:00", "symbol": "ETH-USD"}, {"trade_id": 667386199, "side": "sell", "size": "0.00172239", "price": "3000.68000000", "time": "2025-07-15T15:19:53.026547Z", "fetched_at": "2025-07-15T15:20:18.488645+00:00", "symbol": "ETH-USD"}, {"trade_id": 667386198, "side": "sell", "size": "0.97200000", "price": "3000.66000000", "time": "2025-07-15T15:19:53.026547Z", "fetched_at": "2025-07-15T15:20:18.488645+00:00", "symbol": "ETH-USD"}, {"trade_id": 667386197, "side": "buy", "size": "0.01031628", "price": "3000.11000000", "time": "2025-07-15T15:19:53.020397Z", "fetched_at": "2025-07-15T15:20:18.488645+00:00", "symbol": "ETH-USD"}, {"trade_id": 667386196, "side": "buy", "size": "0.08207870", "price": "3000.14000000", "time": "2025-07-15T15:19:53.020397Z", "fetched_at": "2025-07-15T15:20:18.488645+00:00", "symbol": "ETH-USD"}, {"trade_id": 667386195, "side": "buy", "size": "0.11901000", "price": "3000.14000000", "time": "2025-07-15T15:19:53.020397Z", "fetched_at": "2025-07-15T15:20:18.488645+00:00", "symbol": "ETH-USD"}, {"trade_id": 667386194, "side": "buy", "size": "0.12304000", "price": "3000.32000000", "time": "2025-07-15T15:19:53.020397Z", "fetched_at": "2025-07-15T15:20:18.488645+00:00", "symbol": "ETH-USD"}, {"trade_id": 667386193, "side": "sell", "size": "0.83305564", "price": "3001.00000000", "time": "2025-07-15T15:19:53.012350Z", "fetched_at": "2025-07-15T15:20:18.488645+00:00", "symbol": "ETH-USD"}, {"trade_id": 667386192, "side": "sell", "size": "0.58160487", "price": "3000.85000000", "time": "2025-07-15T15:19:53.012350Z", "fetched_at": "2025-07-15T15:20:18.488645+00:00", "symbol": "ETH-USD"}, {"trade_id": 667386191, "side": "sell", "size": "0.00172239", "price": "3000.59000000", "time": "2025-07-15T15:19:53.012350Z", "fetched_at": "2025-07-15T15:20:18.488645+00:00", "symbol": "ETH-USD"}, {"trade_id": 667386190, "side": "buy", "size": "0.08064805", "price": "3000.13000000", "time": "2025-07-15T15:19:53.012223Z", "fetched_at": "2025-07-15T15:20:18.488645+00:00", "symbol": "ETH-USD"}, {"trade_id": 667386189, "side": "buy", "size": "0.05270823", "price": "3000.13000000", "time": "2025-07-15T15:19:53.012223Z", "fetched_at": "2025-07-15T15:20:18.488645+00:00", "symbol": "ETH-USD"}, {"trade_id": 667386188, "side": "buy", "size": "0.00333319", "price": "3000.13000000", "time": "2025-07-15T15:19:53.012223Z", "fetched_at": "2025-07-15T15:20:18.488645+00:00", "symbol": "ETH-USD"}, {"trade_id": 667386187, "side": "buy", "size": "0.97200000", "price": "3000.22000000", "time": "2025-07-15T15:19:53.012223Z", "fetched_at": "2025-07-15T15:20:18.488645+00:00", "symbol": "ETH-USD"}, {"trade_id": 667386186, "side": "sell", "size": "0.00100000", "price": "3001.04000000", "time": "2025-07-15T15:19:53.001474Z", "fetched_at": "2025-07-15T15:20:18.488645+00:00", "symbol": "ETH-USD"}, {"trade_id": 667386185, "side": "sell", "size": "0.83305299", "price": "3001.01000000", "time": "2025-07-15T15:19:53.001474Z", "fetched_at": "2025-07-15T15:20:18.488645+00:00", "symbol": "ETH-USD"}, {"trade_id": 667386184, "side": "sell", "size": "2.35273178", "price": "3001.01000000", "time": "2025-07-15T15:19:53.001474Z", "fetched_at": "2025-07-15T15:20:18.488645+00:00", "symbol": "ETH-USD"}, {"trade_id": 667386183, "side": "sell", "size": "0.54034232", "price": "3001.00000000", "time": "2025-07-15T15:19:53.001474Z", "fetched_at": "2025-07-15T15:20:18.488645+00:00", "symbol": "ETH-USD"}, {"trade_id": 667386182, "side": "sell", "size": "0.01440325", "price": "3000.99000000", "time": "2025-07-15T15:19:53.001474Z", "fetched_at": "2025-07-15T15:20:18.488645+00:00", "symbol": "ETH-USD"}, {"trade_id": 667386181, "side": "sell", "size": "0.70664816", "price": "3000.98000000", "time": "2025-07-15T15:19:53.001474Z", "fetched_at": "2025-07-15T15:20:18.488645+00:00", "symbol": "ETH-USD"}, {"trade_id": 667386180, "side": "sell", "size": "0.97200000", "price": "3000.94000000", "time": "2025-07-15T15:19:53.001474Z", "fetched_at": "2025-07-15T15:20:18.488645+00:00", "symbol": "ETH-USD"}, {"trade_id": 667386179, "side": "sell", "size": "0.54179460", "price": "3000.90000000", "time": "2025-07-15T15:19:53.001474Z", "fetched_at": "2025-07-15T15:20:18.488645+00:00", "symbol": "ETH-USD"}, {"trade_id": 667386178, "side": "sell", "size": "0.18215707", "price": "3000.89000000", "time": "2025-07-15T15:19:53.001474Z", "fetched_at": "2025-07-15T15:20:18.488645+00:00", "symbol": "ETH-USD"}, {"trade_id": 667386177, "side": "sell", "size": "0.16662098", "price": "3000.83000000", "time": "2025-07-15T15:19:53.001474Z", "fetched_at": "2025-07-15T15:20:18.488645+00:00", "symbol": "ETH-USD"}, {"trade_id": 667386176, "side": "sell", "size": "0.00005894", "price": "3000.82000000", "time": "2025-07-15T15:19:53.001474Z", "fetched_at": "2025-07-15T15:20:18.488645+00:00", "symbol": "ETH-USD"}, {"trade_id": 667386175, "side": "sell", "size": "0.51961268", "price": "3000.76000000", "time": "2025-07-15T15:19:53.001474Z", "fetched_at": "2025-07-15T15:20:18.488645+00:00", "symbol": "ETH-USD"}, {"trade_id": 667386174, "side": "sell", "size": "0.03859998", "price": "3000.70000000", "time": "2025-07-15T15:19:53.001474Z", "fetched_at": "2025-07-15T15:20:18.488645+00:00", "symbol": "ETH-USD"}, {"trade_id": 667386173, "side": "sell", "size": "0.00392517", "price": "3000.66000000", "time": "2025-07-15T15:19:53.001474Z", "fetched_at": "2025-07-15T15:20:18.488645+00:00", "symbol": "ETH-USD"}, {"trade_id": 667386172, "side": "sell", "size": "0.04379814", "price": "3000.62000000", "time": "2025-07-15T15:19:53.001474Z", "fetched_at": "2025-07-15T15:20:18.488645+00:00", "symbol": "ETH-USD"}, {"trade_id": 667386171, "side": "sell", "size": "0.05226322", "price": "3000.61000000", "time": "2025-07-15T15:19:53.001474Z", "fetched_at": "2025-07-15T15:20:18.488645+00:00", "symbol": "ETH-USD"}, {"trade_id": 667386170, "side": "sell", "size": "0.07789396", "price": "3000.60000000", "time": "2025-07-15T15:19:53.001474Z", "fetched_at": "2025-07-15T15:20:18.488645+00:00", "symbol": "ETH-USD"}, {"trade_id": 667386169, "side": "sell", "size": "0.01997000", "price": "3000.59000000", "time": "2025-07-15T15:19:53.001474Z", "fetched_at": "2025-07-15T15:20:18.488645+00:00", "symbol": "ETH-USD"}, {"trade_id": 667386168, "side": "sell", "size": "0.00172239", "price": "3000.59000000", "time": "2025-07-15T15:19:53.001474Z", "fetched_at": "2025-07-15T15:20:18.488645+00:00", "symbol": "ETH-USD"}, {"trade_id": 667386167, "side": "buy", "size": "0.68896994", "price": "2999.66000000", "time": "2025-07-15T15:19:52.901361Z", "fetched_at": "2025-07-15T15:20:18.488645+00:00", "symbol": "ETH-USD"}, {"trade_id": 667386166, "side": "buy", "size": "0.48233532", "price": "2999.80000000", "time": "2025-07-15T15:19:52.901361Z", "fetched_at": "2025-07-15T15:20:18.488645+00:00", "symbol": "ETH-USD"}, {"trade_id": 667386165, "side": "buy", "size": "0.42722889", "price": "2999.80000000", "time": "2025-07-15T15:19:52.901361Z", "fetched_at": "2025-07-15T15:20:18.488645+00:00", "symbol": "ETH-USD"}, {"trade_id": 667386164, "side": "buy", "size": "0.00250668", "price": "2999.98000000", "time": "2025-07-15T15:19:52.901361Z", "fetched_at": "2025-07-15T15:20:18.488645+00:00", "symbol": "ETH-USD"}, {"trade_id": 667386163, "side": "buy", "size": "0.63655608", "price": "2999.98000000", "time": "2025-07-15T15:19:52.901361Z", "fetched_at": "2025-07-15T15:20:18.488645+00:00", "symbol": "ETH-USD"}, {"trade_id": 667386162, "side": "buy", "size": "0.33255876", "price": "2999.98000000", "time": "2025-07-15T15:19:52.901361Z", "fetched_at": "2025-07-15T15:20:18.488645+00:00", "symbol": "ETH-USD"}, {"trade_id": 667386161, "side": "buy", "size": "0.10000000", "price": "2999.98000000", "time": "2025-07-15T15:19:52.901361Z", "fetched_at": "2025-07-15T15:20:18.488645+00:00", "symbol": "ETH-USD"}, {"trade_id": 667386160, "side": "buy", "size": "0.17792006", "price": "2999.99000000", "time": "2025-07-15T15:19:52.901361Z", "fetched_at": "2025-07-15T15:20:18.488645+00:00", "symbol": "ETH-USD"}, {"trade_id": 667386159, "side": "buy", "size": "0.00333330", "price": "3000.03000000", "time": "2025-07-15T15:19:52.900853Z", "fetched_at": "2025-07-15T15:20:18.488645+00:00", "symbol": "ETH-USD"}, {"trade_id": 667386158, "side": "buy", "size": "0.12304000", "price": "3000.62000000", "time": "2025-07-15T15:19:52.898379Z", "fetched_at": "2025-07-15T15:20:18.488645+00:00", "symbol": "ETH-USD"}, {"trade_id": 667386157, "side": "buy", "size": "0.97200000", "price": "3000.02000000", "time": "2025-07-15T15:19:52.887792Z", "fetched_at": "2025-07-15T15:20:18.488645+00:00", "symbol": "ETH-USD"}, {"trade_id": 667386156, "side": "buy", "size": "0.00333332", "price": "3000.02000000", "time": "2025-07-15T15:19:52.884637Z", "fetched_at": "2025-07-15T15:20:18.488645+00:00", "symbol": "ETH-USD"}, {"trade_id": 667386155, "side": "buy", "size": "0.11970668", "price": "3000.62000000", "time": "2025-07-15T15:19:52.884637Z", "fetched_at": "2025-07-15T15:20:18.488645+00:00", "symbol": "ETH-USD"}, {"trade_id": 667386154, "side": "buy", "size": "0.00333332", "price": "3000.62000000", "time": "2025-07-15T15:19:52.882370Z", "fetched_at": "2025-07-15T15:20:18.488645+00:00", "symbol": "ETH-USD"}, {"trade_id": 667386153, "side": "buy", "size": "0.97200000", "price": "3000.01000000", "time": "2025-07-15T15:19:52.870693Z", "fetched_at": "2025-07-15T15:20:18.488645+00:00", "symbol": "ETH-USD"}, {"trade_id": 667386152, "side": "buy", "size": "0.11901000", "price": "3000.01000000", "time": "2025-07-15T15:19:52.866465Z", "fetched_at": "2025-07-15T15:20:18.488645+00:00", "symbol": "ETH-USD"}, {"trade_id": 667386151, "side": "buy", "size": "0.00333322", "price": "3000.11000000", "time": "2025-07-15T15:19:52.849840Z", "fetched_at": "2025-07-15T15:20:18.488645+00:00", "symbol": "ETH-USD"}, {"trade_id": 667386150, "side": "buy", "size": "0.00333322", "price": "3000.16000000", "time": "2025-07-15T15:19:52.844872Z", "fetched_at": "2025-07-15T15:20:18.488645+00:00", "symbol": "ETH-USD"}, {"trade_id": 667386149, "side": "buy", "size": "0.85299000", "price": "3000.10000000", "time": "2025-07-15T15:19:52.830794Z", "fetched_at": "2025-07-15T15:20:18.488645+00:00", "symbol": "ETH-USD"}, {"trade_id": 667386148, "side": "buy", "size": "0.11901000", "price": "3000.10000000", "time": "2025-07-15T15:19:52.829969Z", "fetched_at": "2025-07-15T15:20:18.488645+00:00", "symbol": "ETH-USD"}, {"trade_id": 667386147, "side": "buy", "size": "0.11901000", "price": "3000.39000000", "time": "2025-07-15T15:19:52.825999Z", "fetched_at": "2025-07-15T15:20:18.488645+00:00", "symbol": "ETH-USD"}, {"trade_id": 667386146, "side": "sell", "size": "0.47038851", "price": "3000.83000000", "time": "2025-07-15T15:19:52.814646Z", "fetched_at": "2025-07-15T15:20:18.488645+00:00", "symbol": "ETH-USD"}, {"trade_id": 667386145, "side": "buy", "size": "0.12304000", "price": "3000.53000000", "time": "2025-07-15T15:19:52.811719Z", "fetched_at": "2025-07-15T15:20:18.488645+00:00", "symbol": "ETH-USD"}, {"trade_id": 667386144, "side": "sell", "size": "0.19820333", "price": "3000.82000000", "time": "2025-07-15T15:19:52.804761Z", "fetched_at": "2025-07-15T15:20:18.488645+00:00", "symbol": "ETH-USD"}, {"trade_id": 667386143, "side": "sell", "size": "0.01368889", "price": "3000.78000000", "time": "2025-07-15T15:19:52.804761Z", "fetched_at": "2025-07-15T15:20:18.488645+00:00", "symbol": "ETH-USD"}, {"trade_id": 667386142, "side": "sell", "size": "0.16662471", "price": "3000.76000000", "time": "2025-07-15T15:19:52.804761Z", "fetched_at": "2025-07-15T15:20:18.488645+00:00", "symbol": "ETH-USD"}, {"trade_id": 667386141, "side": "sell", "size": "0.00707876", "price": "3000.74000000", "time": "2025-07-15T15:19:52.804761Z", "fetched_at": "2025-07-15T15:20:18.488645+00:00", "symbol": "ETH-USD"}, {"trade_id": 667386140, "side": "sell", "size": "0.00537778", "price": "3000.69000000", "time": "2025-07-15T15:19:52.804761Z", "fetched_at": "2025-07-15T15:20:18.488645+00:00", "symbol": "ETH-USD"}, {"trade_id": 667386139, "side": "sell", "size": "0.00010335", "price": "3000.69000000", "time": "2025-07-15T15:19:52.804761Z", "fetched_at": "2025-07-15T15:20:18.488645+00:00", "symbol": "ETH-USD"}, {"trade_id": 667386138, "side": "sell", "size": "0.36308617", "price": "3000.54000000", "time": "2025-07-15T15:19:52.804761Z", "fetched_at": "2025-07-15T15:20:18.488645+00:00", "symbol": "ETH-USD"}, {"trade_id": 667386137, "side": "sell", "size": "0.15342000", "price": "3000.53000000", "time": "2025-07-15T15:19:52.804761Z", "fetched_at": "2025-07-15T15:20:18.488645+00:00", "symbol": "ETH-USD"}, {"trade_id": 667386136, "side": "sell", "size": "0.00172239", "price": "3000.53000000", "time": "2025-07-15T15:19:52.804761Z", "fetched_at": "2025-07-15T15:20:18.488645+00:00", "symbol": "ETH-USD"}, {"trade_id": 667386135, "side": "buy", "size": "0.39653314", "price": "2999.81000000", "time": "2025-07-15T15:19:52.778923Z", "fetched_at": "2025-07-15T15:20:18.488645+00:00", "symbol": "ETH-USD"}, {"trade_id": 667386134, "side": "buy", "size": "0.88140951", "price": "2999.82000000", "time": "2025-07-15T15:19:52.778923Z", "fetched_at": "2025-07-15T15:20:18.488645+00:00", "symbol": "ETH-USD"}, {"trade_id": 667386133, "side": "buy", "size": "0.83263000", "price": "2999.83000000", "time": "2025-07-15T15:19:52.778923Z", "fetched_at": "2025-07-15T15:20:18.488645+00:00", "symbol": "ETH-USD"}, {"trade_id": 667386132, "side": "buy", "size": "0.32508502", "price": "2999.85000000", "time": "2025-07-15T15:19:52.778923Z", "fetched_at": "2025-07-15T15:20:18.488645+00:00", "symbol": "ETH-USD"}, {"trade_id": 667386131, "side": "buy", "size": "0.70804672", "price": "2999.90000000", "time": "2025-07-15T15:19:52.778923Z", "fetched_at": "2025-07-15T15:20:18.488645+00:00", "symbol": "ETH-USD"}, {"trade_id": 667386130, "side": "buy", "size": "0.56030405", "price": "2999.96000000", "time": "2025-07-15T15:19:52.778923Z", "fetched_at": "2025-07-15T15:20:18.488645+00:00", "symbol": "ETH-USD"}, {"trade_id": 667386129, "side": "buy", "size": "0.18691410", "price": "2999.97000000", "time": "2025-07-15T15:19:52.778923Z", "fetched_at": "2025-07-15T15:20:18.488645+00:00", "symbol": "ETH-USD"}, {"trade_id": 667386128, "side": "buy", "size": "0.09249415", "price": "3000.13000000", "time": "2025-07-15T15:19:52.778923Z", "fetched_at": "2025-07-15T15:20:18.488645+00:00", "symbol": "ETH-USD"}, {"trade_id": 667386127, "side": "buy", "size": "0.00333318", "price": "3000.14000000", "time": "2025-07-15T15:19:52.778923Z", "fetched_at": "2025-07-15T15:20:18.488645+00:00", "symbol": "ETH-USD"}, {"trade_id": 667386126, "side": "buy", "size": "0.11901000", "price": "3000.15000000", "time": "2025-07-15T15:19:52.778923Z", "fetched_at": "2025-07-15T15:20:18.488645+00:00", "symbol": "ETH-USD"}, {"trade_id": 667386125, "side": "buy", "size": "0.97200000", "price": "3000.17000000", "time": "2025-07-15T15:19:52.778923Z", "fetched_at": "2025-07-15T15:20:18.488645+00:00", "symbol": "ETH-USD"}, {"trade_id": 667386124, "side": "buy", "size": "0.12304000", "price": "3000.52000000", "time": "2025-07-15T15:19:52.778923Z", "fetched_at": "2025-07-15T15:20:18.488645+00:00", "symbol": "ETH-USD"}, {"trade_id": 667386123, "side": "buy", "size": "1.84892869", "price": "3000.12000000", "time": "2025-07-15T15:19:52.762041Z", "fetched_at": "2025-07-15T15:20:18.488645+00:00", "symbol": "ETH-USD"}, {"trade_id": 667386122, "side": "buy", "size": "0.31010977", "price": "3000.13000000", "time": "2025-07-15T15:19:52.762041Z", "fetched_at": "2025-07-15T15:20:18.488645+00:00", "symbol": "ETH-USD"}, {"trade_id": 667386121, "side": "buy", "size": "0.00333318", "price": "3000.14000000", "time": "2025-07-15T15:19:52.762041Z", "fetched_at": "2025-07-15T15:20:18.488645+00:00", "symbol": "ETH-USD"}, {"trade_id": 667386120, "side": "buy", "size": "0.15342000", "price": "3000.20000000", "time": "2025-07-15T15:19:52.762041Z", "fetched_at": "2025-07-15T15:20:18.488645+00:00", "symbol": "ETH-USD"}, {"trade_id": 667386119, "side": "buy", "size": "0.12304000", "price": "3000.52000000", "time": "2025-07-15T15:19:52.762041Z", "fetched_at": "2025-07-15T15:20:18.488645+00:00", "symbol": "ETH-USD"}, {"trade_id": 667386118, "side": "buy", "size": "4.78259013", "price": "3000.53000000", "time": "2025-07-15T15:19:52.691426Z", "fetched_at": "2025-07-15T15:20:18.488645+00:00", "symbol": "ETH-USD"}, {"trade_id": 667386117, "side": "buy", "size": "0.01661000", "price": "3000.53000000", "time": "2025-07-15T15:19:52.659593Z", "fetched_at": "2025-07-15T15:20:18.488645+00:00", "symbol": "ETH-USD"}, {"trade_id": 667386116, "side": "buy", "size": "5.20079987", "price": "3000.53000000", "time": "2025-07-15T15:19:52.612127Z", "fetched_at": "2025-07-15T15:20:18.488645+00:00", "symbol": "ETH-USD"}, {"trade_id": 667386115, "side": "sell", "size": "0.00051827", "price": "3000.13000000", "time": "2025-07-15T15:19:52.561025Z", "fetched_at": "2025-07-15T15:20:18.488645+00:00", "symbol": "ETH-USD"}, {"trade_id": 667386114, "side": "sell", "size": "0.00051827", "price": "2999.99000000", "time": "2025-07-15T15:19:52.530920Z", "fetched_at": "2025-07-15T15:20:18.488645+00:00", "symbol": "ETH-USD"}, {"trade_id": 667386113, "side": "sell", "size": "0.83320835", "price": "3000.45000000", "time": "2025-07-15T15:19:52.526718Z", "fetched_at": "2025-07-15T15:20:18.488645+00:00", "symbol": "ETH-USD"}, {"trade_id": 667386112, "side": "sell", "size": "0.54219655", "price": "3000.30000000", "time": "2025-07-15T15:19:52.526718Z", "fetched_at": "2025-07-15T15:20:18.488645+00:00", "symbol": "ETH-USD"}, {"trade_id": 667386111, "side": "sell", "size": "0.12974408", "price": "2999.99000000", "time": "2025-07-15T15:19:52.526718Z", "fetched_at": "2025-07-15T15:20:18.488645+00:00", "symbol": "ETH-USD"}, {"trade_id": 667386110, "side": "sell", "size": "1.30659724", "price": "3000.70000000", "time": "2025-07-15T15:19:52.513117Z", "fetched_at": "2025-07-15T15:20:18.488645+00:00", "symbol": "ETH-USD"}, {"trade_id": 667386109, "side": "sell", "size": "0.97200000", "price": "3000.68000000", "time": "2025-07-15T15:19:52.513117Z", "fetched_at": "2025-07-15T15:20:18.488645+00:00", "symbol": "ETH-USD"}, {"trade_id": 667386108, "side": "sell", "size": "0.39959029", "price": "3000.66000000", "time": "2025-07-15T15:19:52.513117Z", "fetched_at": "2025-07-15T15:20:18.488645+00:00", "symbol": "ETH-USD"}, {"trade_id": 667386107, "side": "sell", "size": "1.31343989", "price": "3000.65000000", "time": "2025-07-15T15:19:52.513117Z", "fetched_at": "2025-07-15T15:20:18.488645+00:00", "symbol": "ETH-USD"}, {"trade_id": 667386106, "side": "sell", "size": "0.82720143", "price": "3000.65000000", "time": "2025-07-15T15:19:52.513117Z", "fetched_at": "2025-07-15T15:20:18.488645+00:00", "symbol": "ETH-USD"}, {"trade_id": 667386105, "side": "sell", "size": "0.37842107", "price": "3000.51000000", "time": "2025-07-15T15:19:52.513117Z", "fetched_at": "2025-07-15T15:20:18.488645+00:00", "symbol": "ETH-USD"}, {"trade_id": 667386104, "side": "sell", "size": "0.32539040", "price": "3000.49000000", "time": "2025-07-15T15:19:52.513117Z", "fetched_at": "2025-07-15T15:20:18.488645+00:00", "symbol": "ETH-USD"}, {"trade_id": 667386103, "side": "sell", "size": "0.42228688", "price": "3000.48000000", "time": "2025-07-15T15:19:52.513117Z", "fetched_at": "2025-07-15T15:20:18.488645+00:00", "symbol": "ETH-USD"}, {"trade_id": 667386102, "side": "sell", "size": "0.48952317", "price": "3000.45000000", "time": "2025-07-15T15:19:52.513117Z", "fetched_at": "2025-07-15T15:20:18.488645+00:00", "symbol": "ETH-USD"}, {"trade_id": 667386101, "side": "sell", "size": "0.09915679", "price": "3000.43000000", "time": "2025-07-15T15:19:52.513117Z", "fetched_at": "2025-07-15T15:20:18.488645+00:00", "symbol": "ETH-USD"}, {"trade_id": 667386100, "side": "sell", "size": "0.00100000", "price": "3000.35000000", "time": "2025-07-15T15:19:52.513117Z", "fetched_at": "2025-07-15T15:20:18.488645+00:00", "symbol": "ETH-USD"}, {"trade_id": 667386099, "side": "sell", "size": "0.50547293", "price": "3000.34000000", "time": "2025-07-15T15:19:52.513117Z", "fetched_at": "2025-07-15T15:20:18.488645+00:00", "symbol": "ETH-USD"}, {"trade_id": 667386098, "side": "sell", "size": "0.97200000", "price": "3000.34000000", "time": "2025-07-15T15:19:52.513117Z", "fetched_at": "2025-07-15T15:20:18.488645+00:00", "symbol": "ETH-USD"}, {"trade_id": 667386097, "side": "sell", "size": "0.06160022", "price": "3000.32000000", "time": "2025-07-15T15:19:52.513117Z", "fetched_at": "2025-07-15T15:20:18.488645+00:00", "symbol": "ETH-USD"}, {"trade_id": 667386096, "side": "sell", "size": "0.83324723", "price": "3000.31000000", "time": "2025-07-15T15:19:52.513117Z", "fetched_at": "2025-07-15T15:20:18.488645+00:00", "symbol": "ETH-USD"}, {"trade_id": 667386095, "side": "sell", "size": "0.07799840", "price": "3000.31000000", "time": "2025-07-15T15:19:52.513117Z", "fetched_at": "2025-07-15T15:20:18.488645+00:00", "symbol": "ETH-USD"}, {"trade_id": 667386094, "side": "sell", "size": "20.00000000", "price": "3000.20000000", "time": "2025-07-15T15:19:52.513117Z", "fetched_at": "2025-07-15T15:20:18.488645+00:00", "symbol": "ETH-USD"}, {"trade_id": 667386093, "side": "sell", "size": "0.58256897", "price": "3000.19000000", "time": "2025-07-15T15:19:52.513117Z", "fetched_at": "2025-07-15T15:20:18.488645+00:00", "symbol": "ETH-USD"}, {"trade_id": 667386092, "side": "sell", "size": "0.16665733", "price": "3000.17000000", "time": "2025-07-15T15:19:52.513117Z", "fetched_at": "2025-07-15T15:20:18.488645+00:00", "symbol": "ETH-USD"}, {"trade_id": 667386091, "side": "sell", "size": "0.07452604", "price": "3000.03000000", "time": "2025-07-15T15:19:52.513117Z", "fetched_at": "2025-07-15T15:20:18.488645+00:00", "symbol": "ETH-USD"}, {"trade_id": 667386090, "side": "sell", "size": "0.11210636", "price": "3000.01000000", "time": "2025-07-15T15:19:52.513117Z", "fetched_at": "2025-07-15T15:20:18.488645+00:00", "symbol": "ETH-USD"}, {"trade_id": 667386089, "side": "sell", "size": "20.00000000", "price": "3000.00000000", "time": "2025-07-15T15:19:52.513117Z", "fetched_at": "2025-07-15T15:20:18.488645+00:00", "symbol": "ETH-USD"}, {"trade_id": 667386088, "side": "sell", "size": "0.00051827", "price": "2999.99000000", "time": "2025-07-15T15:19:52.513117Z", "fetched_at": "2025-07-15T15:20:18.488645+00:00", "symbol": "ETH-USD"}, {"trade_id": 667386087, "side": "sell", "size": "0.07869709", "price": "2999.79000000", "time": "2025-07-15T15:19:52.513117Z", "fetched_at": "2025-07-15T15:20:18.488645+00:00", "symbol": "ETH-USD"}, {"trade_id": 667386086, "side": "buy", "size": "3.78745533", "price": "2999.15000000", "time": "2025-07-15T15:19:52.399994Z", "fetched_at": "2025-07-15T15:20:18.488645+00:00", "symbol": "ETH-USD"}, {"trade_id": 667386085, "side": "buy", "size": "0.02711709", "price": "2999.17000000", "time": "2025-07-15T15:19:52.399994Z", "fetched_at": "2025-07-15T15:20:18.488645+00:00", "symbol": "ETH-USD"}, {"trade_id": 667386084, "side": "buy", "size": "0.32508502", "price": "2999.18000000", "time": "2025-07-15T15:19:52.399994Z", "fetched_at": "2025-07-15T15:20:18.488645+00:00", "symbol": "ETH-USD"}, {"trade_id": 667386083, "side": "buy", "size": "0.00100000", "price": "2999.20000000", "time": "2025-07-15T15:19:52.399994Z", "fetched_at": "2025-07-15T15:20:18.488645+00:00", "symbol": "ETH-USD"}, {"trade_id": 667386082, "side": "buy", "size": "0.55170185", "price": "2999.24000000", "time": "2025-07-15T15:19:52.399994Z", "fetched_at": "2025-07-15T15:20:18.488645+00:00", "symbol": "ETH-USD"}, {"trade_id": 667386081, "side": "buy", "size": "0.16124718", "price": "2999.24000000", "time": "2025-07-15T15:19:52.399994Z", "fetched_at": "2025-07-15T15:20:18.488645+00:00", "symbol": "ETH-USD"}, {"trade_id": 667386080, "side": "buy", "size": "0.82208583", "price": "2999.25000000", "time": "2025-07-15T15:19:52.399994Z", "fetched_at": "2025-07-15T15:20:18.488645+00:00", "symbol": "ETH-USD"}, {"trade_id": 667386079, "side": "buy", "size": "0.04466699", "price": "2999.29000000", "time": "2025-07-15T15:19:52.399994Z", "fetched_at": "2025-07-15T15:20:18.488645+00:00", "symbol": "ETH-USD"}, {"trade_id": 667386078, "side": "buy", "size": "0.97200000", "price": "2999.30000000", "time": "2025-07-15T15:19:52.399994Z", "fetched_at": "2025-07-15T15:20:18.488645+00:00", "symbol": "ETH-USD"}, {"trade_id": 667386077, "side": "buy", "size": "0.00333411", "price": "2999.31000000", "time": "2025-07-15T15:19:52.399994Z", "fetched_at": "2025-07-15T15:20:18.488645+00:00", "symbol": "ETH-USD"}, {"trade_id": 667386076, "side": "buy", "size": "0.01298189", "price": "2999.29000000", "time": "2025-07-15T15:19:52.376833Z", "fetched_at": "2025-07-15T15:20:18.488645+00:00", "symbol": "ETH-USD"}, {"trade_id": 667386075, "side": "buy", "size": "0.01654541", "price": "2999.32000000", "time": "2025-07-15T15:19:52.376833Z", "fetched_at": "2025-07-15T15:20:18.488645+00:00", "symbol": "ETH-USD"}, {"trade_id": 667386074, "side": "buy", "size": "0.26559386", "price": "2999.33000000", "time": "2025-07-15T15:19:52.376833Z", "fetched_at": "2025-07-15T15:20:18.488645+00:00", "symbol": "ETH-USD"}, {"trade_id": 667386073, "side": "buy", "size": "0.58646201", "price": "2999.40000000", "time": "2025-07-15T15:19:52.376833Z", "fetched_at": "2025-07-15T15:20:18.488645+00:00", "symbol": "ETH-USD"}, {"trade_id": 667386072, "side": "buy", "size": "0.08841951", "price": "2999.40000000", "time": "2025-07-15T15:19:52.376833Z", "fetched_at": "2025-07-15T15:20:18.488645+00:00", "symbol": "ETH-USD"}, {"trade_id": 667386071, "side": "buy", "size": "0.53642645", "price": "2999.46000000", "time": "2025-07-15T15:19:52.376833Z", "fetched_at": "2025-07-15T15:20:18.488645+00:00", "symbol": "ETH-USD"}, {"trade_id": 667386070, "side": "buy", "size": "0.52876449", "price": "2999.46000000", "time": "2025-07-15T15:19:52.376833Z", "fetched_at": "2025-07-15T15:20:18.488645+00:00", "symbol": "ETH-USD"}, {"trade_id": 667386069, "side": "buy", "size": "0.09129543", "price": "2999.46000000", "time": "2025-07-15T15:19:52.376833Z", "fetched_at": "2025-07-15T15:20:18.488645+00:00", "symbol": "ETH-USD"}, {"trade_id": 667386068, "side": "buy", "size": "0.00333393", "price": "2999.47000000", "time": "2025-07-15T15:19:52.376833Z", "fetched_at": "2025-07-15T15:20:18.488645+00:00", "symbol": "ETH-USD"}, {"trade_id": 667386067, "side": "buy", "size": "0.97200000", "price": "2999.62000000", "time": "2025-07-15T15:19:52.376833Z", "fetched_at": "2025-07-15T15:20:18.488645+00:00", "symbol": "ETH-USD"}, {"trade_id": 667386066, "side": "buy", "size": "0.10954865", "price": "2999.77000000", "time": "2025-07-15T15:19:52.376833Z", "fetched_at": "2025-07-15T15:20:18.488645+00:00", "symbol": "ETH-USD"}, {"trade_id": 667386065, "side": "sell", "size": "1.36261699", "price": "3000.64000000", "time": "2025-07-15T15:19:52.320897Z", "fetched_at": "2025-07-15T15:20:18.488645+00:00", "symbol": "ETH-USD"}, {"trade_id": 667386064, "side": "sell", "size": "2.64023704", "price": "3000.63000000", "time": "2025-07-15T15:19:52.320897Z", "fetched_at": "2025-07-15T15:20:18.488645+00:00", "symbol": "ETH-USD"}, {"trade_id": 667386063, "side": "sell", "size": "1.05029370", "price": "3000.63000000", "time": "2025-07-15T15:19:52.320897Z", "fetched_at": "2025-07-15T15:20:18.488645+00:00", "symbol": "ETH-USD"}, {"trade_id": 667386062, "side": "sell", "size": "5.00000000", "price": "3000.60000000", "time": "2025-07-15T15:19:52.320897Z", "fetched_at": "2025-07-15T15:20:18.488645+00:00", "symbol": "ETH-USD"}, {"trade_id": 667386061, "side": "sell", "size": "0.32861204", "price": "3000.60000000", "time": "2025-07-15T15:19:52.320897Z", "fetched_at": "2025-07-15T15:20:18.488645+00:00", "symbol": "ETH-USD"}, {"trade_id": 667386060, "side": "sell", "size": "0.47132734", "price": "3000.52000000", "time": "2025-07-15T15:19:52.320897Z", "fetched_at": "2025-07-15T15:20:18.488645+00:00", "symbol": "ETH-USD"}, {"trade_id": 667386059, "side": "sell", "size": "0.14639232", "price": "3000.52000000", "time": "2025-07-15T15:19:52.320897Z", "fetched_at": "2025-07-15T15:20:18.488645+00:00", "symbol": "ETH-USD"}, {"trade_id": 667386058, "side": "sell", "size": "0.36015715", "price": "3000.51000000", "time": "2025-07-15T15:19:52.320897Z", "fetched_at": "2025-07-15T15:20:18.488645+00:00", "symbol": "ETH-USD"}, {"trade_id": 667386057, "side": "sell", "size": "6.00000000", "price": "3000.50000000", "time": "2025-07-15T15:19:52.320897Z", "fetched_at": "2025-07-15T15:20:18.488645+00:00", "symbol": "ETH-USD"}, {"trade_id": 667386056, "side": "sell", "size": "0.32539040", "price": "3000.49000000", "time": "2025-07-15T15:19:52.320897Z", "fetched_at": "2025-07-15T15:20:18.488645+00:00", "symbol": "ETH-USD"}, {"trade_id": 667386055, "side": "sell", "size": "0.64380325", "price": "3000.47000000", "time": "2025-07-15T15:19:52.320897Z", "fetched_at": "2025-07-15T15:20:18.488645+00:00", "symbol": "ETH-USD"}, {"trade_id": 667386054, "side": "sell", "size": "3.07242989", "price": "3000.46000000", "time": "2025-07-15T15:19:52.320897Z", "fetched_at": "2025-07-15T15:20:18.488645+00:00", "symbol": "ETH-USD"}, {"trade_id": 667386053, "side": "sell", "size": "1.14931521", "price": "3000.46000000", "time": "2025-07-15T15:19:52.320897Z", "fetched_at": "2025-07-15T15:20:18.488645+00:00", "symbol": "ETH-USD"}, {"trade_id": 667386052, "side": "sell", "size": "0.00020671", "price": "3000.46000000", "time": "2025-07-15T15:19:52.320897Z", "fetched_at": "2025-07-15T15:20:18.488645+00:00", "symbol": "ETH-USD"}, {"trade_id": 667386051, "side": "sell", "size": "0.47012271", "price": "3000.35000000", "time": "2025-07-15T15:19:52.320897Z", "fetched_at": "2025-07-15T15:20:18.488645+00:00", "symbol": "ETH-USD"}, {"trade_id": 667386050, "side": "sell", "size": "0.83324723", "price": "3000.31000000", "time": "2025-07-15T15:19:52.320897Z", "fetched_at": "2025-07-15T15:20:18.488645+00:00", "symbol": "ETH-USD"}, {"trade_id": 667386049, "side": "sell", "size": "0.17350455", "price": "3000.30000000", "time": "2025-07-15T15:19:52.320897Z", "fetched_at": "2025-07-15T15:20:18.488645+00:00", "symbol": "ETH-USD"}, {"trade_id": 667386048, "side": "sell", "size": "0.83332921", "price": "3000.02000000", "time": "2025-07-15T15:19:52.320897Z", "fetched_at": "2025-07-15T15:20:18.488645+00:00", "symbol": "ETH-USD"}, {"trade_id": 667386047, "side": "sell", "size": "0.00198950", "price": "2999.85000000", "time": "2025-07-15T15:19:52.320897Z", "fetched_at": "2025-07-15T15:20:18.488645+00:00", "symbol": "ETH-USD"}, {"trade_id": 667386046, "side": "buy", "size": "0.08073480", "price": "2999.33000000", "time": "2025-07-15T15:19:52.316016Z", "fetched_at": "2025-07-15T15:20:18.488645+00:00", "symbol": "ETH-USD"}, {"trade_id": 667386045, "side": "buy", "size": "0.33399543", "price": "2999.44000000", "time": "2025-07-15T15:19:52.316016Z", "fetched_at": "2025-07-15T15:20:18.488645+00:00", "symbol": "ETH-USD"}, {"trade_id": 667386044, "side": "buy", "size": "0.09971950", "price": "2999.45000000", "time": "2025-07-15T15:19:52.316016Z", "fetched_at": "2025-07-15T15:20:18.488645+00:00", "symbol": "ETH-USD"}, {"trade_id": 667386043, "side": "buy", "size": "0.29279133", "price": "2999.45000000", "time": "2025-07-15T15:19:52.316016Z", "fetched_at": "2025-07-15T15:20:18.488645+00:00", "symbol": "ETH-USD"}, {"trade_id": 667386042, "side": "buy", "size": "0.10000000", "price": "2999.45000000", "time": "2025-07-15T15:19:52.316016Z", "fetched_at": "2025-07-15T15:20:18.488645+00:00", "symbol": "ETH-USD"}, {"trade_id": 667386041, "side": "buy", "size": "0.29321640", "price": "2999.49000000", "time": "2025-07-15T15:19:52.316016Z", "fetched_at": "2025-07-15T15:20:18.488645+00:00", "symbol": "ETH-USD"}, {"trade_id": 667386040, "side": "buy", "size": "0.00333389", "price": "2999.50000000", "time": "2025-07-15T15:19:52.316016Z", "fetched_at": "2025-07-15T15:20:18.488645+00:00", "symbol": "ETH-USD"}, {"trade_id": 667386039, "side": "buy", "size": "0.10000000", "price": "2999.51000000", "time": "2025-07-15T15:19:52.316016Z", "fetched_at": "2025-07-15T15:20:18.488645+00:00", "symbol": "ETH-USD"}, {"trade_id": 667386038, "side": "buy", "size": "0.07268520", "price": "2999.51000000", "time": "2025-07-15T15:19:52.316016Z", "fetched_at": "2025-07-15T15:20:18.488645+00:00", "symbol": "ETH-USD"}, {"trade_id": 667386037, "side": "sell", "size": "5.00699871", "price": "3000.40000000", "time": "2025-07-15T15:19:52.289076Z", "fetched_at": "2025-07-15T15:20:18.488645+00:00", "symbol": "ETH-USD"}, {"trade_id": 667386036, "side": "sell", "size": "0.04440264", "price": "3000.36000000", "time": "2025-07-15T15:19:52.289076Z", "fetched_at": "2025-07-15T15:20:18.488645+00:00", "symbol": "ETH-USD"}, {"trade_id": 667386035, "side": "sell", "size": "2.46542020", "price": "3000.32000000", "time": "2025-07-15T15:19:52.289076Z", "fetched_at": "2025-07-15T15:20:18.488645+00:00", "symbol": "ETH-USD"}, {"trade_id": 667386034, "side": "sell", "size": "0.83324445", "price": "3000.32000000", "time": "2025-07-15T15:19:52.289076Z", "fetched_at": "2025-07-15T15:20:18.488645+00:00", "symbol": "ETH-USD"}, {"trade_id": 667386033, "side": "sell", "size": "1.35630935", "price": "3000.31000000", "time": "2025-07-15T15:19:52.289076Z", "fetched_at": "2025-07-15T15:20:18.488645+00:00", "symbol": "ETH-USD"}, {"trade_id": 667386032, "side": "sell", "size": "1.02175120", "price": "3000.31000000", "time": "2025-07-15T15:19:52.289076Z", "fetched_at": "2025-07-15T15:20:18.488645+00:00", "symbol": "ETH-USD"}, {"trade_id": 667386031, "side": "sell", "size": "0.48629892", "price": "3000.27000000", "time": "2025-07-15T15:19:52.289076Z", "fetched_at": "2025-07-15T15:20:18.488645+00:00", "symbol": "ETH-USD"}, {"trade_id": 667386030, "side": "sell", "size": "0.03879930", "price": "3000.26000000", "time": "2025-07-15T15:19:52.289076Z", "fetched_at": "2025-07-15T15:20:18.488645+00:00", "symbol": "ETH-USD"}, {"trade_id": 667386029, "side": "sell", "size": "20.00000000", "price": "3000.20000000", "time": "2025-07-15T15:19:52.289076Z", "fetched_at": "2025-07-15T15:20:18.488645+00:00", "symbol": "ETH-USD"}, {"trade_id": 667386028, "side": "sell", "size": "12.31505893", "price": "3000.19000000", "time": "2025-07-15T15:19:52.289076Z", "fetched_at": "2025-07-15T15:20:18.488645+00:00", "symbol": "ETH-USD"}, {"trade_id": 667386027, "side": "sell", "size": "0.60000000", "price": "3000.15000000", "time": "2025-07-15T15:19:52.289076Z", "fetched_at": "2025-07-15T15:20:18.488645+00:00", "symbol": "ETH-USD"}, {"trade_id": 667386026, "side": "sell", "size": "1.00000000", "price": "3000.12000000", "time": "2025-07-15T15:19:52.289076Z", "fetched_at": "2025-07-15T15:20:18.488645+00:00", "symbol": "ETH-USD"}, {"trade_id": 667386025, "side": "sell", "size": "2.42039299", "price": "3000.04000000", "time": "2025-07-15T15:19:52.289076Z", "fetched_at": "2025-07-15T15:20:18.488645+00:00", "symbol": "ETH-USD"}, {"trade_id": 667386024, "side": "sell", "size": "1.38354427", "price": "3000.02000000", "time": "2025-07-15T15:19:52.289076Z", "fetched_at": "2025-07-15T15:20:18.488645+00:00", "symbol": "ETH-USD"}, {"trade_id": 667386023, "side": "sell", "size": "0.30000000", "price": "3000.02000000", "time": "2025-07-15T15:19:52.289076Z", "fetched_at": "2025-07-15T15:20:18.488645+00:00", "symbol": "ETH-USD"}, {"trade_id": 667386022, "side": "sell", "size": "0.54953219", "price": "3000.02000000", "time": "2025-07-15T15:19:52.289076Z", "fetched_at": "2025-07-15T15:20:18.488645+00:00", "symbol": "ETH-USD"}, {"trade_id": 667386021, "side": "sell", "size": "0.02191336", "price": "2999.97000000", "time": "2025-07-15T15:19:52.289076Z", "fetched_at": "2025-07-15T15:20:18.488645+00:00", "symbol": "ETH-USD"}, {"trade_id": 667386020, "side": "sell", "size": "0.15375215", "price": "2999.96000000", "time": "2025-07-15T15:19:52.289076Z", "fetched_at": "2025-07-15T15:20:18.488645+00:00", "symbol": "ETH-USD"}, {"trade_id": 667386019, "side": "sell", "size": "0.00048006", "price": "2999.77000000", "time": "2025-07-15T15:19:52.289076Z", "fetched_at": "2025-07-15T15:20:18.488645+00:00", "symbol": "ETH-USD"}, {"trade_id": 667386018, "side": "sell", "size": "0.00011178", "price": "2999.77000000", "time": "2025-07-15T15:19:52.289076Z", "fetched_at": "2025-07-15T15:20:18.488645+00:00", "symbol": "ETH-USD"}, {"trade_id": 667386017, "side": "sell", "size": "0.00198950", "price": "2999.76000000", "time": "2025-07-15T15:19:52.289076Z", "fetched_at": "2025-07-15T15:20:18.488645+00:00", "symbol": "ETH-USD"}, {"trade_id": 667386016, "side": "buy", "size": "0.00000005", "price": "2999.38000000", "time": "2025-07-15T15:19:52.275189Z", "fetched_at": "2025-07-15T15:20:18.488645+00:00", "symbol": "ETH-USD"}, {"trade_id": 667386015, "side": "buy", "size": "0.34908031", "price": "2999.54000000", "time": "2025-07-15T15:19:52.275189Z", "fetched_at": "2025-07-15T15:20:18.488645+00:00", "symbol": "ETH-USD"}, {"trade_id": 667386014, "side": "buy", "size": "0.00333377", "price": "2999.61000000", "time": "2025-07-15T15:19:52.275189Z", "fetched_at": "2025-07-15T15:20:18.488645+00:00", "symbol": "ETH-USD"}, {"trade_id": 667386013, "side": "buy", "size": "0.12304000", "price": "2999.76000000", "time": "2025-07-15T15:19:52.275189Z", "fetched_at": "2025-07-15T15:20:18.488645+00:00", "symbol": "ETH-USD"}, {"trade_id": 667386012, "side": "buy", "size": "0.05290666", "price": "3000.00000000", "time": "2025-07-15T15:19:51.880913Z", "fetched_at": "2025-07-15T15:20:18.488645+00:00", "symbol": "ETH-USD"}, {"trade_id": 667386011, "side": "buy", "size": "0.03212333", "price": "3000.00000000", "time": "2025-07-15T15:19:51.880913Z", "fetched_at": "2025-07-15T15:20:18.488645+00:00", "symbol": "ETH-USD"}, {"trade_id": 667386010, "side": "buy", "size": "0.89522122", "price": "3000.00000000", "time": "2025-07-15T15:19:51.880913Z", "fetched_at": "2025-07-15T15:20:18.488645+00:00", "symbol": "ETH-USD"}, {"trade_id": 667386009, "side": "buy", "size": "0.45112287", "price": "3000.00000000", "time": "2025-07-15T15:19:51.880080Z", "fetched_at": "2025-07-15T15:20:18.488645+00:00", "symbol": "ETH-USD"}, {"trade_id": 667386008, "side": "buy", "size": "0.55987134", "price": "3000.00000000", "time": "2025-07-15T15:19:51.879399Z", "fetched_at": "2025-07-15T15:20:18.488645+00:00", "symbol": "ETH-USD"}, {"trade_id": 667386007, "side": "buy", "size": "4.93279367", "price": "3000.00000000", "time": "2025-07-15T15:19:51.879382Z", "fetched_at": "2025-07-15T15:20:18.488645+00:00", "symbol": "ETH-USD"}, {"trade_id": 667386006, "side": "buy", "size": "0.46471454", "price": "3000.00000000", "time": "2025-07-15T15:19:51.874348Z", "fetched_at": "2025-07-15T15:20:18.488645+00:00", "symbol": "ETH-USD"}, {"trade_id": 667386005, "side": "buy", "size": "0.52173342", "price": "3000.00000000", "time": "2025-07-15T15:19:51.873880Z", "fetched_at": "2025-07-15T15:20:18.488645+00:00", "symbol": "ETH-USD"}, {"trade_id": 667386004, "side": "buy", "size": "1.46346846", "price": "3000.00000000", "time": "2025-07-15T15:19:51.796278Z", "fetched_at": "2025-07-15T15:20:18.488645+00:00", "symbol": "ETH-USD"}, {"trade_id": 667386003, "side": "buy", "size": "0.49435933", "price": "3000.00000000", "time": "2025-07-15T15:19:51.791435Z", "fetched_at": "2025-07-15T15:20:18.488645+00:00", "symbol": "ETH-USD"}, {"trade_id": 667386002, "side": "buy", "size": "0.18561656", "price": "3000.00000000", "time": "2025-07-15T15:19:51.791219Z", "fetched_at": "2025-07-15T15:20:18.488645+00:00", "symbol": "ETH-USD"}, {"trade_id": 667386001, "side": "sell", "size": "0.03109859", "price": "3000.00000000", "time": "2025-07-15T15:19:51.785033Z", "fetched_at": "2025-07-15T15:20:18.488645+00:00", "symbol": "ETH-USD"}, {"trade_id": 667386000, "side": "buy", "size": "0.67003083", "price": "2999.39000000", "time": "2025-07-15T15:19:51.774391Z", "fetched_at": "2025-07-15T15:20:18.488645+00:00", "symbol": "ETH-USD"}