[{"trade_id": 667423161, "side": "buy", "size": "0.17931844", "price": "3045.81000000", "time": "2025-07-15T16:20:16.237198Z", "fetched_at": "2025-07-15T16:20:18.844231+00:00", "symbol": "ETH-USD"}, {"trade_id": 667423160, "side": "buy", "size": "0.07488648", "price": "3045.81000000", "time": "2025-07-15T16:20:16.237198Z", "fetched_at": "2025-07-15T16:20:18.844231+00:00", "symbol": "ETH-USD"}, {"trade_id": 667423159, "side": "sell", "size": "0.00100000", "price": "3046.35000000", "time": "2025-07-15T16:20:13.914441Z", "fetched_at": "2025-07-15T16:20:18.844231+00:00", "symbol": "ETH-USD"}, {"trade_id": 667423158, "side": "sell", "size": "0.82065826", "price": "3046.34000000", "time": "2025-07-15T16:20:13.914441Z", "fetched_at": "2025-07-15T16:20:18.844231+00:00", "symbol": "ETH-USD"}, {"trade_id": 667423157, "side": "sell", "size": "0.32635521", "price": "3046.33000000", "time": "2025-07-15T16:20:13.914441Z", "fetched_at": "2025-07-15T16:20:18.844231+00:00", "symbol": "ETH-USD"}, {"trade_id": 667423156, "side": "sell", "size": "0.68880808", "price": "3046.32000000", "time": "2025-07-15T16:20:13.914441Z", "fetched_at": "2025-07-15T16:20:18.844231+00:00", "symbol": "ETH-USD"}, {"trade_id": 667423155, "side": "sell", "size": "0.10000000", "price": "3046.32000000", "time": "2025-07-15T16:20:13.914441Z", "fetched_at": "2025-07-15T16:20:18.844231+00:00", "symbol": "ETH-USD"}, {"trade_id": 667423154, "side": "sell", "size": "0.07399579", "price": "3046.31000000", "time": "2025-07-15T16:20:13.914441Z", "fetched_at": "2025-07-15T16:20:18.844231+00:00", "symbol": "ETH-USD"}, {"trade_id": 667423153, "side": "sell", "size": "0.39551372", "price": "3046.27000000", "time": "2025-07-15T16:20:13.914441Z", "fetched_at": "2025-07-15T16:20:18.844231+00:00", "symbol": "ETH-USD"}, {"trade_id": 667423152, "side": "sell", "size": "0.16413845", "price": "3046.21000000", "time": "2025-07-15T16:20:13.914441Z", "fetched_at": "2025-07-15T16:20:18.844231+00:00", "symbol": "ETH-USD"}, {"trade_id": 667423151, "side": "sell", "size": "0.00100000", "price": "3046.12000000", "time": "2025-07-15T16:20:13.914441Z", "fetched_at": "2025-07-15T16:20:18.844231+00:00", "symbol": "ETH-USD"}, {"trade_id": 667423150, "side": "sell", "size": "0.82073108", "price": "3046.07000000", "time": "2025-07-15T16:20:13.914441Z", "fetched_at": "2025-07-15T16:20:18.844231+00:00", "symbol": "ETH-USD"}, {"trade_id": 667423149, "side": "sell", "size": "0.00328390", "price": "3046.06000000", "time": "2025-07-15T16:20:13.914441Z", "fetched_at": "2025-07-15T16:20:18.844231+00:00", "symbol": "ETH-USD"}, {"trade_id": 667423148, "side": "sell", "size": "0.00100000", "price": "3045.89000000", "time": "2025-07-15T16:20:13.914441Z", "fetched_at": "2025-07-15T16:20:18.844231+00:00", "symbol": "ETH-USD"}, {"trade_id": 667423147, "side": "sell", "size": "0.09989038", "price": "3045.76000000", "time": "2025-07-15T16:20:13.914441Z", "fetched_at": "2025-07-15T16:20:18.844231+00:00", "symbol": "ETH-USD"}, {"trade_id": 667423146, "side": "sell", "size": "0.00005589", "price": "3045.66000000", "time": "2025-07-15T16:20:13.914441Z", "fetched_at": "2025-07-15T16:20:18.844231+00:00", "symbol": "ETH-USD"}, {"trade_id": 667423145, "side": "sell", "size": "0.00100000", "price": "3045.66000000", "time": "2025-07-15T16:20:13.914441Z", "fetched_at": "2025-07-15T16:20:18.844231+00:00", "symbol": "ETH-USD"}, {"trade_id": 667423144, "side": "sell", "size": "0.29421268", "price": "3045.53000000", "time": "2025-07-15T16:20:12.886428Z", "fetched_at": "2025-07-15T16:20:18.844231+00:00", "symbol": "ETH-USD"}, {"trade_id": 667423143, "side": "sell", "size": "0.18979736", "price": "3045.53000000", "time": "2025-07-15T16:20:12.884823Z", "fetched_at": "2025-07-15T16:20:18.844231+00:00", "symbol": "ETH-USD"}, {"trade_id": 667423142, "side": "sell", "size": "0.33686706", "price": "3045.53000000", "time": "2025-07-15T16:20:12.884758Z", "fetched_at": "2025-07-15T16:20:18.844231+00:00", "symbol": "ETH-USD"}, {"trade_id": 667423141, "side": "sell", "size": "0.00328415", "price": "3045.27000000", "time": "2025-07-15T16:20:12.884758Z", "fetched_at": "2025-07-15T16:20:18.844231+00:00", "symbol": "ETH-USD"}, {"trade_id": 667423140, "side": "sell", "size": "0.21896714", "price": "3045.50000000", "time": "2025-07-15T16:20:12.693024Z", "fetched_at": "2025-07-15T16:20:18.844231+00:00", "symbol": "ETH-USD"}, {"trade_id": 667423139, "side": "sell", "size": "0.10000000", "price": "3045.48000000", "time": "2025-07-15T16:20:12.693024Z", "fetched_at": "2025-07-15T16:20:18.844231+00:00", "symbol": "ETH-USD"}, {"trade_id": 667423138, "side": "sell", "size": "0.16417891", "price": "3045.46000000", "time": "2025-07-15T16:20:12.693024Z", "fetched_at": "2025-07-15T16:20:18.844231+00:00", "symbol": "ETH-USD"}, {"trade_id": 667423137, "side": "sell", "size": "0.00100000", "price": "3045.43000000", "time": "2025-07-15T16:20:12.693024Z", "fetched_at": "2025-07-15T16:20:18.844231+00:00", "symbol": "ETH-USD"}, {"trade_id": 667423136, "side": "sell", "size": "0.00185217", "price": "3045.28000000", "time": "2025-07-15T16:20:12.693024Z", "fetched_at": "2025-07-15T16:20:18.844231+00:00", "symbol": "ETH-USD"}, {"trade_id": 667423135, "side": "sell", "size": "0.00024001", "price": "3045.27000000", "time": "2025-07-15T16:20:12.693024Z", "fetched_at": "2025-07-15T16:20:18.844231+00:00", "symbol": "ETH-USD"}, {"trade_id": 667423134, "side": "sell", "size": "0.00053872", "price": "3045.27000000", "time": "2025-07-15T16:20:12.693024Z", "fetched_at": "2025-07-15T16:20:18.844231+00:00", "symbol": "ETH-USD"}, {"trade_id": 667423133, "side": "sell", "size": "0.03941702", "price": "3045.48000000", "time": "2025-07-15T16:20:11.916679Z", "fetched_at": "2025-07-15T16:20:18.844231+00:00", "symbol": "ETH-USD"}, {"trade_id": 667423132, "side": "sell", "size": "0.00328415", "price": "3045.47000000", "time": "2025-07-15T16:20:11.916679Z", "fetched_at": "2025-07-15T16:20:18.844231+00:00", "symbol": "ETH-USD"}, {"trade_id": 667423131, "side": "sell", "size": "0.00100000", "price": "3045.43000000", "time": "2025-07-15T16:20:11.916679Z", "fetched_at": "2025-07-15T16:20:18.844231+00:00", "symbol": "ETH-USD"}, {"trade_id": 667423130, "side": "sell", "size": "0.00100000", "price": "3045.20000000", "time": "2025-07-15T16:20:11.916679Z", "fetched_at": "2025-07-15T16:20:18.844231+00:00", "symbol": "ETH-USD"}, {"trade_id": 667423129, "side": "sell", "size": "0.00063133", "price": "3044.97000000", "time": "2025-07-15T16:20:11.916679Z", "fetched_at": "2025-07-15T16:20:18.844231+00:00", "symbol": "ETH-USD"}, {"trade_id": 667423128, "side": "sell", "size": "0.00100000", "price": "3044.97000000", "time": "2025-07-15T16:20:11.916679Z", "fetched_at": "2025-07-15T16:20:18.844231+00:00", "symbol": "ETH-USD"}, {"trade_id": 667423127, "side": "buy", "size": "1.02449478", "price": "3044.96000000", "time": "2025-07-15T16:20:10.638277Z", "fetched_at": "2025-07-15T16:20:18.844231+00:00", "symbol": "ETH-USD"}, {"trade_id": 667423126, "side": "sell", "size": "0.15998516", "price": "3044.87000000", "time": "2025-07-15T16:20:10.183663Z", "fetched_at": "2025-07-15T16:20:18.844231+00:00", "symbol": "ETH-USD"}, {"trade_id": 667423125, "side": "sell", "size": "2.20571661", "price": "3044.87000000", "time": "2025-07-15T16:20:10.183041Z", "fetched_at": "2025-07-15T16:20:18.844231+00:00", "symbol": "ETH-USD"}, {"trade_id": 667423124, "side": "sell", "size": "0.74791282", "price": "3044.87000000", "time": "2025-07-15T16:20:10.181766Z", "fetched_at": "2025-07-15T16:20:18.844231+00:00", "symbol": "ETH-USD"}, {"trade_id": 667423123, "side": "sell", "size": "1.86049837", "price": "3044.87000000", "time": "2025-07-15T16:20:10.178396Z", "fetched_at": "2025-07-15T16:20:18.844231+00:00", "symbol": "ETH-USD"}, {"trade_id": 667423122, "side": "sell", "size": "2.34751774", "price": "3044.87000000", "time": "2025-07-15T16:20:10.178231Z", "fetched_at": "2025-07-15T16:20:18.844231+00:00", "symbol": "ETH-USD"}, {"trade_id": 667423121, "side": "sell", "size": "0.00100000", "price": "3044.74000000", "time": "2025-07-15T16:20:10.116152Z", "fetched_at": "2025-07-15T16:20:18.844231+00:00", "symbol": "ETH-USD"}, {"trade_id": 667423120, "side": "sell", "size": "0.00100000", "price": "3044.51000000", "time": "2025-07-15T16:20:08.823468Z", "fetched_at": "2025-07-15T16:20:18.844231+00:00", "symbol": "ETH-USD"}, {"trade_id": 667423119, "side": "sell", "size": "0.00005589", "price": "3044.32000000", "time": "2025-07-15T16:20:08.823468Z", "fetched_at": "2025-07-15T16:20:18.844231+00:00", "symbol": "ETH-USD"}, {"trade_id": 667423118, "side": "sell", "size": "0.00328583", "price": "3044.30000000", "time": "2025-07-15T16:20:07.807111Z", "fetched_at": "2025-07-15T16:20:18.844231+00:00", "symbol": "ETH-USD"}, {"trade_id": 667423117, "side": "sell", "size": "0.00005092", "price": "3044.22000000", "time": "2025-07-15T16:20:07.807111Z", "fetched_at": "2025-07-15T16:20:18.844231+00:00", "symbol": "ETH-USD"}, {"trade_id": 667423116, "side": "sell", "size": "0.00013837", "price": "3044.22000000", "time": "2025-07-15T16:20:07.807111Z", "fetched_at": "2025-07-15T16:20:18.844231+00:00", "symbol": "ETH-USD"}, {"trade_id": 667423115, "side": "sell", "size": "0.00159639", "price": "3044.23000000", "time": "2025-07-15T16:20:07.647279Z", "fetched_at": "2025-07-15T16:20:18.844231+00:00", "symbol": "ETH-USD"}, {"trade_id": 667423114, "side": "sell", "size": "0.82125668", "price": "3044.12000000", "time": "2025-07-15T16:20:07.644205Z", "fetched_at": "2025-07-15T16:20:18.844231+00:00", "symbol": "ETH-USD"}, {"trade_id": 667423113, "side": "sell", "size": "0.00010334", "price": "3044.00000000", "time": "2025-07-15T16:20:07.642364Z", "fetched_at": "2025-07-15T16:20:18.844231+00:00", "symbol": "ETH-USD"}, {"trade_id": 667423112, "side": "sell", "size": "0.00027510", "price": "3044.00000000", "time": "2025-07-15T16:20:07.642364Z", "fetched_at": "2025-07-15T16:20:18.844231+00:00", "symbol": "ETH-USD"}, {"trade_id": 667423111, "side": "sell", "size": "0.00024001", "price": "3044.00000000", "time": "2025-07-15T16:20:07.642364Z", "fetched_at": "2025-07-15T16:20:18.844231+00:00", "symbol": "ETH-USD"}, {"trade_id": 667423110, "side": "sell", "size": "0.00328583", "price": "3044.00000000", "time": "2025-07-15T16:20:07.642364Z", "fetched_at": "2025-07-15T16:20:18.844231+00:00", "symbol": "ETH-USD"}, {"trade_id": 667423109, "side": "buy", "size": "0.00093782", "price": "3043.99000000", "time": "2025-07-15T16:20:07.468524Z", "fetched_at": "2025-07-15T16:20:18.844231+00:00", "symbol": "ETH-USD"}, {"trade_id": 667423108, "side": "sell", "size": "0.00185216", "price": "3043.87000000", "time": "2025-07-15T16:20:07.368707Z", "fetched_at": "2025-07-15T16:20:18.844231+00:00", "symbol": "ETH-USD"}, {"trade_id": 667423107, "side": "sell", "size": "0.00328583", "price": "3043.87000000", "time": "2025-07-15T16:20:07.337248Z", "fetched_at": "2025-07-15T16:20:18.844231+00:00", "symbol": "ETH-USD"}, {"trade_id": 667423106, "side": "sell", "size": "0.14115660", "price": "3044.41000000", "time": "2025-07-15T16:20:06.999714Z", "fetched_at": "2025-07-15T16:20:18.844231+00:00", "symbol": "ETH-USD"}, {"trade_id": 667423105, "side": "sell", "size": "0.64951535", "price": "3044.40000000", "time": "2025-07-15T16:20:06.999714Z", "fetched_at": "2025-07-15T16:20:18.844231+00:00", "symbol": "ETH-USD"}, {"trade_id": 667423104, "side": "sell", "size": "0.00100000", "price": "3044.28000000", "time": "2025-07-15T16:20:06.999714Z", "fetched_at": "2025-07-15T16:20:18.844231+00:00", "symbol": "ETH-USD"}, {"trade_id": 667423103, "side": "sell", "size": "0.55928219", "price": "3044.25000000", "time": "2025-07-15T16:20:06.999714Z", "fetched_at": "2025-07-15T16:20:18.844231+00:00", "symbol": "ETH-USD"}, {"trade_id": 667423102, "side": "sell", "size": "0.00049295", "price": "3044.24000000", "time": "2025-07-15T16:20:06.999714Z", "fetched_at": "2025-07-15T16:20:18.844231+00:00", "symbol": "ETH-USD"}, {"trade_id": 667423101, "side": "sell", "size": "0.16424726", "price": "3044.20000000", "time": "2025-07-15T16:20:06.999714Z", "fetched_at": "2025-07-15T16:20:18.844231+00:00", "symbol": "ETH-USD"}, {"trade_id": 667423100, "side": "sell", "size": "0.00100000", "price": "3044.05000000", "time": "2025-07-15T16:20:06.999714Z", "fetched_at": "2025-07-15T16:20:18.844231+00:00", "symbol": "ETH-USD"}, {"trade_id": 667423099, "side": "sell", "size": "1.67575081", "price": "3044.00000000", "time": "2025-07-15T16:20:06.999714Z", "fetched_at": "2025-07-15T16:20:18.844231+00:00", "symbol": "ETH-USD"}, {"trade_id": 667423098, "side": "sell", "size": "0.82131287", "price": "3043.91000000", "time": "2025-07-15T16:20:06.981804Z", "fetched_at": "2025-07-15T16:20:18.844231+00:00", "symbol": "ETH-USD"}, {"trade_id": 667423097, "side": "sell", "size": "0.00100000", "price": "3043.82000000", "time": "2025-07-15T16:20:06.981804Z", "fetched_at": "2025-07-15T16:20:18.844231+00:00", "symbol": "ETH-USD"}, {"trade_id": 667423096, "side": "sell", "size": "0.82134721", "price": "3043.78000000", "time": "2025-07-15T16:20:06.979393Z", "fetched_at": "2025-07-15T16:20:18.844231+00:00", "symbol": "ETH-USD"}, {"trade_id": 667423095, "side": "sell", "size": "0.16427160", "price": "3043.74000000", "time": "2025-07-15T16:20:06.979393Z", "fetched_at": "2025-07-15T16:20:18.844231+00:00", "symbol": "ETH-USD"}, {"trade_id": 667423094, "side": "sell", "size": "0.82161572", "price": "3043.70000000", "time": "2025-07-15T16:20:06.977791Z", "fetched_at": "2025-07-15T16:20:18.844231+00:00", "symbol": "ETH-USD"}, {"trade_id": 667423093, "side": "sell", "size": "0.00519322", "price": "3043.65000000", "time": "2025-07-15T16:20:06.977791Z", "fetched_at": "2025-07-15T16:20:18.844231+00:00", "symbol": "ETH-USD"}, {"trade_id": 667423092, "side": "sell", "size": "0.00063133", "price": "3043.64000000", "time": "2025-07-15T16:20:06.977791Z", "fetched_at": "2025-07-15T16:20:18.844231+00:00", "symbol": "ETH-USD"}, {"trade_id": 667423091, "side": "sell", "size": "0.00328584", "price": "3043.64000000", "time": "2025-07-15T16:20:06.977791Z", "fetched_at": "2025-07-15T16:20:18.844231+00:00", "symbol": "ETH-USD"}, {"trade_id": 667423090, "side": "sell", "size": "0.28111546", "price": "3043.65000000", "time": "2025-07-15T16:20:06.540573Z", "fetched_at": "2025-07-15T16:20:18.844231+00:00", "symbol": "ETH-USD"}, {"trade_id": 667423089, "side": "sell", "size": "0.00011337", "price": "3043.65000000", "time": "2025-07-15T16:20:06.540573Z", "fetched_at": "2025-07-15T16:20:18.844231+00:00", "symbol": "ETH-USD"}, {"trade_id": 667423088, "side": "sell", "size": "0.00029880", "price": "3043.65000000", "time": "2025-07-15T16:20:06.540573Z", "fetched_at": "2025-07-15T16:20:18.844231+00:00", "symbol": "ETH-USD"}, {"trade_id": 667423087, "side": "sell", "size": "0.00328584", "price": "3043.64000000", "time": "2025-07-15T16:20:06.540573Z", "fetched_at": "2025-07-15T16:20:18.844231+00:00", "symbol": "ETH-USD"}, {"trade_id": 667423086, "side": "sell", "size": "0.00100000", "price": "3043.59000000", "time": "2025-07-15T16:20:06.540573Z", "fetched_at": "2025-07-15T16:20:18.844231+00:00", "symbol": "ETH-USD"}, {"trade_id": 667423085, "side": "sell", "size": "0.00088653", "price": "3043.43000000", "time": "2025-07-15T16:20:06.540573Z", "fetched_at": "2025-07-15T16:20:18.844231+00:00", "symbol": "ETH-USD"}, {"trade_id": 667423084, "side": "sell", "size": "0.02764571", "price": "3043.39000000", "time": "2025-07-15T16:20:04.813013Z", "fetched_at": "2025-07-15T16:20:18.844231+00:00", "symbol": "ETH-USD"}, {"trade_id": 667423083, "side": "sell", "size": "0.00328605", "price": "3043.36000000", "time": "2025-07-15T16:20:04.813013Z", "fetched_at": "2025-07-15T16:20:18.844231+00:00", "symbol": "ETH-USD"}, {"trade_id": 667423082, "side": "sell", "size": "0.00100000", "price": "3043.36000000", "time": "2025-07-15T16:20:04.813013Z", "fetched_at": "2025-07-15T16:20:18.844231+00:00", "symbol": "ETH-USD"}, {"trade_id": 667423081, "side": "buy", "size": "0.01660147", "price": "3043.17000000", "time": "2025-07-15T16:20:03.812928Z", "fetched_at": "2025-07-15T16:20:18.844231+00:00", "symbol": "ETH-USD"}, {"trade_id": 667423080, "side": "sell", "size": "0.00005588", "price": "3042.88000000", "time": "2025-07-15T16:20:03.481487Z", "fetched_at": "2025-07-15T16:20:18.844231+00:00", "symbol": "ETH-USD"}, {"trade_id": 667423079, "side": "sell", "size": "0.00185187", "price": "3042.88000000", "time": "2025-07-15T16:20:03.481487Z", "fetched_at": "2025-07-15T16:20:18.844231+00:00", "symbol": "ETH-USD"}, {"trade_id": 667423078, "side": "sell", "size": "0.00024001", "price": "3042.79000000", "time": "2025-07-15T16:20:03.332006Z", "fetched_at": "2025-07-15T16:20:18.844231+00:00", "symbol": "ETH-USD"}, {"trade_id": 667423077, "side": "sell", "size": "0.10307862", "price": "3042.78000000", "time": "2025-07-15T16:20:03.122233Z", "fetched_at": "2025-07-15T16:20:18.844231+00:00", "symbol": "ETH-USD"}, {"trade_id": 667423076, "side": "sell", "size": "0.82163057", "price": "3042.73000000", "time": "2025-07-15T16:20:03.122233Z", "fetched_at": "2025-07-15T16:20:18.844231+00:00", "symbol": "ETH-USD"}, {"trade_id": 667423075, "side": "sell", "size": "0.16433538", "price": "3042.56000000", "time": "2025-07-15T16:20:03.121411Z", "fetched_at": "2025-07-15T16:20:18.844231+00:00", "symbol": "ETH-USD"}, {"trade_id": 667423074, "side": "sell", "size": "0.00328569", "price": "3042.45000000", "time": "2025-07-15T16:20:03.121411Z", "fetched_at": "2025-07-15T16:20:18.844231+00:00", "symbol": "ETH-USD"}, {"trade_id": 667423073, "side": "buy", "size": "0.00100000", "price": "3042.67000000", "time": "2025-07-15T16:20:02.865050Z", "fetched_at": "2025-07-15T16:20:18.844231+00:00", "symbol": "ETH-USD"}, {"trade_id": 667423072, "side": "buy", "size": "0.02375787", "price": "3042.78000000", "time": "2025-07-15T16:20:02.865050Z", "fetched_at": "2025-07-15T16:20:18.844231+00:00", "symbol": "ETH-USD"}, {"trade_id": 667423071, "side": "buy", "size": "0.05012981", "price": "3042.90000000", "time": "2025-07-15T16:20:02.306686Z", "fetched_at": "2025-07-15T16:20:18.844231+00:00", "symbol": "ETH-USD"}, {"trade_id": 667423070, "side": "buy", "size": "0.00100000", "price": "3042.90000000", "time": "2025-07-15T16:20:02.306686Z", "fetched_at": "2025-07-15T16:20:18.844231+00:00", "symbol": "ETH-USD"}, {"trade_id": 667423069, "side": "buy", "size": "0.03571780", "price": "3043.02000000", "time": "2025-07-15T16:20:02.156981Z", "fetched_at": "2025-07-15T16:20:18.844231+00:00", "symbol": "ETH-USD"}, {"trade_id": 667423068, "side": "sell", "size": "0.01298624", "price": "3043.55000000", "time": "2025-07-15T16:20:01.325902Z", "fetched_at": "2025-07-15T16:20:18.844231+00:00", "symbol": "ETH-USD"}, {"trade_id": 667423067, "side": "sell", "size": "0.00328596", "price": "3043.54000000", "time": "2025-07-15T16:20:01.325902Z", "fetched_at": "2025-07-15T16:20:18.844231+00:00", "symbol": "ETH-USD"}, {"trade_id": 667423066, "side": "sell", "size": "0.82142499", "price": "3043.50000000", "time": "2025-07-15T16:19:59.831674Z", "fetched_at": "2025-07-15T16:20:18.844231+00:00", "symbol": "ETH-USD"}, {"trade_id": 667423065, "side": "sell", "size": "0.00024004", "price": "3043.29000000", "time": "2025-07-15T16:19:59.827157Z", "fetched_at": "2025-07-15T16:20:18.844231+00:00", "symbol": "ETH-USD"}, {"trade_id": 667423064, "side": "sell", "size": "0.00185195", "price": "3043.29000000", "time": "2025-07-15T16:19:59.827157Z", "fetched_at": "2025-07-15T16:20:18.844231+00:00", "symbol": "ETH-USD"}, {"trade_id": 667423063, "side": "sell", "size": "0.82148208", "price": "3043.28000000", "time": "2025-07-15T16:19:59.827157Z", "fetched_at": "2025-07-15T16:20:18.844231+00:00", "symbol": "ETH-USD"}, {"trade_id": 667423062, "side": "sell", "size": "0.16429803", "price": "3043.25000000", "time": "2025-07-15T16:19:59.827157Z", "fetched_at": "2025-07-15T16:20:18.844231+00:00", "symbol": "ETH-USD"}, {"trade_id": 667423061, "side": "sell", "size": "0.00005590", "price": "3043.25000000", "time": "2025-07-15T16:19:59.827157Z", "fetched_at": "2025-07-15T16:20:18.844231+00:00", "symbol": "ETH-USD"}, {"trade_id": 667423060, "side": "sell", "size": "0.00328612", "price": "3043.24000000", "time": "2025-07-15T16:19:59.827157Z", "fetched_at": "2025-07-15T16:20:18.844231+00:00", "symbol": "ETH-USD"}, {"trade_id": 667423059, "side": "buy", "size": "0.00017471", "price": "3043.23000000", "time": "2025-07-15T16:19:59.381948Z", "fetched_at": "2025-07-15T16:20:18.844231+00:00", "symbol": "ETH-USD"}, {"trade_id": 667423058, "side": "buy", "size": "0.05341467", "price": "3043.02000000", "time": "2025-07-15T16:19:59.336052Z", "fetched_at": "2025-07-15T16:20:18.844231+00:00", "symbol": "ETH-USD"}, {"trade_id": 667423057, "side": "buy", "size": "0.11260000", "price": "3043.24000000", "time": "2025-07-15T16:19:59.336052Z", "fetched_at": "2025-07-15T16:20:18.844231+00:00", "symbol": "ETH-USD"}, {"trade_id": 667423056, "side": "buy", "size": "0.00164998", "price": "3042.84000000", "time": "2025-07-15T16:19:58.675706Z", "fetched_at": "2025-07-15T16:20:18.844231+00:00", "symbol": "ETH-USD"}, {"trade_id": 667423055, "side": "buy", "size": "0.00100000", "price": "3042.90000000", "time": "2025-07-15T16:19:58.675706Z", "fetched_at": "2025-07-15T16:20:18.844231+00:00", "symbol": "ETH-USD"}, {"trade_id": 667423054, "side": "buy", "size": "0.12490914", "price": "3043.01000000", "time": "2025-07-15T16:19:58.675706Z", "fetched_at": "2025-07-15T16:20:18.844231+00:00", "symbol": "ETH-USD"}, {"trade_id": 667423053, "side": "buy", "size": "0.01580552", "price": "3043.24000000", "time": "2025-07-15T16:19:58.675706Z", "fetched_at": "2025-07-15T16:20:18.844231+00:00", "symbol": "ETH-USD"}, {"trade_id": 667423052, "side": "sell", "size": "0.00081367", "price": "3043.26000000", "time": "2025-07-15T16:19:58.119404Z", "fetched_at": "2025-07-15T16:20:18.844231+00:00", "symbol": "ETH-USD"}, {"trade_id": 667423051, "side": "buy", "size": "0.45086495", "price": "3043.28000000", "time": "2025-07-15T16:19:56.673852Z", "fetched_at": "2025-07-15T16:20:18.844231+00:00", "symbol": "ETH-USD"}, {"trade_id": 667423050, "side": "buy", "size": "0.00669015", "price": "3043.28000000", "time": "2025-07-15T16:19:56.673852Z", "fetched_at": "2025-07-15T16:20:18.844231+00:00", "symbol": "ETH-USD"}, {"trade_id": 667423049, "side": "buy", "size": "0.04412673", "price": "3043.28000000", "time": "2025-07-15T16:19:56.673852Z", "fetched_at": "2025-07-15T16:20:18.844231+00:00", "symbol": "ETH-USD"}, {"trade_id": 667423048, "side": "sell", "size": "0.00028803", "price": "3043.29000000", "time": "2025-07-15T16:19:56.319170Z", "fetched_at": "2025-07-15T16:20:18.844231+00:00", "symbol": "ETH-USD"}, {"trade_id": 667423047, "side": "sell", "size": "0.04914070", "price": "3043.50000000", "time": "2025-07-15T16:19:55.022590Z", "fetched_at": "2025-07-15T16:20:18.844231+00:00", "symbol": "ETH-USD"}, {"trade_id": 667423046, "side": "sell", "size": "0.82142499", "price": "3043.50000000", "time": "2025-07-15T16:19:55.022590Z", "fetched_at": "2025-07-15T16:20:18.844231+00:00", "symbol": "ETH-USD"}, {"trade_id": 667423045, "side": "sell", "size": "0.16429054", "price": "3043.39000000", "time": "2025-07-15T16:19:55.022590Z", "fetched_at": "2025-07-15T16:20:18.844231+00:00", "symbol": "ETH-USD"}, {"trade_id": 667423044, "side": "sell", "size": "0.00090190", "price": "3043.34000000", "time": "2025-07-15T16:19:55.022590Z", "fetched_at": "2025-07-15T16:20:18.844231+00:00", "symbol": "ETH-USD"}, {"trade_id": 667423043, "side": "sell", "size": "0.00009331", "price": "3043.34000000", "time": "2025-07-15T16:19:55.022590Z", "fetched_at": "2025-07-15T16:20:18.844231+00:00", "symbol": "ETH-USD"}, {"trade_id": 667423042, "side": "sell", "size": "0.00025141", "price": "3043.34000000", "time": "2025-07-15T16:19:55.022590Z", "fetched_at": "2025-07-15T16:20:18.844231+00:00", "symbol": "ETH-USD"}, {"trade_id": 667423041, "side": "sell", "size": "0.00328651", "price": "3043.34000000", "time": "2025-07-15T16:19:55.022590Z", "fetched_at": "2025-07-15T16:20:18.844231+00:00", "symbol": "ETH-USD"}, {"trade_id": 667423040, "side": "sell", "size": "0.42222359", "price": "3043.34000000", "time": "2025-07-15T16:19:55.022590Z", "fetched_at": "2025-07-15T16:20:18.844231+00:00", "symbol": "ETH-USD"}, {"trade_id": 667423039, "side": "sell", "size": "0.82150383", "price": "3043.20000000", "time": "2025-07-15T16:19:54.696547Z", "fetched_at": "2025-07-15T16:20:18.844231+00:00", "symbol": "ETH-USD"}, {"trade_id": 667423038, "side": "sell", "size": "0.16430131", "price": "3043.19000000", "time": "2025-07-15T16:19:54.696547Z", "fetched_at": "2025-07-15T16:20:18.844231+00:00", "symbol": "ETH-USD"}, {"trade_id": 667423037, "side": "sell", "size": "0.17856419", "price": "3042.99000000", "time": "2025-07-15T16:19:54.694549Z", "fetched_at": "2025-07-15T16:20:18.844231+00:00", "symbol": "ETH-USD"}, {"trade_id": 667423036, "side": "sell", "size": "0.66472696", "price": "3042.99000000", "time": "2025-07-15T16:19:54.693204Z", "fetched_at": "2025-07-15T16:20:18.844231+00:00", "symbol": "ETH-USD"}, {"trade_id": 667423035, "side": "sell", "size": "0.00328649", "price": "3042.98000000", "time": "2025-07-15T16:19:54.693204Z", "fetched_at": "2025-07-15T16:20:18.844231+00:00", "symbol": "ETH-USD"}, {"trade_id": 667423034, "side": "sell", "size": "0.00005589", "price": "3042.79000000", "time": "2025-07-15T16:19:54.693204Z", "fetched_at": "2025-07-15T16:20:18.844231+00:00", "symbol": "ETH-USD"}, {"trade_id": 667423033, "side": "sell", "size": "0.00024002", "price": "3042.79000000", "time": "2025-07-15T16:19:54.693204Z", "fetched_at": "2025-07-15T16:20:18.844231+00:00", "symbol": "ETH-USD"}, {"trade_id": 667423032, "side": "sell", "size": "0.00185187", "price": "3042.79000000", "time": "2025-07-15T16:19:54.693204Z", "fetched_at": "2025-07-15T16:20:18.844231+00:00", "symbol": "ETH-USD"}, {"trade_id": 667423031, "side": "sell", "size": "0.00055017", "price": "3042.79000000", "time": "2025-07-15T16:19:54.693204Z", "fetched_at": "2025-07-15T16:20:18.844231+00:00", "symbol": "ETH-USD"}, {"trade_id": 667423030, "side": "sell", "size": "0.00020669", "price": "3042.79000000", "time": "2025-07-15T16:19:54.693204Z", "fetched_at": "2025-07-15T16:20:18.844231+00:00", "symbol": "ETH-USD"}, {"trade_id": 667423029, "side": "buy", "size": "0.00750000", "price": "3042.78000000", "time": "2025-07-15T16:19:53.495967Z", "fetched_at": "2025-07-15T16:20:18.844231+00:00", "symbol": "ETH-USD"}, {"trade_id": 667423028, "side": "buy", "size": "0.06936419", "price": "3042.78000000", "time": "2025-07-15T16:19:52.831813Z", "fetched_at": "2025-07-15T16:20:18.844231+00:00", "symbol": "ETH-USD"}, {"trade_id": 667423027, "side": "buy", "size": "0.01402664", "price": "3042.78000000", "time": "2025-07-15T16:19:52.831813Z", "fetched_at": "2025-07-15T16:20:18.844231+00:00", "symbol": "ETH-USD"}, {"trade_id": 667423026, "side": "buy", "size": "0.05297408", "price": "3042.78000000", "time": "2025-07-15T16:19:52.125350Z", "fetched_at": "2025-07-15T16:20:18.844231+00:00", "symbol": "ETH-USD"}, {"trade_id": 667423025, "side": "buy", "size": "0.11260000", "price": "3042.78000000", "time": "2025-07-15T16:19:52.125350Z", "fetched_at": "2025-07-15T16:20:18.844231+00:00", "symbol": "ETH-USD"}, {"trade_id": 667423024, "side": "sell", "size": "1.62370885", "price": "3042.99000000", "time": "2025-07-15T16:19:51.574700Z", "fetched_at": "2025-07-15T16:20:18.844231+00:00", "symbol": "ETH-USD"}, {"trade_id": 667423023, "side": "sell", "size": "0.82159007", "price": "3042.88000000", "time": "2025-07-15T16:19:51.574700Z", "fetched_at": "2025-07-15T16:20:18.844231+00:00", "symbol": "ETH-USD"}, {"trade_id": 667423022, "side": "sell", "size": "0.10666175", "price": "3042.88000000", "time": "2025-07-15T16:19:51.574700Z", "fetched_at": "2025-07-15T16:20:18.844231+00:00", "symbol": "ETH-USD"}, {"trade_id": 667423021, "side": "sell", "size": "0.00328696", "price": "3042.87000000", "time": "2025-07-15T16:19:51.574700Z", "fetched_at": "2025-07-15T16:20:18.844231+00:00", "symbol": "ETH-USD"}, {"trade_id": 667423020, "side": "buy", "size": "0.01581067", "price": "3042.88000000", "time": "2025-07-15T16:19:51.477913Z", "fetched_at": "2025-07-15T16:20:18.844231+00:00", "symbol": "ETH-USD"}, {"trade_id": 667423019, "side": "sell", "size": "0.82163600", "price": "3042.71000000", "time": "2025-07-15T16:19:50.934009Z", "fetched_at": "2025-07-15T16:20:18.844231+00:00", "symbol": "ETH-USD"}, {"trade_id": 667423018, "side": "sell", "size": "0.32052540", "price": "3042.65000000", "time": "2025-07-15T16:19:50.934009Z", "fetched_at": "2025-07-15T16:20:18.844231+00:00", "symbol": "ETH-USD"}, {"trade_id": 667423017, "side": "sell", "size": "0.00011259", "price": "3042.63000000", "time": "2025-07-15T16:19:50.934009Z", "fetched_at": "2025-07-15T16:20:18.844231+00:00", "symbol": "ETH-USD"}, {"trade_id": 667423016, "side": "sell", "size": "0.00029662", "price": "3042.63000000", "time": "2025-07-15T16:19:50.934009Z", "fetched_at": "2025-07-15T16:20:18.844231+00:00", "symbol": "ETH-USD"}, {"trade_id": 667423015, "side": "sell", "size": "0.00005588", "price": "3042.51000000", "time": "2025-07-15T16:19:50.933829Z", "fetched_at": "2025-07-15T16:20:18.844231+00:00", "symbol": "ETH-USD"}, {"trade_id": 667423014, "side": "sell", "size": "2.50000000", "price": "3042.45000000", "time": "2025-07-15T16:19:50.933750Z", "fetched_at": "2025-07-15T16:20:18.844231+00:00", "symbol": "ETH-USD"}, {"trade_id": 667423013, "side": "sell", "size": "0.82170889", "price": "3042.44000000", "time": "2025-07-15T16:19:50.933750Z", "fetched_at": "2025-07-15T16:20:18.844231+00:00", "symbol": "ETH-USD"}, {"trade_id": 667423012, "side": "sell", "size": "0.16434268", "price": "3042.43000000", "time": "2025-07-15T16:19:50.933750Z", "fetched_at": "2025-07-15T16:20:18.844231+00:00", "symbol": "ETH-USD"}, {"trade_id": 667423011, "side": "sell", "size": "0.00328720", "price": "3042.37000000", "time": "2025-07-15T16:19:50.933750Z", "fetched_at": "2025-07-15T16:20:18.844231+00:00", "symbol": "ETH-USD"}, {"trade_id": 667423010, "side": "sell", "size": "0.20227977", "price": "3042.44000000", "time": "2025-07-15T16:19:50.607911Z", "fetched_at": "2025-07-15T16:20:18.844231+00:00", "symbol": "ETH-USD"}, {"trade_id": 667423009, "side": "sell", "size": "0.00328720", "price": "3042.29000000", "time": "2025-07-15T16:19:50.607911Z", "fetched_at": "2025-07-15T16:20:18.844231+00:00", "symbol": "ETH-USD"}, {"trade_id": 667423008, "side": "sell", "size": "0.00467547", "price": "3042.13000000", "time": "2025-07-15T16:19:49.665376Z", "fetched_at": "2025-07-15T16:20:18.844231+00:00", "symbol": "ETH-USD"}, {"trade_id": 667423007, "side": "buy", "size": "0.01784482", "price": "3041.96000000", "time": "2025-07-15T16:19:48.843989Z", "fetched_at": "2025-07-15T16:20:18.844231+00:00", "symbol": "ETH-USD"}, {"trade_id": 667423006, "side": "buy", "size": "0.00088564", "price": "3041.97000000", "time": "2025-07-15T16:19:48.843989Z", "fetched_at": "2025-07-15T16:20:18.844231+00:00", "symbol": "ETH-USD"}, {"trade_id": 667423005, "side": "buy", "size": "0.00100000", "price": "3041.98000000", "time": "2025-07-15T16:19:48.843989Z", "fetched_at": "2025-07-15T16:20:18.844231+00:00", "symbol": "ETH-USD"}, {"trade_id": 667423004, "side": "buy", "size": "0.05659819", "price": "3042.50000000", "time": "2025-07-15T16:19:48.843989Z", "fetched_at": "2025-07-15T16:20:18.844231+00:00", "symbol": "ETH-USD"}, {"trade_id": 667423003, "side": "sell", "size": "0.01269937", "price": "3042.51000000", "time": "2025-07-15T16:19:48.478638Z", "fetched_at": "2025-07-15T16:20:18.844231+00:00", "symbol": "ETH-USD"}, {"trade_id": 667423002, "side": "sell", "size": "0.00328692", "price": "3042.51000000", "time": "2025-07-15T16:19:48.478638Z", "fetched_at": "2025-07-15T16:20:18.844231+00:00", "symbol": "ETH-USD"}, {"trade_id": 667423001, "side": "sell", "size": "0.00618974", "price": "3042.60000000", "time": "2025-07-15T16:19:47.744515Z", "fetched_at": "2025-07-15T16:20:18.844231+00:00", "symbol": "ETH-USD"}, {"trade_id": 667423000, "side": "sell", "size": "0.00010553", "price": "3042.40000000", "time": "2025-07-15T16:19:47.744515Z", "fetched_at": "2025-07-15T16:20:18.844231+00:00", "symbol": "ETH-USD"}, {"trade_id": 667422999, "side": "sell", "size": "0.00328692", "price": "3042.40000000", "time": "2025-07-15T16:19:47.744515Z", "fetched_at": "2025-07-15T16:20:18.844231+00:00", "symbol": "ETH-USD"}, {"trade_id": 667422998, "side": "sell", "size": "0.02109840", "price": "3042.53000000", "time": "2025-07-15T16:19:47.678952Z", "fetched_at": "2025-07-15T16:20:18.844231+00:00", "symbol": "ETH-USD"}, {"trade_id": 667422997, "side": "sell", "size": "0.00328692", "price": "3042.40000000", "time": "2025-07-15T16:19:47.678952Z", "fetched_at": "2025-07-15T16:20:18.844231+00:00", "symbol": "ETH-USD"}, {"trade_id": 667422996, "side": "sell", "size": "0.00578960", "price": "3042.40000000", "time": "2025-07-15T16:19:47.678952Z", "fetched_at": "2025-07-15T16:20:18.844231+00:00", "symbol": "ETH-USD"}, {"trade_id": 667422995, "side": "sell", "size": "0.00024002", "price": "3042.40000000", "time": "2025-07-15T16:19:47.678952Z", "fetched_at": "2025-07-15T16:20:18.844231+00:00", "symbol": "ETH-USD"}, {"trade_id": 667422994, "side": "sell", "size": "0.00153314", "price": "3042.40000000", "time": "2025-07-15T16:19:47.678952Z", "fetched_at": "2025-07-15T16:20:18.844231+00:00", "symbol": "ETH-USD"}, {"trade_id": 667422993, "side": "sell", "size": "0.00031896", "price": "3042.40000000", "time": "2025-07-15T16:19:47.614071Z", "fetched_at": "2025-07-15T16:20:18.844231+00:00", "symbol": "ETH-USD"}, {"trade_id": 667422992, "side": "sell", "size": "0.00154618", "price": "3042.40000000", "time": "2025-07-15T16:19:46.697391Z", "fetched_at": "2025-07-15T16:20:18.844231+00:00", "symbol": "ETH-USD"}, {"trade_id": 667422991, "side": "sell", "size": "0.00187460", "price": "3041.91000000", "time": "2025-07-15T16:19:46.575993Z", "fetched_at": "2025-07-15T16:20:18.844231+00:00", "symbol": "ETH-USD"}, {"trade_id": 667422990, "side": "sell", "size": "0.00317592", "price": "3041.91000000", "time": "2025-07-15T16:19:44.587627Z", "fetched_at": "2025-07-15T16:20:18.844231+00:00", "symbol": "ETH-USD"}, {"trade_id": 667422989, "side": "buy", "size": "0.00347192", "price": "3041.83000000", "time": "2025-07-15T16:19:43.693649Z", "fetched_at": "2025-07-15T16:20:18.844231+00:00", "symbol": "ETH-USD"}, {"trade_id": 667422988, "side": "sell", "size": "0.01591470", "price": "3041.84000000", "time": "2025-07-15T16:19:43.677982Z", "fetched_at": "2025-07-15T16:20:18.844231+00:00", "symbol": "ETH-USD"}, {"trade_id": 667422987, "side": "sell", "size": "0.00623608", "price": "3041.84000000", "time": "2025-07-15T16:19:43.576832Z", "fetched_at": "2025-07-15T16:20:18.844231+00:00", "symbol": "ETH-USD"}, {"trade_id": 667422986, "side": "sell", "size": "0.00473756", "price": "3041.84000000", "time": "2025-07-15T16:19:43.467696Z", "fetched_at": "2025-07-15T16:20:18.844231+00:00", "symbol": "ETH-USD"}, {"trade_id": 667422985, "side": "sell", "size": "0.00005589", "price": "3041.84000000", "time": "2025-07-15T16:19:43.467696Z", "fetched_at": "2025-07-15T16:20:18.844231+00:00", "symbol": "ETH-USD"}, {"trade_id": 667422984, "side": "sell", "size": "0.15652566", "price": "3041.84000000", "time": "2025-07-15T16:19:43.041678Z", "fetched_at": "2025-07-15T16:20:18.844231+00:00", "symbol": "ETH-USD"}, {"trade_id": 667422983, "side": "sell", "size": "0.00328759", "price": "3041.84000000", "time": "2025-07-15T16:19:43.041678Z", "fetched_at": "2025-07-15T16:20:18.844231+00:00", "symbol": "ETH-USD"}, {"trade_id": 667422982, "side": "sell", "size": "0.08136375", "price": "3041.73000000", "time": "2025-07-15T16:19:42.860959Z", "fetched_at": "2025-07-15T16:20:18.844231+00:00", "symbol": "ETH-USD"}, {"trade_id": 667422981, "side": "sell", "size": "0.03306412", "price": "3041.90000000", "time": "2025-07-15T16:19:42.727836Z", "fetched_at": "2025-07-15T16:20:18.844231+00:00", "symbol": "ETH-USD"}, {"trade_id": 667422980, "side": "sell", "size": "0.15000000", "price": "3041.89000000", "time": "2025-07-15T16:19:42.727836Z", "fetched_at": "2025-07-15T16:20:18.844231+00:00", "symbol": "ETH-USD"}, {"trade_id": 667422979, "side": "sell", "size": "0.03928173", "price": "3041.89000000", "time": "2025-07-15T16:19:42.727836Z", "fetched_at": "2025-07-15T16:20:18.844231+00:00", "symbol": "ETH-USD"}, {"trade_id": 667422978, "side": "sell", "size": "0.16437618", "price": "3041.81000000", "time": "2025-07-15T16:19:42.727836Z", "fetched_at": "2025-07-15T16:20:18.844231+00:00", "symbol": "ETH-USD"}, {"trade_id": 667422977, "side": "sell", "size": "0.00328759", "price": "3041.80000000", "time": "2025-07-15T16:19:42.727836Z", "fetched_at": "2025-07-15T16:20:18.844231+00:00", "symbol": "ETH-USD"}, {"trade_id": 667422976, "side": "sell", "size": "0.00024002", "price": "3041.76000000", "time": "2025-07-15T16:19:42.727836Z", "fetched_at": "2025-07-15T16:20:18.844231+00:00", "symbol": "ETH-USD"}, {"trade_id": 667422975, "side": "sell", "size": "0.00280862", "price": "3041.76000000", "time": "2025-07-15T16:19:42.727836Z", "fetched_at": "2025-07-15T16:20:18.844231+00:00", "symbol": "ETH-USD"}, {"trade_id": 667422974, "side": "buy", "size": "3.47638258", "price": "3040.92000000", "time": "2025-07-15T16:19:42.602752Z", "fetched_at": "2025-07-15T16:20:18.844231+00:00", "symbol": "ETH-USD"}, {"trade_id": 667422973, "side": "buy", "size": "0.30000000", "price": "3040.95000000", "time": "2025-07-15T16:19:42.602752Z", "fetched_at": "2025-07-15T16:20:18.844231+00:00", "symbol": "ETH-USD"}, {"trade_id": 667422972, "side": "buy", "size": "0.82211115", "price": "3040.95000000", "time": "2025-07-15T16:19:42.602752Z", "fetched_at": "2025-07-15T16:20:18.844231+00:00", "symbol": "ETH-USD"}, {"trade_id": 667422971, "side": "buy", "size": "0.97200000", "price": "3040.97000000", "time": "2025-07-15T16:19:42.602752Z", "fetched_at": "2025-07-15T16:20:18.844231+00:00", "symbol": "ETH-USD"}, {"trade_id": 667422970, "side": "buy", "size": "0.16442033", "price": "3040.98000000", "time": "2025-07-15T16:19:42.602752Z", "fetched_at": "2025-07-15T16:20:18.844231+00:00", "symbol": "ETH-USD"}, {"trade_id": 667422969, "side": "buy", "size": "0.52898341", "price": "3041.03000000", "time": "2025-07-15T16:19:42.602752Z", "fetched_at": "2025-07-15T16:20:18.844231+00:00", "symbol": "ETH-USD"}, {"trade_id": 667422968, "side": "buy", "size": "1.49250872", "price": "3041.04000000", "time": "2025-07-15T16:19:42.602752Z", "fetched_at": "2025-07-15T16:20:18.844231+00:00", "symbol": "ETH-USD"}, {"trade_id": 667422967, "side": "buy", "size": "0.83919000", "price": "3041.10000000", "time": "2025-07-15T16:19:42.602752Z", "fetched_at": "2025-07-15T16:20:18.844231+00:00", "symbol": "ETH-USD"}, {"trade_id": 667422966, "side": "buy", "size": "0.42301490", "price": "3041.11000000", "time": "2025-07-15T16:19:42.602752Z", "fetched_at": "2025-07-15T16:20:18.844231+00:00", "symbol": "ETH-USD"}, {"trade_id": 667422965, "side": "buy", "size": "0.12220663", "price": "3041.12000000", "time": "2025-07-15T16:19:42.602752Z", "fetched_at": "2025-07-15T16:20:18.844231+00:00", "symbol": "ETH-USD"}, {"trade_id": 667422964, "side": "buy", "size": "0.74703351", "price": "3041.22000000", "time": "2025-07-15T16:19:42.602752Z", "fetched_at": "2025-07-15T16:20:18.844231+00:00", "symbol": "ETH-USD"}, {"trade_id": 667422963, "side": "buy", "size": "0.08186532", "price": "3041.26000000", "time": "2025-07-15T16:19:42.602752Z", "fetched_at": "2025-07-15T16:20:18.844231+00:00", "symbol": "ETH-USD"}, {"trade_id": 667422962, "side": "buy", "size": "0.00032989", "price": "3041.26000000", "time": "2025-07-15T16:19:42.602752Z", "fetched_at": "2025-07-15T16:20:18.844231+00:00", "symbol": "ETH-USD"}, {"trade_id": 667422961, "side": "buy", "size": "0.00042742", "price": "3041.51000000", "time": "2025-07-15T16:19:42.602752Z", "fetched_at": "2025-07-15T16:20:18.844231+00:00", "symbol": "ETH-USD"}, {"trade_id": 667422960, "side": "buy", "size": "0.02845401", "price": "3041.75000000", "time": "2025-07-15T16:19:42.602752Z", "fetched_at": "2025-07-15T16:20:18.844231+00:00", "symbol": "ETH-USD"}, {"trade_id": 667422959, "side": "buy", "size": "0.00100000", "price": "3041.75000000", "time": "2025-07-15T16:19:42.602752Z", "fetched_at": "2025-07-15T16:20:18.844231+00:00", "symbol": "ETH-USD"}, {"trade_id": 667422958, "side": "sell", "size": "0.02925530", "price": "3041.76000000", "time": "2025-07-15T16:19:42.361620Z", "fetched_at": "2025-07-15T16:20:18.844231+00:00", "symbol": "ETH-USD"}, {"trade_id": 667422957, "side": "sell", "size": "0.00328694", "price": "3041.76000000", "time": "2025-07-15T16:19:42.361620Z", "fetched_at": "2025-07-15T16:20:18.844231+00:00", "symbol": "ETH-USD"}, {"trade_id": 667422956, "side": "sell", "size": "0.00317501", "price": "3041.76000000", "time": "2025-07-15T16:19:42.186400Z", "fetched_at": "2025-07-15T16:20:18.844231+00:00", "symbol": "ETH-USD"}, {"trade_id": 667422955, "side": "sell", "size": "0.07992959", "price": "3042.01000000", "time": "2025-07-15T16:19:41.811186Z", "fetched_at": "2025-07-15T16:20:18.844231+00:00", "symbol": "ETH-USD"}, {"trade_id": 667422954, "side": "buy", "size": "0.00087513", "price": "3042.00000000", "time": "2025-07-15T16:19:41.810848Z", "fetched_at": "2025-07-15T16:20:18.844231+00:00", "symbol": "ETH-USD"}, {"trade_id": 667422953, "side": "buy", "size": "0.00086701", "price": "3042.00000000", "time": "2025-07-15T16:19:41.799119Z", "fetched_at": "2025-07-15T16:20:18.844231+00:00", "symbol": "ETH-USD"}, {"trade_id": 667422952, "side": "buy", "size": "0.02304865", "price": "3042.26000000", "time": "2025-07-15T16:19:41.778475Z", "fetched_at": "2025-07-15T16:20:18.844231+00:00", "symbol": "ETH-USD"}, {"trade_id": 667422951, "side": "buy", "size": "0.08415357", "price": "3042.26000000", "time": "2025-07-15T16:19:41.778475Z", "fetched_at": "2025-07-15T16:20:18.844231+00:00", "symbol": "ETH-USD"}, {"trade_id": 667422950, "side": "sell", "size": "0.01598630", "price": "3042.27000000", "time": "2025-07-15T16:19:41.607701Z", "fetched_at": "2025-07-15T16:20:18.844231+00:00", "symbol": "ETH-USD"}, {"trade_id": 667422949, "side": "sell", "size": "0.00335479", "price": "3042.27000000", "time": "2025-07-15T16:19:41.543230Z", "fetched_at": "2025-07-15T16:20:18.844231+00:00", "symbol": "ETH-USD"}, {"trade_id": 667422948, "side": "sell", "size": "0.00328659", "price": "3042.27000000", "time": "2025-07-15T16:19:41.543230Z", "fetched_at": "2025-07-15T16:20:18.844231+00:00", "symbol": "ETH-USD"}, {"trade_id": 667422947, "side": "buy", "size": "0.00952678", "price": "3042.26000000", "time": "2025-07-15T16:19:41.385604Z", "fetched_at": "2025-07-15T16:20:18.844231+00:00", "symbol": "ETH-USD"}, {"trade_id": 667422946, "side": "sell", "size": "0.30760000", "price": "3042.27000000", "time": "2025-07-15T16:19:41.161453Z", "fetched_at": "2025-07-15T16:20:18.844231+00:00", "symbol": "ETH-USD"}, {"trade_id": 667422945, "side": "sell", "size": "0.06863805", "price": "3042.27000000", "time": "2025-07-15T16:19:41.137993Z", "fetched_at": "2025-07-15T16:20:18.844231+00:00", "symbol": "ETH-USD"}, {"trade_id": 667422944, "side": "sell", "size": "0.00328659", "price": "3042.27000000", "time": "2025-07-15T16:19:41.137993Z", "fetched_at": "2025-07-15T16:20:18.844231+00:00", "symbol": "ETH-USD"}, {"trade_id": 667422943, "side": "sell", "size": "0.34694286", "price": "3042.27000000", "time": "2025-07-15T16:19:40.821916Z", "fetched_at": "2025-07-15T16:20:18.844231+00:00", "symbol": "ETH-USD"}, {"trade_id": 667422942, "side": "sell", "size": "0.00328659", "price": "3042.27000000", "time": "2025-07-15T16:19:40.821916Z", "fetched_at": "2025-07-15T16:20:18.844231+00:00", "symbol": "ETH-USD"}, {"trade_id": 667422941, "side": "sell", "size": "0.29630093", "price": "3042.27000000", "time": "2025-07-15T16:19:40.821916Z", "fetched_at": "2025-07-15T16:20:18.844231+00:00", "symbol": "ETH-USD"}, {"trade_id": 667422940, "side": "sell", "size": "0.16435096", "price": "3042.27000000", "time": "2025-07-15T16:19:40.821916Z", "fetched_at": "2025-07-15T16:20:18.844231+00:00", "symbol": "ETH-USD"}, {"trade_id": 667422939, "side": "buy", "size": "0.14954446", "price": "3041.91000000", "time": "2025-07-15T16:19:40.513768Z", "fetched_at": "2025-07-15T16:20:18.844231+00:00", "symbol": "ETH-USD"}, {"trade_id": 667422938, "side": "buy", "size": "0.08481894", "price": "3041.94000000", "time": "2025-07-15T16:19:40.513768Z", "fetched_at": "2025-07-15T16:20:18.844231+00:00", "symbol": "ETH-USD"}, {"trade_id": 667422937, "side": "buy", "size": "0.35262162", "price": "3042.00000000", "time": "2025-07-15T16:19:40.513768Z", "fetched_at": "2025-07-15T16:20:18.844231+00:00", "symbol": "ETH-USD"}, {"trade_id": 667422936, "side": "buy", "size": "0.38049309", "price": "3042.18000000", "time": "2025-07-15T16:19:40.513768Z", "fetched_at": "2025-07-15T16:20:18.844231+00:00", "symbol": "ETH-USD"}, {"trade_id": 667422935, "side": "buy", "size": "0.00086122", "price": "3042.19000000", "time": "2025-07-15T16:19:40.513768Z", "fetched_at": "2025-07-15T16:20:18.844231+00:00", "symbol": "ETH-USD"}, {"trade_id": 667422934, "side": "buy", "size": "0.03166067", "price": "3042.26000000", "time": "2025-07-15T16:19:40.513768Z", "fetched_at": "2025-07-15T16:20:18.844231+00:00", "symbol": "ETH-USD"}, {"trade_id": 667422933, "side": "buy", "size": "0.00707986", "price": "3042.43000000", "time": "2025-07-15T16:19:40.503280Z", "fetched_at": "2025-07-15T16:20:18.844231+00:00", "symbol": "ETH-USD"}, {"trade_id": 667422932, "side": "buy", "size": "0.00100000", "price": "3042.44000000", "time": "2025-07-15T16:19:40.503280Z", "fetched_at": "2025-07-15T16:20:18.844231+00:00", "symbol": "ETH-USD"}, {"trade_id": 667422931, "side": "buy", "size": "0.00100000", "price": "3042.67000000", "time": "2025-07-15T16:19:39.998772Z", "fetched_at": "2025-07-15T16:20:18.844231+00:00", "symbol": "ETH-USD"}, {"trade_id": 667422930, "side": "sell", "size": "0.00156005", "price": "3042.68000000", "time": "2025-07-15T16:19:39.762161Z", "fetched_at": "2025-07-15T16:20:18.844231+00:00", "symbol": "ETH-USD"}, {"trade_id": 667422929, "side": "buy", "size": "0.01581245", "price": "3043.17000000", "time": "2025-07-15T16:19:39.399976Z", "fetched_at": "2025-07-15T16:20:18.844231+00:00", "symbol": "ETH-USD"}, {"trade_id": 667422928, "side": "sell", "size": "0.00139324", "price": "3043.18000000", "time": "2025-07-15T16:19:39.347227Z", "fetched_at": "2025-07-15T16:20:18.844231+00:00", "symbol": "ETH-USD"}, {"trade_id": 667422927, "side": "sell", "size": "0.00033191", "price": "3043.18000000", "time": "2025-07-15T16:19:39.347227Z", "fetched_at": "2025-07-15T16:20:18.844231+00:00", "symbol": "ETH-USD"}, {"trade_id": 667422926, "side": "buy", "size": "0.06458652", "price": "3042.75000000", "time": "2025-07-15T16:19:39.003330Z", "fetched_at": "2025-07-15T16:20:18.844231+00:00", "symbol": "ETH-USD"}, {"trade_id": 667422925, "side": "buy", "size": "0.00328605", "price": "3043.17000000", "time": "2025-07-15T16:19:38.593007Z", "fetched_at": "2025-07-15T16:20:18.844231+00:00", "symbol": "ETH-USD"}, {"trade_id": 667422924, "side": "buy", "size": "0.13536177", "price": "3043.16000000", "time": "2025-07-15T16:19:38.577435Z", "fetched_at": "2025-07-15T16:20:18.844231+00:00", "symbol": "ETH-USD"}, {"trade_id": 667422923, "side": "buy", "size": "0.97200000", "price": "3043.17000000", "time": "2025-07-15T16:19:38.577435Z", "fetched_at": "2025-07-15T16:20:18.844231+00:00", "symbol": "ETH-USD"}, {"trade_id": 667422922, "side": "buy", "size": "0.10612000", "price": "3043.17000000", "time": "2025-07-15T16:19:38.577435Z", "fetched_at": "2025-07-15T16:20:18.844231+00:00", "symbol": "ETH-USD"}, {"trade_id": 667422921, "side": "buy", "size": "0.15000000", "price": "3043.17000000", "time": "2025-07-15T16:19:38.577435Z", "fetched_at": "2025-07-15T16:20:18.844231+00:00", "symbol": "ETH-USD"}, {"trade_id": 667422920, "side": "buy", "size": "0.11260000", "price": "3043.17000000", "time": "2025-07-15T16:19:38.577435Z", "fetched_at": "2025-07-15T16:20:18.844231+00:00", "symbol": "ETH-USD"}, {"trade_id": 667422919, "side": "sell", "size": "0.00444472", "price": "3043.16000000", "time": "2025-07-15T16:19:38.414343Z", "fetched_at": "2025-07-15T16:20:18.844231+00:00", "symbol": "ETH-USD"}, {"trade_id": 667422918, "side": "sell", "size": "0.00006958", "price": "3043.15000000", "time": "2025-07-15T16:19:38.414343Z", "fetched_at": "2025-07-15T16:20:18.844231+00:00", "symbol": "ETH-USD"}, {"trade_id": 667422917, "side": "sell", "size": "0.00328597", "price": "3043.15000000", "time": "2025-07-15T16:19:38.414343Z", "fetched_at": "2025-07-15T16:20:18.844231+00:00", "symbol": "ETH-USD"}, {"trade_id": 667422916, "side": "buy", "size": "0.24442455", "price": "3042.87000000", "time": "2025-07-15T16:19:37.946883Z", "fetched_at": "2025-07-15T16:20:18.844231+00:00", "symbol": "ETH-USD"}, {"trade_id": 667422915, "side": "buy", "size": "0.68179379", "price": "3042.88000000", "time": "2025-07-15T16:19:37.946883Z", "fetched_at": "2025-07-15T16:20:18.844231+00:00", "symbol": "ETH-USD"}, {"trade_id": 667422914, "side": "buy", "size": "0.15000000", "price": "3042.89000000", "time": "2025-07-15T16:19:37.946883Z", "fetched_at": "2025-07-15T16:20:18.844231+00:00", "symbol": "ETH-USD"}, {"trade_id": 667422913, "side": "buy", "size": "0.00328634", "price": "3042.90000000", "time": "2025-07-15T16:19:37.946883Z", "fetched_at": "2025-07-15T16:20:18.844231+00:00", "symbol": "ETH-USD"}, {"trade_id": 667422912, "side": "buy", "size": "0.47789532", "price": "3043.17000000", "time": "2025-07-15T16:19:37.946883Z", "fetched_at": "2025-07-15T16:20:18.844231+00:00", "symbol": "ETH-USD"}, {"trade_id": 667422911, "side": "buy", "size": "0.11260000", "price": "3043.17000000", "time": "2025-07-15T16:19:37.946883Z", "fetched_at": "2025-07-15T16:20:18.844231+00:00", "symbol": "ETH-USD"}, {"trade_id": 667422910, "side": "sell", "size": "0.00065150", "price": "3043.50000000", "time": "2025-07-15T16:19:37.437308Z", "fetched_at": "2025-07-15T16:20:18.844231+00:00", "symbol": "ETH-USD"}, {"trade_id": 667422909, "side": "sell", "size": "0.00369907", "price": "3043.51000000", "time": "2025-07-15T16:19:37.336813Z", "fetched_at": "2025-07-15T16:20:18.844231+00:00", "symbol": "ETH-USD"}, {"trade_id": 667422908, "side": "sell", "size": "0.00100000", "price": "3043.36000000", "time": "2025-07-15T16:19:37.336813Z", "fetched_at": "2025-07-15T16:20:18.844231+00:00", "symbol": "ETH-USD"}, {"trade_id": 667422907, "side": "sell", "size": "0.00328608", "price": "3043.18000000", "time": "2025-07-15T16:19:37.336813Z", "fetched_at": "2025-07-15T16:20:18.844231+00:00", "symbol": "ETH-USD"}, {"trade_id": 667422906, "side": "sell", "size": "0.00057624", "price": "3043.25000000", "time": "2025-07-15T16:19:36.721253Z", "fetched_at": "2025-07-15T16:20:18.844231+00:00", "symbol": "ETH-USD"}, {"trade_id": 667422905, "side": "sell", "size": "0.32371287", "price": "3043.21000000", "time": "2025-07-15T16:19:35.633209Z", "fetched_at": "2025-07-15T16:20:18.844231+00:00", "symbol": "ETH-USD"}, {"trade_id": 667422904, "side": "sell", "size": "0.00328713", "price": "3043.20000000", "time": "2025-07-15T16:19:35.633209Z", "fetched_at": "2025-07-15T16:20:18.844231+00:00", "symbol": "ETH-USD"}, {"trade_id": 667422903, "side": "sell", "size": "0.00100000", "price": "3043.13000000", "time": "2025-07-15T16:19:35.633209Z", "fetched_at": "2025-07-15T16:20:18.844231+00:00", "symbol": "ETH-USD"}, {"trade_id": 667422902, "side": "sell", "size": "0.00100000", "price": "3042.90000000", "time": "2025-07-15T16:19:35.633209Z", "fetched_at": "2025-07-15T16:20:18.844231+00:00", "symbol": "ETH-USD"}, {"trade_id": 667422901, "side": "sell", "size": "0.00100000", "price": "3042.67000000", "time": "2025-07-15T16:19:35.633209Z", "fetched_at": "2025-07-15T16:20:18.844231+00:00", "symbol": "ETH-USD"}, {"trade_id": 667422900, "side": "sell", "size": "0.00100000", "price": "3042.44000000", "time": "2025-07-15T16:19:35.457754Z", "fetched_at": "2025-07-15T16:20:18.844231+00:00", "symbol": "ETH-USD"}, {"trade_id": 667422899, "side": "sell", "size": "0.83524531", "price": "3042.35000000", "time": "2025-07-15T16:19:35.193021Z", "fetched_at": "2025-07-15T16:20:18.844231+00:00", "symbol": "ETH-USD"}, {"trade_id": 667422898, "side": "sell", "size": "0.24651995", "price": "3042.35000000", "time": "2025-07-15T16:19:35.193021Z", "fetched_at": "2025-07-15T16:20:18.844231+00:00", "symbol": "ETH-USD"}, {"trade_id": 667422897, "side": "sell", "size": "0.00194183", "price": "3042.27000000", "time": "2025-07-15T16:19:35.189229Z", "fetched_at": "2025-07-15T16:20:18.844231+00:00", "symbol": "ETH-USD"}, {"trade_id": 667422896, "side": "sell", "size": "0.00011131", "price": "3042.27000000", "time": "2025-07-15T16:19:35.189229Z", "fetched_at": "2025-07-15T16:20:18.844231+00:00", "symbol": "ETH-USD"}, {"trade_id": 667422895, "side": "sell", "size": "0.00029626", "price": "3042.27000000", "time": "2025-07-15T16:19:35.189229Z", "fetched_at": "2025-07-15T16:20:18.844231+00:00", "symbol": "ETH-USD"}, {"trade_id": 667422894, "side": "sell", "size": "6.42201553", "price": "3042.27000000", "time": "2025-07-15T16:19:35.189229Z", "fetched_at": "2025-07-15T16:20:18.844231+00:00", "symbol": "ETH-USD"}, {"trade_id": 667422893, "side": "sell", "size": "0.31921964", "price": "3042.27000000", "time": "2025-07-15T16:19:34.791060Z", "fetched_at": "2025-07-15T16:20:18.844231+00:00", "symbol": "ETH-USD"}, {"trade_id": 667422892, "side": "buy", "size": "0.01155040", "price": "3042.01000000", "time": "2025-07-15T16:19:34.240942Z", "fetched_at": "2025-07-15T16:20:18.844231+00:00", "symbol": "ETH-USD"}, {"trade_id": 667422891, "side": "buy", "size": "0.00000328", "price": "3042.19000000", "time": "2025-07-15T16:19:34.240942Z", "fetched_at": "2025-07-15T16:20:18.844231+00:00", "symbol": "ETH-USD"}, {"trade_id": 667422890, "side": "buy", "size": "0.00328711", "price": "3042.19000000", "time": "2025-07-15T16:19:34.240942Z", "fetched_at": "2025-07-15T16:20:18.844231+00:00", "symbol": "ETH-USD"}, {"trade_id": 667422889, "side": "buy", "size": "0.05000000", "price": "3042.19000000", "time": "2025-07-15T16:19:34.025017Z", "fetched_at": "2025-07-15T16:20:18.844231+00:00", "symbol": "ETH-USD"}, {"trade_id": 667422888, "side": "sell", "size": "0.38296077", "price": "3042.27000000", "time": "2025-07-15T16:19:33.215421Z", "fetched_at": "2025-07-15T16:20:18.844231+00:00", "symbol": "ETH-USD"}, {"trade_id": 667422887, "side": "sell", "size": "1.39682271", "price": "3042.25000000", "time": "2025-07-15T16:19:33.215421Z", "fetched_at": "2025-07-15T16:20:18.844231+00:00", "symbol": "ETH-USD"}, {"trade_id": 667422886, "side": "sell", "size": "2.94661631", "price": "3042.27000000", "time": "2025-07-15T16:19:33.212398Z", "fetched_at": "2025-07-15T16:20:18.844231+00:00", "symbol": "ETH-USD"}, {"trade_id": 667422885, "side": "sell", "size": "0.27219437", "price": "3042.26000000", "time": "2025-07-15T16:19:33.212398Z", "fetched_at": "2025-07-15T16:20:18.844231+00:00", "symbol": "ETH-USD"}, {"trade_id": 667422884, "side": "sell", "size": "0.27220418", "price": "3042.25000000", "time": "2025-07-15T16:19:33.212398Z", "fetched_at": "2025-07-15T16:20:18.844231+00:00", "symbol": "ETH-USD"}, {"trade_id": 667422883, "side": "sell", "size": "0.27926653", "price": "3042.23000000", "time": "2025-07-15T16:19:33.212213Z", "fetched_at": "2025-07-15T16:20:18.844231+00:00", "symbol": "ETH-USD"}, {"trade_id": 667422882, "side": "sell", "size": "0.29899751", "price": "3042.22000000", "time": "2025-07-15T16:19:33.212213Z", "fetched_at": "2025-07-15T16:20:18.844231+00:00", "symbol": "ETH-USD"}, {"trade_id": 667422881, "side": "sell", "size": "0.29196392", "price": "3042.21000000", "time": "2025-07-15T16:19:33.212213Z", "fetched_at": "2025-07-15T16:20:18.844231+00:00", "symbol": "ETH-USD"}, {"trade_id": 667422880, "side": "sell", "size": "0.00100000", "price": "3042.21000000", "time": "2025-07-15T16:19:33.212213Z", "fetched_at": "2025-07-15T16:20:18.844231+00:00", "symbol": "ETH-USD"}, {"trade_id": 667422879, "side": "sell", "size": "0.34965442", "price": "3042.01000000", "time": "2025-07-15T16:19:33.211346Z", "fetched_at": "2025-07-15T16:20:18.844231+00:00", "symbol": "ETH-USD"}, {"trade_id": 667422878, "side": "sell", "size": "5.00000000", "price": "3042.00000000", "time": "2025-07-15T16:19:33.211346Z", "fetched_at": "2025-07-15T16:20:18.844231+00:00", "symbol": "ETH-USD"}, {"trade_id": 667422877, "side": "sell", "size": "0.26816840", "price": "3041.99000000", "time": "2025-07-15T16:19:33.211346Z", "fetched_at": "2025-07-15T16:20:18.844231+00:00", "symbol": "ETH-USD"}, {"trade_id": 667422876, "side": "sell", "size": "0.21052937", "price": "3041.98000000", "time": "2025-07-15T16:19:33.211346Z", "fetched_at": "2025-07-15T16:20:18.844231+00:00", "symbol": "ETH-USD"}, {"trade_id": 667422875, "side": "sell", "size": "0.00100000", "price": "3041.98000000", "time": "2025-07-15T16:19:33.211346Z", "fetched_at": "2025-07-15T16:20:18.844231+00:00", "symbol": "ETH-USD"}, {"trade_id": 667422874, "side": "sell", "size": "0.16436998", "price": "3041.92000000", "time": "2025-07-15T16:19:33.211346Z", "fetched_at": "2025-07-15T16:20:18.844231+00:00", "symbol": "ETH-USD"}, {"trade_id": 667422873, "side": "sell", "size": "0.00328807", "price": "3041.91000000", "time": "2025-07-15T16:19:33.211346Z", "fetched_at": "2025-07-15T16:20:18.844231+00:00", "symbol": "ETH-USD"}, {"trade_id": 667422872, "side": "sell", "size": "0.00100000", "price": "3041.75000000", "time": "2025-07-15T16:19:33.211346Z", "fetched_at": "2025-07-15T16:20:18.844231+00:00", "symbol": "ETH-USD"}, {"trade_id": 667422871, "side": "sell", "size": "0.00004219", "price": "3041.52000000", "time": "2025-07-15T16:19:33.211346Z", "fetched_at": "2025-07-15T16:20:18.844231+00:00", "symbol": "ETH-USD"}, {"trade_id": 667422870, "side": "sell", "size": "0.00100000", "price": "3041.52000000", "time": "2025-07-15T16:19:33.211346Z", "fetched_at": "2025-07-15T16:20:18.844231+00:00", "symbol": "ETH-USD"}, {"trade_id": 667422869, "side": "buy", "size": "0.01363500", "price": "3041.51000000", "time": "2025-07-15T16:19:33.040741Z", "fetched_at": "2025-07-15T16:20:18.844231+00:00", "symbol": "ETH-USD"}, {"trade_id": 667422868, "side": "buy", "size": "0.07998179", "price": "3041.51000000", "time": "2025-07-15T16:19:33.040741Z", "fetched_at": "2025-07-15T16:20:18.844231+00:00", "symbol": "ETH-USD"}, {"trade_id": 667422867, "side": "buy", "size": "0.46692516", "price": "3041.51000000", "time": "2025-07-15T16:19:32.638589Z", "fetched_at": "2025-07-15T16:20:18.844231+00:00", "symbol": "ETH-USD"}, {"trade_id": 667422866, "side": "buy", "size": "0.01062630", "price": "3041.51000000", "time": "2025-07-15T16:19:32.638589Z", "fetched_at": "2025-07-15T16:20:18.844231+00:00", "symbol": "ETH-USD"}, {"trade_id": 667422865, "side": "buy", "size": "0.00047370", "price": "3041.51000000", "time": "2025-07-15T16:19:32.638589Z", "fetched_at": "2025-07-15T16:20:18.844231+00:00", "symbol": "ETH-USD"}, {"trade_id": 667422864, "side": "buy", "size": "0.15918000", "price": "3041.51000000", "time": "2025-07-15T16:19:32.638589Z", "fetched_at": "2025-07-15T16:20:18.844231+00:00", "symbol": "ETH-USD"}, {"trade_id": 667422863, "side": "buy", "size": "0.11260000", "price": "3041.51000000", "time": "2025-07-15T16:19:32.638589Z", "fetched_at": "2025-07-15T16:20:18.844231+00:00", "symbol": "ETH-USD"}, {"trade_id": 667422862, "side": "buy", "size": "1.24893004", "price": "3041.51000000", "time": "2025-07-15T16:19:32.638589Z", "fetched_at": "2025-07-15T16:20:18.844231+00:00", "symbol": "ETH-USD"}, {"trade_id": 667422861, "side": "buy", "size": "0.00000996", "price": "3041.51000000", "time": "2025-07-15T16:19:32.501970Z", "fetched_at": "2025-07-15T16:20:18.844231+00:00", "symbol": "ETH-USD"}, {"trade_id": 667422860, "side": "sell", "size": "0.00015402", "price": "3041.29000000", "time": "2025-07-15T16:19:32.115851Z", "fetched_at": "2025-07-15T16:20:18.844231+00:00", "symbol": "ETH-USD"}, {"trade_id": 667422859, "side": "sell", "size": "0.00100000", "price": "3041.29000000", "time": "2025-07-15T16:19:32.115851Z", "fetched_at": "2025-07-15T16:20:18.844231+00:00", "symbol": "ETH-USD"}, {"trade_id": 667422858, "side": "sell", "size": "0.00100000", "price": "3041.06000000", "time": "2025-07-15T16:19:31.300103Z", "fetched_at": "2025-07-15T16:20:18.844231+00:00", "symbol": "ETH-USD"}, {"trade_id": 667422857, "side": "sell", "size": "0.33933252", "price": "3040.98000000", "time": "2025-07-15T16:19:31.085128Z", "fetched_at": "2025-07-15T16:20:18.844231+00:00", "symbol": "ETH-USD"}, {"trade_id": 667422856, "side": "sell", "size": "0.00100000", "price": "3040.83000000", "time": "2025-07-15T16:19:31.085128Z", "fetched_at": "2025-07-15T16:20:18.844231+00:00", "symbol": "ETH-USD"}, {"trade_id": 667422855, "side": "sell", "size": "0.82244146", "price": "3040.64000000", "time": "2025-07-15T16:19:30.865753Z", "fetched_at": "2025-07-15T16:20:18.844231+00:00", "symbol": "ETH-USD"}, {"trade_id": 667422854, "side": "sell", "size": "0.00014814", "price": "3040.60000000", "time": "2025-07-15T16:19:30.865753Z", "fetched_at": "2025-07-15T16:20:18.844231+00:00", "symbol": "ETH-USD"}, {"trade_id": 667422853, "side": "sell", "size": "0.00100000", "price": "3040.60000000", "time": "2025-07-15T16:19:30.865753Z", "fetched_at": "2025-07-15T16:20:18.844231+00:00", "symbol": "ETH-USD"}, {"trade_id": 667422852, "side": "sell", "size": "0.00329013", "price": "3040.37000000", "time": "2025-07-15T16:19:30.590815Z", "fetched_at": "2025-07-15T16:20:18.844231+00:00", "symbol": "ETH-USD"}, {"trade_id": 667422851, "side": "sell", "size": "0.35347069", "price": "3040.44000000", "time": "2025-07-15T16:19:30.586887Z", "fetched_at": "2025-07-15T16:20:18.844231+00:00", "symbol": "ETH-USD"}, {"trade_id": 667422850, "side": "sell", "size": "0.00100000", "price": "3040.37000000", "time": "2025-07-15T16:19:30.586887Z", "fetched_at": "2025-07-15T16:20:18.844231+00:00", "symbol": "ETH-USD"}, {"trade_id": 667422849, "side": "sell", "size": "0.00024001", "price": "3040.15000000", "time": "2025-07-15T16:19:30.565840Z", "fetched_at": "2025-07-15T16:20:18.844231+00:00", "symbol": "ETH-USD"}, {"trade_id": 667422848, "side": "sell", "size": "0.00080540", "price": "3040.15000000", "time": "2025-07-15T16:19:30.565840Z", "fetched_at": "2025-07-15T16:20:18.844231+00:00", "symbol": "ETH-USD"}, {"trade_id": 667422847, "side": "sell", "size": "0.00005589", "price": "3040.15000000", "time": "2025-07-15T16:19:30.565840Z", "fetched_at": "2025-07-15T16:20:18.844231+00:00", "symbol": "ETH-USD"}, {"trade_id": 667422846, "side": "buy", "size": "0.36565245", "price": "3039.63000000", "time": "2025-07-15T16:19:29.593437Z", "fetched_at": "2025-07-15T16:20:18.844231+00:00", "symbol": "ETH-USD"}, {"trade_id": 667422845, "side": "buy", "size": "0.97200000", "price": "3039.71000000", "time": "2025-07-15T16:19:29.593437Z", "fetched_at": "2025-07-15T16:20:18.844231+00:00", "symbol": "ETH-USD"}, {"trade_id": 667422844, "side": "buy", "size": "0.01390264", "price": "3039.71000000", "time": "2025-07-15T16:19:29.593437Z", "fetched_at": "2025-07-15T16:20:18.844231+00:00", "symbol": "ETH-USD"}, {"trade_id": 667422843, "side": "buy", "size": "0.59154158", "price": "3039.72000000", "time": "2025-07-15T16:19:29.593437Z", "fetched_at": "2025-07-15T16:20:18.844231+00:00", "symbol": "ETH-USD"}, {"trade_id": 667422842, "side": "buy", "size": "0.03722966", "price": "3039.72000000", "time": "2025-07-15T16:19:29.593437Z", "fetched_at": "2025-07-15T16:20:18.844231+00:00", "symbol": "ETH-USD"}, {"trade_id": 667422841, "side": "buy", "size": "0.04423612", "price": "3039.73000000", "time": "2025-07-15T16:19:29.593437Z", "fetched_at": "2025-07-15T16:20:18.844231+00:00", "symbol": "ETH-USD"}, {"trade_id": 667422840, "side": "buy", "size": "0.10424687", "price": "3039.74000000", "time": "2025-07-15T16:19:29.593437Z", "fetched_at": "2025-07-15T16:20:18.844231+00:00", "symbol": "ETH-USD"}, {"trade_id": 667422839, "side": "buy", "size": "0.01052881", "price": "3039.74000000", "time": "2025-07-15T16:19:29.593437Z", "fetched_at": "2025-07-15T16:20:18.844231+00:00", "symbol": "ETH-USD"}, {"trade_id": 667422838, "side": "buy", "size": "0.02596937", "price": "3039.75000000", "time": "2025-07-15T16:19:29.593437Z", "fetched_at": "2025-07-15T16:20:18.844231+00:00", "symbol": "ETH-USD"}, {"trade_id": 667422837, "side": "buy", "size": "0.02034250", "price": "3039.76000000", "time": "2025-07-15T16:19:29.593437Z", "fetched_at": "2025-07-15T16:20:18.844231+00:00", "symbol": "ETH-USD"}, {"trade_id": 667422836, "side": "buy", "size": "0.18563000", "price": "3040.14000000", "time": "2025-07-15T16:19:29.593437Z", "fetched_at": "2025-07-15T16:20:18.844231+00:00", "symbol": "ETH-USD"}, {"trade_id": 667422835, "side": "buy", "size": "0.11260000", "price": "3040.14000000", "time": "2025-07-15T16:19:29.593437Z", "fetched_at": "2025-07-15T16:20:18.844231+00:00", "symbol": "ETH-USD"}, {"trade_id": 667422834, "side": "buy", "size": "0.10612000", "price": "3040.14000000", "time": "2025-07-15T16:19:29.593437Z", "fetched_at": "2025-07-15T16:20:18.844231+00:00", "symbol": "ETH-USD"}, {"trade_id": 667422833, "side": "sell", "size": "0.00329040", "price": "3039.72000000", "time": "2025-07-15T16:19:29.487874Z", "fetched_at": "2025-07-15T16:20:18.844231+00:00", "symbol": "ETH-USD"}, {"trade_id": 667422832, "side": "sell", "size": "0.00008612", "price": "3039.72000000", "time": "2025-07-15T16:19:29.487874Z", "fetched_at": "2025-07-15T16:20:18.844231+00:00", "symbol": "ETH-USD"}, {"trade_id": 667422831, "side": "sell", "size": "0.00023231", "price": "3039.72000000", "time": "2025-07-15T16:19:29.487874Z", "fetched_at": "2025-07-15T16:20:18.844231+00:00", "symbol": "ETH-USD"}, {"trade_id": 667422830, "side": "sell", "size": "0.00185191", "price": "3039.72000000", "time": "2025-07-15T16:19:29.487874Z", "fetched_at": "2025-07-15T16:20:18.844231+00:00", "symbol": "ETH-USD"}, {"trade_id": 667422829, "side": "sell", "size": "0.10430962", "price": "3040.02000000", "time": "2025-07-15T16:19:29.342214Z", "fetched_at": "2025-07-15T16:20:18.844231+00:00", "symbol": "ETH-USD"}, {"trade_id": 667422828, "side": "sell", "size": "0.42552004", "price": "3040.00000000", "time": "2025-07-15T16:19:29.342214Z", "fetched_at": "2025-07-15T16:20:18.844231+00:00", "symbol": "ETH-USD"}, {"trade_id": 667422827, "side": "sell", "size": "0.00100000", "price": "3039.91000000", "time": "2025-07-15T16:19:29.342214Z", "fetched_at": "2025-07-15T16:20:18.844231+00:00", "symbol": "ETH-USD"}, {"trade_id": 667422826, "side": "sell", "size": "0.00010335", "price": "3039.78000000", "time": "2025-07-15T16:19:29.342214Z", "fetched_at": "2025-07-15T16:20:18.844231+00:00", "symbol": "ETH-USD"}, {"trade_id": 667422825, "side": "sell", "size": "0.00027508", "price": "3039.78000000", "time": "2025-07-15T16:19:29.342214Z", "fetched_at": "2025-07-15T16:20:18.844231+00:00", "symbol": "ETH-USD"}, {"trade_id": 667422824, "side": "sell", "size": "0.00370384", "price": "3039.77000000", "time": "2025-07-15T16:19:29.342214Z", "fetched_at": "2025-07-15T16:20:18.844231+00:00", "symbol": "ETH-USD"}, {"trade_id": 667422823, "side": "sell", "size": "0.00234697", "price": "3039.72000000", "time": "2025-07-15T16:19:29.342214Z", "fetched_at": "2025-07-15T16:20:18.844231+00:00", "symbol": "ETH-USD"}, {"trade_id": 667422822, "side": "sell", "size": "0.00328981", "price": "3039.50000000", "time": "2025-07-15T16:19:28.807450Z", "fetched_at": "2025-07-15T16:20:18.844231+00:00", "symbol": "ETH-USD"}, {"trade_id": 667422821, "side": "sell", "size": "0.00093392", "price": "3039.43000000", "time": "2025-07-15T16:19:28.751497Z", "fetched_at": "2025-07-15T16:20:18.844231+00:00", "symbol": "ETH-USD"}, {"trade_id": 667422820, "side": "buy", "size": "1.34222095", "price": "3038.80000000", "time": "2025-07-15T16:19:28.098805Z", "fetched_at": "2025-07-15T16:20:18.844231+00:00", "symbol": "ETH-USD"}, {"trade_id": 667422819, "side": "sell", "size": "0.03846697", "price": "3038.93000000", "time": "2025-07-15T16:19:28.093809Z", "fetched_at": "2025-07-15T16:20:18.844231+00:00", "symbol": "ETH-USD"}, {"trade_id": 667422818, "side": "buy", "size": "0.00157676", "price": "3039.25000000", "time": "2025-07-15T16:19:28.088554Z", "fetched_at": "2025-07-15T16:20:18.844231+00:00", "symbol": "ETH-USD"}, {"trade_id": 667422817, "side": "buy", "size": "0.11314046", "price": "3038.99000000", "time": "2025-07-15T16:19:28.086915Z", "fetched_at": "2025-07-15T16:20:18.844231+00:00", "symbol": "ETH-USD"}, {"trade_id": 667422816, "side": "buy", "size": "0.00100000", "price": "3038.99000000", "time": "2025-07-15T16:19:28.086915Z", "fetched_at": "2025-07-15T16:20:18.844231+00:00", "symbol": "ETH-USD"}, {"trade_id": 667422815, "side": "buy", "size": "1.38279220", "price": "3039.02000000", "time": "2025-07-15T16:19:28.086696Z", "fetched_at": "2025-07-15T16:20:18.844231+00:00", "symbol": "ETH-USD"}, {"trade_id": 667422814, "side": "buy", "size": "0.95539000", "price": "3039.04000000", "time": "2025-07-15T16:19:28.086696Z", "fetched_at": "2025-07-15T16:20:18.844231+00:00", "symbol": "ETH-USD"}, {"trade_id": 667422813, "side": "buy", "size": "0.01661000", "price": "3039.04000000", "time": "2025-07-15T16:19:28.086339Z", "fetched_at": "2025-07-15T16:20:18.844231+00:00", "symbol": "ETH-USD"}, {"trade_id": 667422812, "side": "buy", "size": "1.45860376", "price": "3039.05000000", "time": "2025-07-15T16:19:28.085836Z", "fetched_at": "2025-07-15T16:20:18.844231+00:00", "symbol": "ETH-USD"}, {"trade_id": 667422811, "side": "buy", "size": "0.32479822", "price": "3039.05000000", "time": "2025-07-15T16:19:28.085338Z", "fetched_at": "2025-07-15T16:20:18.844231+00:00", "symbol": "ETH-USD"}, {"trade_id": 667422810, "side": "buy", "size": "0.23410431", "price": "3039.10000000", "time": "2025-07-15T16:19:28.085338Z", "fetched_at": "2025-07-15T16:20:18.844231+00:00", "symbol": "ETH-USD"}, {"trade_id": 667422809, "side": "buy", "size": "0.01661000", "price": "3039.10000000", "time": "2025-07-15T16:19:28.085134Z", "fetched_at": "2025-07-15T16:20:18.844231+00:00", "symbol": "ETH-USD"}, {"trade_id": 667422808, "side": "buy", "size": "0.01661000", "price": "3039.10000000", "time": "2025-07-15T16:19:28.085082Z", "fetched_at": "2025-07-15T16:20:18.844231+00:00", "symbol": "ETH-USD"}, {"trade_id": 667422807, "side": "buy", "size": "0.12612332", "price": "3039.10000000", "time": "2025-07-15T16:19:28.084598Z", "fetched_at": "2025-07-15T16:20:18.844231+00:00", "symbol": "ETH-USD"}, {"trade_id": 667422806, "side": "buy", "size": "4.42851932", "price": "3039.18000000", "time": "2025-07-15T16:19:28.084598Z", "fetched_at": "2025-07-15T16:20:18.844231+00:00", "symbol": "ETH-USD"}, {"trade_id": 667422805, "side": "buy", "size": "0.01661000", "price": "3039.18000000", "time": "2025-07-15T16:19:28.084537Z", "fetched_at": "2025-07-15T16:20:18.844231+00:00", "symbol": "ETH-USD"}, {"trade_id": 667422804, "side": "buy", "size": "2.65357747", "price": "3039.18000000", "time": "2025-07-15T16:19:28.084201Z", "fetched_at": "2025-07-15T16:20:18.844231+00:00", "symbol": "ETH-USD"}, {"trade_id": 667422803, "side": "buy", "size": "2.39219605", "price": "3039.18000000", "time": "2025-07-15T16:19:28.083986Z", "fetched_at": "2025-07-15T16:20:18.844231+00:00", "symbol": "ETH-USD"}, {"trade_id": 667422802, "side": "buy", "size": "0.60409716", "price": "3039.18000000", "time": "2025-07-15T16:19:28.083566Z", "fetched_at": "2025-07-15T16:20:18.844231+00:00", "symbol": "ETH-USD"}, {"trade_id": 667422801, "side": "buy", "size": "4.50697678", "price": "3039.21000000", "time": "2025-07-15T16:19:28.083030Z", "fetched_at": "2025-07-15T16:20:18.844231+00:00", "symbol": "ETH-USD"}, {"trade_id": 667422800, "side": "buy", "size": "0.90092321", "price": "3039.21000000", "time": "2025-07-15T16:19:28.082708Z", "fetched_at": "2025-07-15T16:20:18.844231+00:00", "symbol": "ETH-USD"}, {"trade_id": 667422799, "side": "buy", "size": "0.15000000", "price": "3039.22000000", "time": "2025-07-15T16:19:28.082708Z", "fetched_at": "2025-07-15T16:20:18.844231+00:00", "symbol": "ETH-USD"}, {"trade_id": 667422798, "side": "buy", "size": "0.00100000", "price": "3039.22000000", "time": "2025-07-15T16:19:28.082708Z", "fetched_at": "2025-07-15T16:20:18.844231+00:00", "symbol": "ETH-USD"}, {"trade_id": 667422797, "side": "buy", "size": "0.10000000", "price": "3039.23000000", "time": "2025-07-15T16:19:28.082708Z", "fetched_at": "2025-07-15T16:20:18.844231+00:00", "symbol": "ETH-USD"}, {"trade_id": 667422796, "side": "buy", "size": "0.04012871", "price": "3039.24000000", "time": "2025-07-15T16:19:28.082708Z", "fetched_at": "2025-07-15T16:20:18.844231+00:00", "symbol": "ETH-USD"}, {"trade_id": 667422795, "side": "buy", "size": "0.00157676", "price": "3039.25000000", "time": "2025-07-15T16:19:28.082708Z", "fetched_at": "2025-07-15T16:20:18.844231+00:00", "symbol": "ETH-USD"}, {"trade_id": 667422794, "side": "buy", "size": "0.29275421", "price": "3039.23000000", "time": "2025-07-15T16:19:27.998908Z", "fetched_at": "2025-07-15T16:20:18.844231+00:00", "symbol": "ETH-USD"}, {"trade_id": 667422793, "side": "buy", "size": "1.30394319", "price": "3039.25000000", "time": "2025-07-15T16:19:27.998908Z", "fetched_at": "2025-07-15T16:20:18.844231+00:00", "symbol": "ETH-USD"}, {"trade_id": 667422792, "side": "buy", "size": "0.52485573", "price": "3039.32000000", "time": "2025-07-15T16:19:27.998908Z", "fetched_at": "2025-07-15T16:20:18.844231+00:00", "symbol": "ETH-USD"}, {"trade_id": 667422791, "side": "buy", "size": "1.39272942", "price": "3039.33000000", "time": "2025-07-15T16:19:27.998908Z", "fetched_at": "2025-07-15T16:20:18.844231+00:00", "symbol": "ETH-USD"}, {"trade_id": 667422790, "side": "buy", "size": "1.15055109", "price": "3039.34000000", "time": "2025-07-15T16:19:27.998908Z", "fetched_at": "2025-07-15T16:20:18.844231+00:00", "symbol": "ETH-USD"}, {"trade_id": 667422789, "side": "buy", "size": "0.15000000", "price": "3039.35000000", "time": "2025-07-15T16:19:27.998908Z", "fetched_at": "2025-07-15T16:20:18.844231+00:00", "symbol": "ETH-USD"}, {"trade_id": 667422788, "side": "buy", "size": "0.09006305", "price": "3039.36000000", "time": "2025-07-15T16:19:27.998908Z", "fetched_at": "2025-07-15T16:20:18.844231+00:00", "symbol": "ETH-USD"}, {"trade_id": 667422787, "side": "buy", "size": "0.00157626", "price": "3039.37000000", "time": "2025-07-15T16:19:27.998908Z", "fetched_at": "2025-07-15T16:20:18.844231+00:00", "symbol": "ETH-USD"}, {"trade_id": 667422786, "side": "buy", "size": "0.00100000", "price": "3039.45000000", "time": "2025-07-15T16:19:27.998908Z", "fetched_at": "2025-07-15T16:20:18.844231+00:00", "symbol": "ETH-USD"}, {"trade_id": 667422785, "side": "buy", "size": "0.00083555", "price": "3039.68000000", "time": "2025-07-15T16:19:27.998908Z", "fetched_at": "2025-07-15T16:20:18.844231+00:00", "symbol": "ETH-USD"}, {"trade_id": 667422784, "side": "buy", "size": "0.02085745", "price": "3039.68000000", "time": "2025-07-15T16:19:27.998908Z", "fetched_at": "2025-07-15T16:20:18.844231+00:00", "symbol": "ETH-USD"}, {"trade_id": 667422783, "side": "buy", "size": "0.00100000", "price": "3039.68000000", "time": "2025-07-15T16:19:27.998908Z", "fetched_at": "2025-07-15T16:20:18.844231+00:00", "symbol": "ETH-USD"}, {"trade_id": 667422782, "side": "sell", "size": "0.03247035", "price": "3039.71000000", "time": "2025-07-15T16:19:27.820962Z", "fetched_at": "2025-07-15T16:20:18.844231+00:00", "symbol": "ETH-USD"}, {"trade_id": 667422781, "side": "sell", "size": "0.00328964", "price": "3039.69000000", "time": "2025-07-15T16:19:27.820962Z", "fetched_at": "2025-07-15T16:20:18.844231+00:00", "symbol": "ETH-USD"}, {"trade_id": 667422780, "side": "sell", "size": "0.00024001", "price": "3039.69000000", "time": "2025-07-15T16:19:27.820962Z", "fetched_at": "2025-07-15T16:20:18.844231+00:00", "symbol": "ETH-USD"}, {"trade_id": 667422779, "side": "sell", "size": "0.04464548", "price": "3039.69000000", "time": "2025-07-15T16:19:27.525075Z", "fetched_at": "2025-07-15T16:20:18.844231+00:00", "symbol": "ETH-USD"}, {"trade_id": 667422778, "side": "sell", "size": "0.00328964", "price": "3039.69000000", "time": "2025-07-15T16:19:27.525075Z", "fetched_at": "2025-07-15T16:20:18.844231+00:00", "symbol": "ETH-USD"}, {"trade_id": 667422777, "side": "buy", "size": "0.01777801", "price": "3039.71000000", "time": "2025-07-15T16:19:27.428263Z", "fetched_at": "2025-07-15T16:20:18.844231+00:00", "symbol": "ETH-USD"}, {"trade_id": 667422776, "side": "sell", "size": "0.28718612", "price": "3040.04000000", "time": "2025-07-15T16:19:26.901680Z", "fetched_at": "2025-07-15T16:20:18.844231+00:00", "symbol": "ETH-USD"}, {"trade_id": 667422775, "side": "sell", "size": "0.10309141", "price": "3040.03000000", "time": "2025-07-15T16:19:26.901680Z", "fetched_at": "2025-07-15T16:20:18.844231+00:00", "symbol": "ETH-USD"}, {"trade_id": 667422774, "side": "sell", "size": "0.00010335", "price": "3039.92000000", "time": "2025-07-15T16:19:26.901680Z", "fetched_at": "2025-07-15T16:20:18.844231+00:00", "symbol": "ETH-USD"}, {"trade_id": 667422773, "side": "sell", "size": "0.00055016", "price": "3039.92000000", "time": "2025-07-15T16:19:26.901680Z", "fetched_at": "2025-07-15T16:20:18.844231+00:00", "symbol": "ETH-USD"}, {"trade_id": 667422772, "side": "sell", "size": "0.10616385", "price": "3039.88000000", "time": "2025-07-15T16:19:26.901680Z", "fetched_at": "2025-07-15T16:20:18.844231+00:00", "symbol": "ETH-USD"}, {"trade_id": 667422771, "side": "sell", "size": "0.16448504", "price": "3039.79000000", "time": "2025-07-15T16:19:26.901680Z", "fetched_at": "2025-07-15T16:20:18.844231+00:00", "symbol": "ETH-USD"}, {"trade_id": 667422770, "side": "sell", "size": "0.00328963", "price": "3039.78000000", "time": "2025-07-15T16:19:26.901680Z", "fetched_at": "2025-07-15T16:20:18.844231+00:00", "symbol": "ETH-USD"}, {"trade_id": 667422769, "side": "buy", "size": "0.00066963", "price": "3039.73000000", "time": "2025-07-15T16:19:26.578513Z", "fetched_at": "2025-07-15T16:20:18.844231+00:00", "symbol": "ETH-USD"}, {"trade_id": 667422768, "side": "buy", "size": "0.00586209", "price": "3039.87000000", "time": "2025-07-15T16:19:26.522338Z", "fetched_at": "2025-07-15T16:20:18.844231+00:00", "symbol": "ETH-USD"}, {"trade_id": 667422767, "side": "buy", "size": "0.00006645", "price": "3039.87000000", "time": "2025-07-15T16:19:26.522338Z", "fetched_at": "2025-07-15T16:20:18.844231+00:00", "symbol": "ETH-USD"}, {"trade_id": 667422766, "side": "buy", "size": "0.02086273", "price": "3039.87000000", "time": "2025-07-15T16:19:26.522338Z", "fetched_at": "2025-07-15T16:20:18.844231+00:00", "symbol": "ETH-USD"}, {"trade_id": 667422765, "side": "sell", "size": "0.00001981", "price": "3039.91000000", "time": "2025-07-15T16:19:25.450189Z", "fetched_at": "2025-07-15T16:20:18.844231+00:00", "symbol": "ETH-USD"}, {"trade_id": 667422764, "side": "buy", "size": "0.00001315", "price": "3039.91000000", "time": "2025-07-15T16:19:25.373467Z", "fetched_at": "2025-07-15T16:20:18.844231+00:00", "symbol": "ETH-USD"}, {"trade_id": 667422763, "side": "buy", "size": "0.00100000", "price": "3039.91000000", "time": "2025-07-15T16:19:25.373467Z", "fetched_at": "2025-07-15T16:20:18.844231+00:00", "symbol": "ETH-USD"}, {"trade_id": 667422762, "side": "sell", "size": "0.01229981", "price": "3039.92000000", "time": "2025-07-15T16:19:25.262940Z", "fetched_at": "2025-07-15T16:20:18.844231+00:00", "symbol": "ETH-USD"}, {"trade_id": 667422761, "side": "sell", "size": "0.00328907", "price": "3039.92000000", "time": "2025-07-15T16:19:25.262940Z", "fetched_at": "2025-07-15T16:20:18.844231+00:00", "symbol": "ETH-USD"}, {"trade_id": 667422760, "side": "buy", "size": "0.00100000", "price": "3040.14000000", "time": "2025-07-15T16:19:24.913367Z", "fetched_at": "2025-07-15T16:20:18.844231+00:00", "symbol": "ETH-USD"}, {"trade_id": 667422759, "side": "sell", "size": "0.03585417", "price": "3040.15000000", "time": "2025-07-15T16:19:24.856309Z", "fetched_at": "2025-07-15T16:20:18.844231+00:00", "symbol": "ETH-USD"}, {"trade_id": 667422758, "side": "buy", "size": "0.08191346", "price": "3040.31000000", "time": "2025-07-15T16:19:24.770296Z", "fetched_at": "2025-07-15T16:20:18.844231+00:00", "symbol": "ETH-USD"}, {"trade_id": 667422757, "side": "buy", "size": "0.01502448", "price": "3040.37000000", "time": "2025-07-15T16:19:24.744328Z", "fetched_at": "2025-07-15T16:20:18.844231+00:00", "symbol": "ETH-USD"}, {"trade_id": 667422756, "side": "buy", "size": "0.00001973", "price": "3040.37000000", "time": "2025-07-15T16:19:24.744328Z", "fetched_at": "2025-07-15T16:20:18.844231+00:00", "symbol": "ETH-USD"}, {"trade_id": 667422755, "side": "buy", "size": "0.00100000", "price": "3040.37000000", "time": "2025-07-15T16:19:24.744328Z", "fetched_at": "2025-07-15T16:20:18.844231+00:00", "symbol": "ETH-USD"}, {"trade_id": 667422754, "side": "buy", "size": "0.01170240", "price": "3040.40000000", "time": "2025-07-15T16:19:24.744328Z", "fetched_at": "2025-07-15T16:20:18.844231+00:00", "symbol": "ETH-USD"}, {"trade_id": 667422753, "side": "sell", "size": "0.00281150", "price": "3040.64000000", "time": "2025-07-15T16:19:24.367368Z", "fetched_at": "2025-07-15T16:20:18.844231+00:00", "symbol": "ETH-USD"}, {"trade_id": 667422752, "side": "sell", "size": "0.00328850", "price": "3040.41000000", "time": "2025-07-15T16:19:24.367368Z", "fetched_at": "2025-07-15T16:20:18.844231+00:00", "symbol": "ETH-USD"}, {"trade_id": 667422751, "side": "buy", "size": "0.00123134", "price": "3040.56000000", "time": "2025-07-15T16:19:23.257391Z", "fetched_at": "2025-07-15T16:20:18.844231+00:00", "symbol": "ETH-USD"}, {"trade_id": 667422750, "side": "buy", "size": "0.00078469", "price": "3040.57000000", "time": "2025-07-15T16:19:23.257391Z", "fetched_at": "2025-07-15T16:20:18.844231+00:00", "symbol": "ETH-USD"}, {"trade_id": 667422749, "side": "buy", "size": "0.00123134", "price": "3040.57000000", "time": "2025-07-15T16:19:23.257391Z", "fetched_at": "2025-07-15T16:20:18.844231+00:00", "symbol": "ETH-USD"}, {"trade_id": 667422748, "side": "buy", "size": "0.00001315", "price": "3040.92000000", "time": "2025-07-15T16:19:23.204601Z", "fetched_at": "2025-07-15T16:20:18.844231+00:00", "symbol": "ETH-USD"}, {"trade_id": 667422747, "side": "buy", "size": "0.01758020", "price": "3040.92000000", "time": "2025-07-15T16:19:23.204601Z", "fetched_at": "2025-07-15T16:20:18.844231+00:00", "symbol": "ETH-USD"}, {"trade_id": 667422746, "side": "buy", "size": "0.00781575", "price": "3040.92000000", "time": "2025-07-15T16:19:23.204601Z", "fetched_at": "2025-07-15T16:20:18.844231+00:00", "symbol": "ETH-USD"}, {"trade_id": 667422745, "side": "sell", "size": "0.01631580", "price": "3040.93000000", "time": "2025-07-15T16:19:22.439048Z", "fetched_at": "2025-07-15T16:20:18.844231+00:00", "symbol": "ETH-USD"}, {"trade_id": 667422744, "side": "sell", "size": "0.00092590", "price": "3040.93000000", "time": "2025-07-15T16:19:21.585916Z", "fetched_at": "2025-07-15T16:20:18.844231+00:00", "symbol": "ETH-USD"}, {"trade_id": 667422743, "side": "buy", "size": "0.02103293", "price": "3040.41000000", "time": "2025-07-15T16:19:21.579055Z", "fetched_at": "2025-07-15T16:20:18.844231+00:00", "symbol": "ETH-USD"}, {"trade_id": 667422742, "side": "buy", "size": "0.36689290", "price": "3040.53000000", "time": "2025-07-15T16:19:21.579055Z", "fetched_at": "2025-07-15T16:20:18.844231+00:00", "symbol": "ETH-USD"}, {"trade_id": 667422741, "side": "buy", "size": "0.00079005", "price": "3040.54000000", "time": "2025-07-15T16:19:21.579055Z", "fetched_at": "2025-07-15T16:20:18.844231+00:00", "symbol": "ETH-USD"}, {"trade_id": 667422740, "side": "buy", "size": "0.00100000", "price": "3040.60000000", "time": "2025-07-15T16:19:21.579055Z", "fetched_at": "2025-07-15T16:20:18.844231+00:00", "symbol": "ETH-USD"}, {"trade_id": 667422739, "side": "buy", "size": "0.02253661", "price": "3040.83000000", "time": "2025-07-15T16:19:21.579055Z", "fetched_at": "2025-07-15T16:20:18.844231+00:00", "symbol": "ETH-USD"}, {"trade_id": 667422738, "side": "buy", "size": "0.11260000", "price": "3040.83000000", "time": "2025-07-15T16:19:21.579055Z", "fetched_at": "2025-07-15T16:20:18.844231+00:00", "symbol": "ETH-USD"}, {"trade_id": 667422737, "side": "buy", "size": "0.00527816", "price": "3040.83000000", "time": "2025-07-15T16:19:21.579055Z", "fetched_at": "2025-07-15T16:20:18.844231+00:00", "symbol": "ETH-USD"}, {"trade_id": 667422736, "side": "buy", "size": "0.00100000", "price": "3040.83000000", "time": "2025-07-15T16:19:21.579055Z", "fetched_at": "2025-07-15T16:20:18.844231+00:00", "symbol": "ETH-USD"}, {"trade_id": 667422735, "side": "sell", "size": "0.02180609", "price": "3040.96000000", "time": "2025-07-15T16:19:21.088118Z", "fetched_at": "2025-07-15T16:20:18.844231+00:00", "symbol": "ETH-USD"}, {"trade_id": 667422734, "side": "buy", "size": "0.00083521", "price": "3041.44000000", "time": "2025-07-15T16:19:20.556521Z", "fetched_at": "2025-07-15T16:20:18.844231+00:00", "symbol": "ETH-USD"}, {"trade_id": 667422733, "side": "buy", "size": "0.00000328", "price": "3041.44000000", "time": "2025-07-15T16:19:20.556521Z", "fetched_at": "2025-07-15T16:20:18.844231+00:00", "symbol": "ETH-USD"}, {"trade_id": 667422732, "side": "buy", "size": "0.00472734", "price": "3041.03000000", "time": "2025-07-15T16:19:20.313444Z", "fetched_at": "2025-07-15T16:20:18.844231+00:00", "symbol": "ETH-USD"}, {"trade_id": 667422731, "side": "buy", "size": "0.05352364", "price": "3041.04000000", "time": "2025-07-15T16:19:20.313444Z", "fetched_at": "2025-07-15T16:20:18.844231+00:00", "symbol": "ETH-USD"}, {"trade_id": 667422730, "side": "buy", "size": "0.10452246", "price": "3041.05000000", "time": "2025-07-15T16:19:20.313444Z", "fetched_at": "2025-07-15T16:20:18.844231+00:00", "symbol": "ETH-USD"}, {"trade_id": 667422729, "side": "buy", "size": "0.00083199", "price": "3041.06000000", "time": "2025-07-15T16:19:20.313444Z", "fetched_at": "2025-07-15T16:20:18.844231+00:00", "symbol": "ETH-USD"}, {"trade_id": 667422728, "side": "buy", "size": "0.00100000", "price": "3041.06000000", "time": "2025-07-15T16:19:20.313444Z", "fetched_at": "2025-07-15T16:20:18.844231+00:00", "symbol": "ETH-USD"}, {"trade_id": 667422727, "side": "buy", "size": "0.00100000", "price": "3041.29000000", "time": "2025-07-15T16:19:20.313444Z", "fetched_at": "2025-07-15T16:20:18.844231+00:00", "symbol": "ETH-USD"}, {"trade_id": 667422726, "side": "buy", "size": "0.14060734", "price": "3041.52000000", "time": "2025-07-15T16:19:20.311583Z", "fetched_at": "2025-07-15T16:20:18.844231+00:00", "symbol": "ETH-USD"}, {"trade_id": 667422725, "side": "buy", "size": "0.00802961", "price": "3041.52000000", "time": "2025-07-15T16:19:20.311583Z", "fetched_at": "2025-07-15T16:20:18.844231+00:00", "symbol": "ETH-USD"}, {"trade_id": 667422724, "side": "buy", "size": "0.00641455", "price": "3041.52000000", "time": "2025-07-15T16:19:20.311583Z", "fetched_at": "2025-07-15T16:20:18.844231+00:00", "symbol": "ETH-USD"}, {"trade_id": 667422723, "side": "buy", "size": "0.01055393", "price": "3041.52000000", "time": "2025-07-15T16:19:20.311583Z", "fetched_at": "2025-07-15T16:20:18.844231+00:00", "symbol": "ETH-USD"}, {"trade_id": 667422722, "side": "buy", "size": "0.02738474", "price": "3041.84000000", "time": "2025-07-15T16:19:19.865089Z", "fetched_at": "2025-07-15T16:20:18.844231+00:00", "symbol": "ETH-USD"}, {"trade_id": 667422721, "side": "sell", "size": "0.00000328", "price": "3041.85000000", "time": "2025-07-15T16:19:19.832774Z", "fetched_at": "2025-07-15T16:20:18.844231+00:00", "symbol": "ETH-USD"}, {"trade_id": 667422720, "side": "sell", "size": "0.00001314", "price": "3041.85000000", "time": "2025-07-15T16:19:19.815796Z", "fetched_at": "2025-07-15T16:20:18.844231+00:00", "symbol": "ETH-USD"}, {"trade_id": 667422719, "side": "sell", "size": "0.03085043", "price": "3041.85000000", "time": "2025-07-15T16:19:19.797262Z", "fetched_at": "2025-07-15T16:20:18.844231+00:00", "symbol": "ETH-USD"}, {"trade_id": 667422718, "side": "sell", "size": "0.00005589", "price": "3041.85000000", "time": "2025-07-15T16:19:19.797262Z", "fetched_at": "2025-07-15T16:20:18.844231+00:00", "symbol": "ETH-USD"}, {"trade_id": 667422717, "side": "buy", "size": "0.00469832", "price": "3041.84000000", "time": "2025-07-15T16:19:19.408752Z", "fetched_at": "2025-07-15T16:20:18.844231+00:00", "symbol": "ETH-USD"}, {"trade_id": 667422716, "side": "sell", "size": "0.00328698", "price": "3041.77000000", "time": "2025-07-15T16:19:18.297944Z", "fetched_at": "2025-07-15T16:20:18.844231+00:00", "symbol": "ETH-USD"}, {"trade_id": 667422715, "side": "sell", "size": "0.00024001", "price": "3041.77000000", "time": "2025-07-15T16:19:18.297944Z", "fetched_at": "2025-07-15T16:20:18.844231+00:00", "symbol": "ETH-USD"}, {"trade_id": 667422714, "side": "sell", "size": "0.00628888", "price": "3041.59000000", "time": "2025-07-15T16:19:18.020091Z", "fetched_at": "2025-07-15T16:20:18.844231+00:00", "symbol": "ETH-USD"}, {"trade_id": 667422713, "side": "sell", "size": "0.00328698", "price": "3041.53000000", "time": "2025-07-15T16:19:18.020091Z", "fetched_at": "2025-07-15T16:20:18.844231+00:00", "symbol": "ETH-USD"}, {"trade_id": 667422712, "side": "buy", "size": "0.34566128", "price": "3041.60000000", "time": "2025-07-15T16:19:17.623924Z", "fetched_at": "2025-07-15T16:20:18.844231+00:00", "symbol": "ETH-USD"}, {"trade_id": 667422711, "side": "buy", "size": "0.00112685", "price": "3041.61000000", "time": "2025-07-15T16:19:17.623924Z", "fetched_at": "2025-07-15T16:20:18.844231+00:00", "symbol": "ETH-USD"}, {"trade_id": 667422710, "side": "buy", "size": "0.11260000", "price": "3041.68000000", "time": "2025-07-15T16:19:17.623924Z", "fetched_at": "2025-07-15T16:20:18.844231+00:00", "symbol": "ETH-USD"}, {"trade_id": 667422709, "side": "buy", "size": "0.11260000", "price": "3041.13000000", "time": "2025-07-15T16:19:17.593271Z", "fetched_at": "2025-07-15T16:20:18.844231+00:00", "symbol": "ETH-USD"}, {"trade_id": 667422708, "side": "buy", "size": "0.00115710", "price": "3041.75000000", "time": "2025-07-15T16:19:17.591715Z", "fetched_at": "2025-07-15T16:20:18.844231+00:00", "symbol": "ETH-USD"}, {"trade_id": 667422707, "side": "buy", "size": "0.00115710", "price": "3041.75000000", "time": "2025-07-15T16:19:17.576853Z", "fetched_at": "2025-07-15T16:20:18.844231+00:00", "symbol": "ETH-USD"}, {"trade_id": 667422706, "side": "buy", "size": "0.00115710", "price": "3041.75000000", "time": "2025-07-15T16:19:17.562214Z", "fetched_at": "2025-07-15T16:20:18.844231+00:00", "symbol": "ETH-USD"}, {"trade_id": 667422705, "side": "buy", "size": "0.11260000", "price": "3041.75000000", "time": "2025-07-15T16:19:17.550896Z", "fetched_at": "2025-07-15T16:20:18.844231+00:00", "symbol": "ETH-USD"}, {"trade_id": 667422704, "side": "buy", "size": "0.00115710", "price": "3041.76000000", "time": "2025-07-15T16:19:17.533565Z", "fetched_at": "2025-07-15T16:20:18.844231+00:00", "symbol": "ETH-USD"}, {"trade_id": 667422703, "side": "buy", "size": "0.00115710", "price": "3041.76000000", "time": "2025-07-15T16:19:17.518378Z", "fetched_at": "2025-07-15T16:20:18.844231+00:00", "symbol": "ETH-USD"}, {"trade_id": 667422702, "side": "buy", "size": "0.11260000", "price": "3041.76000000", "time": "2025-07-15T16:19:17.504861Z", "fetched_at": "2025-07-15T16:20:18.844231+00:00", "symbol": "ETH-USD"}, {"trade_id": 667422701, "side": "buy", "size": "0.00115708", "price": "3041.81000000", "time": "2025-07-15T16:19:17.473719Z", "fetched_at": "2025-07-15T16:20:18.844231+00:00", "symbol": "ETH-USD"}, {"trade_id": 667422700, "side": "buy", "size": "0.11260000", "price": "3041.81000000", "time": "2025-07-15T16:19:17.470945Z", "fetched_at": "2025-07-15T16:20:18.844231+00:00", "symbol": "ETH-USD"}, {"trade_id": 667422699, "side": "buy", "size": "0.39336481", "price": "3041.01000000", "time": "2025-07-15T16:19:17.444844Z", "fetched_at": "2025-07-15T16:20:18.844231+00:00", "symbol": "ETH-USD"}, {"trade_id": 667422698, "side": "buy", "size": "2.24851021", "price": "3041.09000000", "time": "2025-07-15T16:19:17.444844Z", "fetched_at": "2025-07-15T16:20:18.844231+00:00", "symbol": "ETH-USD"}, {"trade_id": 667422697, "side": "buy", "size": "2.15732510", "price": "3041.25000000", "time": "2025-07-15T16:19:17.444844Z", "fetched_at": "2025-07-15T16:20:18.844231+00:00", "symbol": "ETH-USD"}, {"trade_id": 667422696, "side": "buy", "size": "6.75988962", "price": "3041.25000000", "time": "2025-07-15T16:19:17.444676Z", "fetched_at": "2025-07-15T16:20:18.844231+00:00", "symbol": "ETH-USD"}, {"trade_id": 667422695, "side": "buy", "size": "3.58474945", "price": "3041.25000000", "time": "2025-07-15T16:19:17.444650Z", "fetched_at": "2025-07-15T16:20:18.844231+00:00", "symbol": "ETH-USD"}, {"trade_id": 667422694, "side": "buy", "size": "1.53004155", "price": "3041.54000000", "time": "2025-07-15T16:19:17.444650Z", "fetched_at": "2025-07-15T16:20:18.844231+00:00", "symbol": "ETH-USD"}, {"trade_id": 667422693, "side": "buy", "size": "0.20592638", "price": "3040.93000000", "time": "2025-07-15T16:19:17.442666Z", "fetched_at": "2025-07-15T16:20:18.844231+00:00", "symbol": "ETH-USD"}, {"trade_id": 667422692, "side": "buy", "size": "0.66928279", "price": "3040.95000000", "time": "2025-07-15T16:19:17.442666Z", "fetched_at": "2025-07-15T16:20:18.844231+00:00", "symbol": "ETH-USD"}, {"trade_id": 667422691, "side": "buy", "size": "0.97200000", "price": "3041.00000000", "time": "2025-07-15T16:19:17.442666Z", "fetched_at": "2025-07-15T16:20:18.844231+00:00", "symbol": "ETH-USD"}, {"trade_id": 667422690, "side": "buy", "size": "0.82183990", "price": "3041.04000000", "time": "2025-07-15T16:19:17.442666Z", "fetched_at": "2025-07-15T16:20:18.844231+00:00", "symbol": "ETH-USD"}, {"trade_id": 667422689, "side": "buy", "size": "0.00100000", "price": "3041.06000000", "time": "2025-07-15T16:19:17.442666Z", "fetched_at": "2025-07-15T16:20:18.844231+00:00", "symbol": "ETH-USD"}, {"trade_id": 667422688, "side": "buy", "size": "1.28339432", "price": "3041.08000000", "time": "2025-07-15T16:19:17.442666Z", "fetched_at": "2025-07-15T16:20:18.844231+00:00", "symbol": "ETH-USD"}, {"trade_id": 667422687, "side": "buy", "size": "0.82206616", "price": "3041.11000000", "time": "2025-07-15T16:19:17.442666Z", "fetched_at": "2025-07-15T16:20:18.844231+00:00", "symbol": "ETH-USD"}, {"trade_id": 667422686, "side": "buy", "size": "0.16440985", "price": "3041.18000000", "time": "2025-07-15T16:19:17.442666Z", "fetched_at": "2025-07-15T16:20:18.844231+00:00", "symbol": "ETH-USD"}, {"trade_id": 667422685, "side": "buy", "size": "0.26088048", "price": "3041.21000000", "time": "2025-07-15T16:19:17.442666Z", "fetched_at": "2025-07-15T16:20:18.844231+00:00", "symbol": "ETH-USD"}, {"trade_id": 667422684, "side": "buy", "size": "0.37498642", "price": "3041.25000000", "time": "2025-07-15T16:19:17.442218Z", "fetched_at": "2025-07-15T16:20:18.844231+00:00", "symbol": "ETH-USD"}, {"trade_id": 667422683, "side": "buy", "size": "1.10209253", "price": "3041.25000000", "time": "2025-07-15T16:19:17.442190Z", "fetched_at": "2025-07-15T16:20:18.844231+00:00", "symbol": "ETH-USD"}, {"trade_id": 667422682, "side": "buy", "size": "0.00100000", "price": "3041.29000000", "time": "2025-07-15T16:19:17.442190Z", "fetched_at": "2025-07-15T16:20:18.844231+00:00", "symbol": "ETH-USD"}, {"trade_id": 667422681, "side": "buy", "size": "0.83250000", "price": "3041.43000000", "time": "2025-07-15T16:19:17.442190Z", "fetched_at": "2025-07-15T16:20:18.844231+00:00", "symbol": "ETH-USD"}, {"trade_id": 667422680, "side": "buy", "size": "0.31945986", "price": "3041.45000000", "time": "2025-07-15T16:19:17.442190Z", "fetched_at": "2025-07-15T16:20:18.844231+00:00", "symbol": "ETH-USD"}, {"trade_id": 667422679, "side": "buy", "size": "0.61398833", "price": "3041.52000000", "time": "2025-07-15T16:19:17.442190Z", "fetched_at": "2025-07-15T16:20:18.844231+00:00", "symbol": "ETH-USD"}, {"trade_id": 667422678, "side": "buy", "size": "0.78312106", "price": "3041.52000000", "time": "2025-07-15T16:19:17.442125Z", "fetched_at": "2025-07-15T16:20:18.844231+00:00", "symbol": "ETH-USD"}, {"trade_id": 667422677, "side": "buy", "size": "0.00100000", "price": "3041.52000000", "time": "2025-07-15T16:19:17.442125Z", "fetched_at": "2025-07-15T16:20:18.844231+00:00", "symbol": "ETH-USD"}, {"trade_id": 667422676, "side": "buy", "size": "1.20000000", "price": "3041.65000000", "time": "2025-07-15T16:19:17.442125Z", "fetched_at": "2025-07-15T16:20:18.844231+00:00", "symbol": "ETH-USD"}, {"trade_id": 667422675, "side": "buy", "size": "1.03077263", "price": "3041.66000000", "time": "2025-07-15T16:19:17.442125Z", "fetched_at": "2025-07-15T16:20:18.844231+00:00", "symbol": "ETH-USD"}, {"trade_id": 667422674, "side": "buy", "size": "0.08343894", "price": "3041.67000000", "time": "2025-07-15T16:19:17.442125Z", "fetched_at": "2025-07-15T16:20:18.844231+00:00", "symbol": "ETH-USD"}, {"trade_id": 667422673, "side": "buy", "size": "0.00115713", "price": "3041.68000000", "time": "2025-07-15T16:19:17.442125Z", "fetched_at": "2025-07-15T16:20:18.844231+00:00", "symbol": "ETH-USD"}, {"trade_id": 667422672, "side": "buy", "size": "0.03687476", "price": "3041.71000000", "time": "2025-07-15T16:19:17.442125Z", "fetched_at": "2025-07-15T16:20:18.844231+00:00", "symbol": "ETH-USD"}, {"trade_id": 667422671, "side": "buy", "size": "0.31402322", "price": "3041.71000000", "time": "2025-07-15T16:19:17.441065Z", "fetched_at": "2025-07-15T16:20:18.844231+00:00", "symbol": "ETH-USD"}, {"trade_id": 667422670, "side": "buy", "size": "0.00100000", "price": "3041.75000000", "time": "2025-07-15T16:19:17.441065Z", "fetched_at": "2025-07-15T16:20:18.844231+00:00", "symbol": "ETH-USD"}, {"trade_id": 667422669, "side": "buy", "size": "0.00049294", "price": "3041.79000000", "time": "2025-07-15T16:19:17.441065Z", "fetched_at": "2025-07-15T16:20:18.844231+00:00", "symbol": "ETH-USD"}, {"trade_id": 667422668, "side": "buy", "size": "0.00042728", "price": "3041.82000000", "time": "2025-07-15T16:19:17.441065Z", "fetched_at": "2025-07-15T16:20:18.844231+00:00", "symbol": "ETH-USD"}, {"trade_id": 667422667, "side": "buy", "size": "0.00329393", "price": "3041.95000000", "time": "2025-07-15T16:19:17.441065Z", "fetched_at": "2025-07-15T16:20:18.844231+00:00", "symbol": "ETH-USD"}, {"trade_id": 667422666, "side": "buy", "size": "0.03166061", "price": "3041.95000000", "time": "2025-07-15T16:19:17.441065Z", "fetched_at": "2025-07-15T16:20:18.844231+00:00", "symbol": "ETH-USD"}, {"trade_id": 667422665, "side": "buy", "size": "0.04787104", "price": "3042.34000000", "time": "2025-07-15T16:19:17.230975Z", "fetched_at": "2025-07-15T16:20:18.844231+00:00", "symbol": "ETH-USD"}, {"trade_id": 667422664, "side": "buy", "size": "0.02383691", "price": "3042.34000000", "time": "2025-07-15T16:19:17.230975Z", "fetched_at": "2025-07-15T16:20:18.844231+00:00", "symbol": "ETH-USD"}, {"trade_id": 667422663, "side": "sell", "size": "0.01267086", "price": "3042.35000000", "time": "2025-07-15T16:19:16.257282Z", "fetched_at": "2025-07-15T16:20:18.844231+00:00", "symbol": "ETH-USD"}, {"trade_id": 667422662, "side": "sell", "size": "0.00328661", "price": "3042.35000000", "time": "2025-07-15T16:19:16.257282Z", "fetched_at": "2025-07-15T16:20:18.844231+00:00", "symbol": "ETH-USD"}, {"trade_id": 667422661, "side": "sell", "size": "0.01777700", "price": "3042.25000000", "time": "2025-07-15T16:19:16.159613Z", "fetched_at": "2025-07-15T16:20:18.844231+00:00", "symbol": "ETH-USD"}, {"trade_id": 667422660, "side": "buy", "size": "0.36201736", "price": "3042.16000000", "time": "2025-07-15T16:19:15.850905Z", "fetched_at": "2025-07-15T16:20:18.844231+00:00", "symbol": "ETH-USD"}, {"trade_id": 667422659, "side": "buy", "size": "0.00115264", "price": "3042.17000000", "time": "2025-07-15T16:19:15.850905Z", "fetched_at": "2025-07-15T16:20:18.844231+00:00", "symbol": "ETH-USD"}