[{"trade_id": 667348575, "side": "buy", "size": "0.00412024", "price": "3053.22000000", "time": "2025-07-15T14:20:18.074985Z", "fetched_at": "2025-07-15T14:20:22.010106+00:00", "symbol": "ETH-USD"}, {"trade_id": 667348574, "side": "sell", "size": "0.00321457", "price": "3053.23000000", "time": "2025-07-15T14:20:17.696590Z", "fetched_at": "2025-07-15T14:20:22.010106+00:00", "symbol": "ETH-USD"}, {"trade_id": 667348573, "side": "sell", "size": "0.03278350", "price": "3053.23000000", "time": "2025-07-15T14:20:17.691485Z", "fetched_at": "2025-07-15T14:20:22.010106+00:00", "symbol": "ETH-USD"}, {"trade_id": 667348572, "side": "sell", "size": "0.01621470", "price": "3053.23000000", "time": "2025-07-15T14:20:17.156092Z", "fetched_at": "2025-07-15T14:20:22.010106+00:00", "symbol": "ETH-USD"}, {"trade_id": 667348571, "side": "sell", "size": "0.01591617", "price": "3053.23000000", "time": "2025-07-15T14:20:16.908762Z", "fetched_at": "2025-07-15T14:20:22.010106+00:00", "symbol": "ETH-USD"}, {"trade_id": 667348570, "side": "sell", "size": "0.00468354", "price": "3053.23000000", "time": "2025-07-15T14:20:16.751855Z", "fetched_at": "2025-07-15T14:20:22.010106+00:00", "symbol": "ETH-USD"}, {"trade_id": 667348569, "side": "sell", "size": "0.00327508", "price": "3053.23000000", "time": "2025-07-15T14:20:16.751855Z", "fetched_at": "2025-07-15T14:20:22.010106+00:00", "symbol": "ETH-USD"}, {"trade_id": 667348568, "side": "buy", "size": "0.03687668", "price": "3053.42000000", "time": "2025-07-15T14:20:15.058900Z", "fetched_at": "2025-07-15T14:20:22.010106+00:00", "symbol": "ETH-USD"}, {"trade_id": 667348567, "side": "sell", "size": "0.00645457", "price": "3053.11000000", "time": "2025-07-15T14:20:13.739495Z", "fetched_at": "2025-07-15T14:20:22.010106+00:00", "symbol": "ETH-USD"}, {"trade_id": 667348566, "side": "sell", "size": "0.00327573", "price": "3053.11000000", "time": "2025-07-15T14:20:13.739495Z", "fetched_at": "2025-07-15T14:20:22.010106+00:00", "symbol": "ETH-USD"}, {"trade_id": 667348565, "side": "sell", "size": "0.02686572", "price": "3053.11000000", "time": "2025-07-15T14:20:13.644242Z", "fetched_at": "2025-07-15T14:20:22.010106+00:00", "symbol": "ETH-USD"}, {"trade_id": 667348564, "side": "sell", "size": "0.00282974", "price": "3053.09000000", "time": "2025-07-15T14:20:13.644242Z", "fetched_at": "2025-07-15T14:20:22.010106+00:00", "symbol": "ETH-USD"}, {"trade_id": 667348563, "side": "sell", "size": "0.00185215", "price": "3052.80000000", "time": "2025-07-15T14:20:13.644242Z", "fetched_at": "2025-07-15T14:20:22.010106+00:00", "symbol": "ETH-USD"}, {"trade_id": 667348562, "side": "sell", "size": "0.00005589", "price": "3052.80000000", "time": "2025-07-15T14:20:13.644242Z", "fetched_at": "2025-07-15T14:20:22.010106+00:00", "symbol": "ETH-USD"}, {"trade_id": 667348561, "side": "sell", "size": "0.00024000", "price": "3052.80000000", "time": "2025-07-15T14:20:13.644242Z", "fetched_at": "2025-07-15T14:20:22.010106+00:00", "symbol": "ETH-USD"}, {"trade_id": 667348560, "side": "sell", "size": "0.00032434", "price": "3052.80000000", "time": "2025-07-15T14:20:10.931987Z", "fetched_at": "2025-07-15T14:20:22.010106+00:00", "symbol": "ETH-USD"}, {"trade_id": 667348559, "side": "sell", "size": "0.00483242", "price": "3053.15000000", "time": "2025-07-15T14:20:10.744416Z", "fetched_at": "2025-07-15T14:20:22.010106+00:00", "symbol": "ETH-USD"}, {"trade_id": 667348558, "side": "sell", "size": "0.00327507", "price": "3053.13000000", "time": "2025-07-15T14:20:10.744416Z", "fetched_at": "2025-07-15T14:20:22.010106+00:00", "symbol": "ETH-USD"}, {"trade_id": 667348557, "side": "buy", "size": "0.00001927", "price": "3053.09000000", "time": "2025-07-15T14:20:10.439927Z", "fetched_at": "2025-07-15T14:20:22.010106+00:00", "symbol": "ETH-USD"}, {"trade_id": 667348556, "side": "buy", "size": "2.05240917", "price": "3053.09000000", "time": "2025-07-15T14:20:10.439915Z", "fetched_at": "2025-07-15T14:20:22.010106+00:00", "symbol": "ETH-USD"}, {"trade_id": 667348555, "side": "buy", "size": "0.00068677", "price": "3053.10000000", "time": "2025-07-15T14:20:10.439915Z", "fetched_at": "2025-07-15T14:20:22.010106+00:00", "symbol": "ETH-USD"}, {"trade_id": 667348554, "side": "buy", "size": "0.03154168", "price": "3053.42000000", "time": "2025-07-15T14:20:10.439915Z", "fetched_at": "2025-07-15T14:20:22.010106+00:00", "symbol": "ETH-USD"}, {"trade_id": 667348553, "side": "buy", "size": "0.03081238", "price": "3053.42000000", "time": "2025-07-15T14:20:10.439915Z", "fetched_at": "2025-07-15T14:20:22.010106+00:00", "symbol": "ETH-USD"}, {"trade_id": 667348552, "side": "sell", "size": "0.02271544", "price": "3053.43000000", "time": "2025-07-15T14:20:09.078429Z", "fetched_at": "2025-07-15T14:20:22.010106+00:00", "symbol": "ETH-USD"}, {"trade_id": 667348551, "side": "buy", "size": "0.01940344", "price": "3053.42000000", "time": "2025-07-15T14:20:09.057079Z", "fetched_at": "2025-07-15T14:20:22.010106+00:00", "symbol": "ETH-USD"}, {"trade_id": 667348550, "side": "buy", "size": "0.04524434", "price": "3053.42000000", "time": "2025-07-15T14:20:09.057079Z", "fetched_at": "2025-07-15T14:20:22.010106+00:00", "symbol": "ETH-USD"}, {"trade_id": 667348549, "side": "sell", "size": "0.00550200", "price": "3053.43000000", "time": "2025-07-15T14:20:08.701347Z", "fetched_at": "2025-07-15T14:20:22.010106+00:00", "symbol": "ETH-USD"}, {"trade_id": 667348548, "side": "sell", "size": "0.00327550", "price": "3053.42000000", "time": "2025-07-15T14:20:08.701347Z", "fetched_at": "2025-07-15T14:20:22.010106+00:00", "symbol": "ETH-USD"}, {"trade_id": 667348547, "side": "sell", "size": "0.00185187", "price": "3053.25000000", "time": "2025-07-15T14:20:08.701347Z", "fetched_at": "2025-07-15T14:20:22.010106+00:00", "symbol": "ETH-USD"}, {"trade_id": 667348546, "side": "sell", "size": "0.00005588", "price": "3053.25000000", "time": "2025-07-15T14:20:08.701347Z", "fetched_at": "2025-07-15T14:20:22.010106+00:00", "symbol": "ETH-USD"}, {"trade_id": 667348545, "side": "sell", "size": "0.00100000", "price": "3053.25000000", "time": "2025-07-15T14:20:08.701347Z", "fetched_at": "2025-07-15T14:20:22.010106+00:00", "symbol": "ETH-USD"}, {"trade_id": 667348544, "side": "buy", "size": "0.01868179", "price": "3053.24000000", "time": "2025-07-15T14:20:08.225240Z", "fetched_at": "2025-07-15T14:20:22.010106+00:00", "symbol": "ETH-USD"}, {"trade_id": 667348543, "side": "buy", "size": "0.02060106", "price": "3053.24000000", "time": "2025-07-15T14:20:08.225240Z", "fetched_at": "2025-07-15T14:20:22.010106+00:00", "symbol": "ETH-USD"}, {"trade_id": 667348542, "side": "sell", "size": "0.39958059", "price": "3053.08000000", "time": "2025-07-15T14:20:07.630705Z", "fetched_at": "2025-07-15T14:20:22.010106+00:00", "symbol": "ETH-USD"}, {"trade_id": 667348541, "side": "sell", "size": "0.19999343", "price": "3053.08000000", "time": "2025-07-15T14:20:07.630705Z", "fetched_at": "2025-07-15T14:20:22.010106+00:00", "symbol": "ETH-USD"}, {"trade_id": 667348540, "side": "sell", "size": "0.19990561", "price": "3053.08000000", "time": "2025-07-15T14:20:07.630705Z", "fetched_at": "2025-07-15T14:20:22.010106+00:00", "symbol": "ETH-USD"}, {"trade_id": 667348539, "side": "sell", "size": "0.32764218", "price": "3053.03000000", "time": "2025-07-15T14:20:07.629322Z", "fetched_at": "2025-07-15T14:20:22.010106+00:00", "symbol": "ETH-USD"}, {"trade_id": 667348538, "side": "sell", "size": "0.00024004", "price": "3053.02000000", "time": "2025-07-15T14:20:07.629322Z", "fetched_at": "2025-07-15T14:20:22.010106+00:00", "symbol": "ETH-USD"}, {"trade_id": 667348537, "side": "sell", "size": "0.00100000", "price": "3053.02000000", "time": "2025-07-15T14:20:07.629322Z", "fetched_at": "2025-07-15T14:20:22.010106+00:00", "symbol": "ETH-USD"}, {"trade_id": 667348536, "side": "sell", "size": "0.00000026", "price": "3053.02000000", "time": "2025-07-15T14:20:07.629322Z", "fetched_at": "2025-07-15T14:20:22.010106+00:00", "symbol": "ETH-USD"}, {"trade_id": 667348535, "side": "sell", "size": "0.00630751", "price": "3052.79000000", "time": "2025-07-15T14:20:06.918033Z", "fetched_at": "2025-07-15T14:20:22.010106+00:00", "symbol": "ETH-USD"}, {"trade_id": 667348534, "side": "sell", "size": "0.00075648", "price": "3052.79000000", "time": "2025-07-15T14:20:06.918033Z", "fetched_at": "2025-07-15T14:20:22.010106+00:00", "symbol": "ETH-USD"}, {"trade_id": 667348533, "side": "sell", "size": "0.00024352", "price": "3052.79000000", "time": "2025-07-15T14:20:06.911974Z", "fetched_at": "2025-07-15T14:20:22.010106+00:00", "symbol": "ETH-USD"}, {"trade_id": 667348532, "side": "sell", "size": "0.00556808", "price": "3052.56000000", "time": "2025-07-15T14:20:06.759156Z", "fetched_at": "2025-07-15T14:20:22.010106+00:00", "symbol": "ETH-USD"}, {"trade_id": 667348531, "side": "sell", "size": "0.00100000", "price": "3052.56000000", "time": "2025-07-15T14:20:06.759156Z", "fetched_at": "2025-07-15T14:20:22.010106+00:00", "symbol": "ETH-USD"}, {"trade_id": 667348530, "side": "sell", "size": "0.00100000", "price": "3052.33000000", "time": "2025-07-15T14:20:06.379778Z", "fetched_at": "2025-07-15T14:20:22.010106+00:00", "symbol": "ETH-USD"}, {"trade_id": 667348529, "side": "sell", "size": "0.00002400", "price": "3052.32000000", "time": "2025-07-15T14:20:06.379778Z", "fetched_at": "2025-07-15T14:20:22.010106+00:00", "symbol": "ETH-USD"}, {"trade_id": 667348528, "side": "sell", "size": "0.01288190", "price": "3052.32000000", "time": "2025-07-15T14:20:05.964123Z", "fetched_at": "2025-07-15T14:20:22.010106+00:00", "symbol": "ETH-USD"}, {"trade_id": 667348527, "side": "sell", "size": "0.00010334", "price": "3052.32000000", "time": "2025-07-15T14:20:05.964123Z", "fetched_at": "2025-07-15T14:20:22.010106+00:00", "symbol": "ETH-USD"}, {"trade_id": 667348526, "side": "sell", "size": "0.00033366", "price": "3052.32000000", "time": "2025-07-15T14:20:05.964123Z", "fetched_at": "2025-07-15T14:20:22.010106+00:00", "symbol": "ETH-USD"}, {"trade_id": 667348525, "side": "sell", "size": "0.00185196", "price": "3052.32000000", "time": "2025-07-15T14:20:05.964123Z", "fetched_at": "2025-07-15T14:20:22.010106+00:00", "symbol": "ETH-USD"}, {"trade_id": 667348524, "side": "sell", "size": "0.01168914", "price": "3052.32000000", "time": "2025-07-15T14:20:05.964123Z", "fetched_at": "2025-07-15T14:20:22.010106+00:00", "symbol": "ETH-USD"}, {"trade_id": 667348523, "side": "sell", "size": "0.00097303", "price": "3052.32000000", "time": "2025-07-15T14:20:05.960309Z", "fetched_at": "2025-07-15T14:20:22.010106+00:00", "symbol": "ETH-USD"}, {"trade_id": 667348522, "side": "sell", "size": "0.00187767", "price": "3052.32000000", "time": "2025-07-15T14:20:03.797255Z", "fetched_at": "2025-07-15T14:20:22.010106+00:00", "symbol": "ETH-USD"}, {"trade_id": 667348521, "side": "sell", "size": "0.00005589", "price": "3052.32000000", "time": "2025-07-15T14:20:03.797255Z", "fetched_at": "2025-07-15T14:20:22.010106+00:00", "symbol": "ETH-USD"}, {"trade_id": 667348520, "side": "sell", "size": "0.00024002", "price": "3051.75000000", "time": "2025-07-15T14:20:02.434765Z", "fetched_at": "2025-07-15T14:20:22.010106+00:00", "symbol": "ETH-USD"}, {"trade_id": 667348519, "side": "sell", "size": "0.00907969", "price": "3051.75000000", "time": "2025-07-15T14:20:02.434765Z", "fetched_at": "2025-07-15T14:20:22.010106+00:00", "symbol": "ETH-USD"}, {"trade_id": 667348518, "side": "sell", "size": "0.37688385", "price": "3051.75000000", "time": "2025-07-15T14:20:02.434765Z", "fetched_at": "2025-07-15T14:20:22.010106+00:00", "symbol": "ETH-USD"}, {"trade_id": 667348517, "side": "sell", "size": "0.07774610", "price": "3051.75000000", "time": "2025-07-15T14:20:02.316827Z", "fetched_at": "2025-07-15T14:20:22.010106+00:00", "symbol": "ETH-USD"}, {"trade_id": 667348516, "side": "buy", "size": "0.00899999", "price": "3051.74000000", "time": "2025-07-15T14:20:01.991351Z", "fetched_at": "2025-07-15T14:20:22.010106+00:00", "symbol": "ETH-USD"}, {"trade_id": 667348515, "side": "buy", "size": "0.00465268", "price": "3051.27000000", "time": "2025-07-15T14:20:01.254943Z", "fetched_at": "2025-07-15T14:20:22.010106+00:00", "symbol": "ETH-USD"}, {"trade_id": 667348514, "side": "sell", "size": "0.19545170", "price": "3052.31000000", "time": "2025-07-15T14:20:00.658782Z", "fetched_at": "2025-07-15T14:20:22.010106+00:00", "symbol": "ETH-USD"}, {"trade_id": 667348513, "side": "sell", "size": "0.05000000", "price": "3052.29000000", "time": "2025-07-15T14:20:00.658782Z", "fetched_at": "2025-07-15T14:20:22.010106+00:00", "symbol": "ETH-USD"}, {"trade_id": 667348512, "side": "sell", "size": "0.19892392", "price": "3052.28000000", "time": "2025-07-15T14:20:00.658782Z", "fetched_at": "2025-07-15T14:20:22.010106+00:00", "symbol": "ETH-USD"}, {"trade_id": 667348511, "side": "sell", "size": "0.00100000", "price": "3052.10000000", "time": "2025-07-15T14:20:00.658782Z", "fetched_at": "2025-07-15T14:20:22.010106+00:00", "symbol": "ETH-USD"}, {"trade_id": 667348510, "side": "sell", "size": "0.16382817", "price": "3051.98000000", "time": "2025-07-15T14:20:00.658782Z", "fetched_at": "2025-07-15T14:20:22.010106+00:00", "symbol": "ETH-USD"}, {"trade_id": 667348509, "side": "sell", "size": "0.00327686", "price": "3051.97000000", "time": "2025-07-15T14:20:00.658782Z", "fetched_at": "2025-07-15T14:20:22.010106+00:00", "symbol": "ETH-USD"}, {"trade_id": 667348508, "side": "sell", "size": "0.01134929", "price": "3051.75000000", "time": "2025-07-15T14:20:00.658782Z", "fetched_at": "2025-07-15T14:20:22.010106+00:00", "symbol": "ETH-USD"}, {"trade_id": 667348507, "side": "sell", "size": "0.00170999", "price": "3051.75000000", "time": "2025-07-15T14:20:00.658782Z", "fetched_at": "2025-07-15T14:20:22.010106+00:00", "symbol": "ETH-USD"}, {"trade_id": 667348506, "side": "sell", "size": "0.00010335", "price": "3051.75000000", "time": "2025-07-15T14:20:00.658782Z", "fetched_at": "2025-07-15T14:20:22.010106+00:00", "symbol": "ETH-USD"}, {"trade_id": 667348505, "side": "sell", "size": "0.00019445", "price": "3051.75000000", "time": "2025-07-15T14:20:00.658782Z", "fetched_at": "2025-07-15T14:20:22.010106+00:00", "symbol": "ETH-USD"}, {"trade_id": 667348504, "side": "sell", "size": "0.00370373", "price": "3051.75000000", "time": "2025-07-15T14:20:00.658782Z", "fetched_at": "2025-07-15T14:20:22.010106+00:00", "symbol": "ETH-USD"}, {"trade_id": 667348503, "side": "sell", "size": "0.00773040", "price": "3051.75000000", "time": "2025-07-15T14:20:00.658782Z", "fetched_at": "2025-07-15T14:20:22.010106+00:00", "symbol": "ETH-USD"}, {"trade_id": 667348502, "side": "buy", "size": "0.28630634", "price": "3051.41000000", "time": "2025-07-15T14:20:00.615328Z", "fetched_at": "2025-07-15T14:20:22.010106+00:00", "symbol": "ETH-USD"}, {"trade_id": 667348501, "side": "buy", "size": "0.97200000", "price": "3051.43000000", "time": "2025-07-15T14:20:00.615328Z", "fetched_at": "2025-07-15T14:20:22.010106+00:00", "symbol": "ETH-USD"}, {"trade_id": 667348500, "side": "buy", "size": "1.32695516", "price": "3051.46000000", "time": "2025-07-15T14:20:00.615328Z", "fetched_at": "2025-07-15T14:20:22.010106+00:00", "symbol": "ETH-USD"}, {"trade_id": 667348499, "side": "buy", "size": "2.10200262", "price": "3051.50000000", "time": "2025-07-15T14:20:00.615328Z", "fetched_at": "2025-07-15T14:20:22.010106+00:00", "symbol": "ETH-USD"}, {"trade_id": 667348498, "side": "buy", "size": "0.11606066", "price": "3051.51000000", "time": "2025-07-15T14:20:00.615328Z", "fetched_at": "2025-07-15T14:20:22.010106+00:00", "symbol": "ETH-USD"}, {"trade_id": 667348497, "side": "buy", "size": "0.80468586", "price": "3051.64000000", "time": "2025-07-15T14:20:00.615328Z", "fetched_at": "2025-07-15T14:20:22.010106+00:00", "symbol": "ETH-USD"}, {"trade_id": 667348496, "side": "buy", "size": "0.00102207", "price": "3051.65000000", "time": "2025-07-15T14:20:00.615328Z", "fetched_at": "2025-07-15T14:20:22.010106+00:00", "symbol": "ETH-USD"}, {"trade_id": 667348495, "side": "buy", "size": "0.05315613", "price": "3051.74000000", "time": "2025-07-15T14:20:00.615328Z", "fetched_at": "2025-07-15T14:20:22.010106+00:00", "symbol": "ETH-USD"}, {"trade_id": 667348494, "side": "buy", "size": "0.00288730", "price": "3051.74000000", "time": "2025-07-15T14:20:00.546495Z", "fetched_at": "2025-07-15T14:20:22.010106+00:00", "symbol": "ETH-USD"}, {"trade_id": 667348493, "side": "buy", "size": "0.03783743", "price": "3051.74000000", "time": "2025-07-15T14:19:58.897255Z", "fetched_at": "2025-07-15T14:20:22.010106+00:00", "symbol": "ETH-USD"}, {"trade_id": 667348492, "side": "buy", "size": "0.03662173", "price": "3051.74000000", "time": "2025-07-15T14:19:58.897255Z", "fetched_at": "2025-07-15T14:20:22.010106+00:00", "symbol": "ETH-USD"}, {"trade_id": 667348491, "side": "buy", "size": "0.01445692", "price": "3051.74000000", "time": "2025-07-15T14:19:58.684590Z", "fetched_at": "2025-07-15T14:20:22.010106+00:00", "symbol": "ETH-USD"}, {"trade_id": 667348490, "side": "buy", "size": "0.01239948", "price": "3051.74000000", "time": "2025-07-15T14:19:58.684590Z", "fetched_at": "2025-07-15T14:20:22.010106+00:00", "symbol": "ETH-USD"}, {"trade_id": 667348489, "side": "buy", "size": "0.00112575", "price": "3051.74000000", "time": "2025-07-15T14:19:58.684590Z", "fetched_at": "2025-07-15T14:20:22.010106+00:00", "symbol": "ETH-USD"}, {"trade_id": 667348488, "side": "buy", "size": "0.30201785", "price": "3051.74000000", "time": "2025-07-15T14:19:58.684590Z", "fetched_at": "2025-07-15T14:20:22.010106+00:00", "symbol": "ETH-USD"}, {"trade_id": 667348487, "side": "buy", "size": "0.19358000", "price": "3051.74000000", "time": "2025-07-15T14:19:58.657559Z", "fetched_at": "2025-07-15T14:20:22.010106+00:00", "symbol": "ETH-USD"}, {"trade_id": 667348486, "side": "buy", "size": "0.13642000", "price": "3051.74000000", "time": "2025-07-15T14:19:58.657559Z", "fetched_at": "2025-07-15T14:20:22.010106+00:00", "symbol": "ETH-USD"}, {"trade_id": 667348485, "side": "buy", "size": "0.08000000", "price": "3051.74000000", "time": "2025-07-15T14:19:58.629956Z", "fetched_at": "2025-07-15T14:20:22.010106+00:00", "symbol": "ETH-USD"}, {"trade_id": 667348484, "side": "buy", "size": "0.07000000", "price": "3051.74000000", "time": "2025-07-15T14:19:58.593853Z", "fetched_at": "2025-07-15T14:20:22.010106+00:00", "symbol": "ETH-USD"}, {"trade_id": 667348483, "side": "buy", "size": "0.68558000", "price": "3051.74000000", "time": "2025-07-15T14:19:58.565454Z", "fetched_at": "2025-07-15T14:20:22.010106+00:00", "symbol": "ETH-USD"}, {"trade_id": 667348482, "side": "buy", "size": "0.08486000", "price": "3051.74000000", "time": "2025-07-15T14:19:58.565454Z", "fetched_at": "2025-07-15T14:20:22.010106+00:00", "symbol": "ETH-USD"}, {"trade_id": 667348481, "side": "buy", "size": "0.07956000", "price": "3051.74000000", "time": "2025-07-15T14:19:58.565454Z", "fetched_at": "2025-07-15T14:20:22.010106+00:00", "symbol": "ETH-USD"}, {"trade_id": 667348480, "side": "sell", "size": "0.05146516", "price": "3052.03000000", "time": "2025-07-15T14:19:58.194440Z", "fetched_at": "2025-07-15T14:20:22.010106+00:00", "symbol": "ETH-USD"}, {"trade_id": 667348479, "side": "sell", "size": "0.81913383", "price": "3052.01000000", "time": "2025-07-15T14:19:58.194440Z", "fetched_at": "2025-07-15T14:20:22.010106+00:00", "symbol": "ETH-USD"}, {"trade_id": 667348478, "side": "sell", "size": "0.52940101", "price": "3051.98000000", "time": "2025-07-15T14:19:58.194440Z", "fetched_at": "2025-07-15T14:20:22.010106+00:00", "symbol": "ETH-USD"}, {"trade_id": 667348477, "side": "sell", "size": "0.00100000", "price": "3051.87000000", "time": "2025-07-15T14:19:58.194440Z", "fetched_at": "2025-07-15T14:20:22.010106+00:00", "symbol": "ETH-USD"}, {"trade_id": 667348476, "side": "sell", "size": "0.81919266", "price": "3051.79000000", "time": "2025-07-15T14:19:58.194440Z", "fetched_at": "2025-07-15T14:20:22.010106+00:00", "symbol": "ETH-USD"}, {"trade_id": 667348475, "side": "sell", "size": "0.16384016", "price": "3051.76000000", "time": "2025-07-15T14:19:58.194440Z", "fetched_at": "2025-07-15T14:20:22.010106+00:00", "symbol": "ETH-USD"}, {"trade_id": 667348474, "side": "sell", "size": "0.05212849", "price": "3051.75000000", "time": "2025-07-15T14:19:58.194440Z", "fetched_at": "2025-07-15T14:20:22.010106+00:00", "symbol": "ETH-USD"}, {"trade_id": 667348473, "side": "sell", "size": "0.00327790", "price": "3051.74000000", "time": "2025-07-15T14:19:58.194440Z", "fetched_at": "2025-07-15T14:20:22.010106+00:00", "symbol": "ETH-USD"}, {"trade_id": 667348472, "side": "sell", "size": "0.00100000", "price": "3051.64000000", "time": "2025-07-15T14:19:58.194440Z", "fetched_at": "2025-07-15T14:20:22.010106+00:00", "symbol": "ETH-USD"}, {"trade_id": 667348471, "side": "sell", "size": "0.00100000", "price": "3051.41000000", "time": "2025-07-15T14:19:58.194440Z", "fetched_at": "2025-07-15T14:20:22.010106+00:00", "symbol": "ETH-USD"}, {"trade_id": 667348470, "side": "sell", "size": "0.10958809", "price": "3051.31000000", "time": "2025-07-15T14:19:58.194440Z", "fetched_at": "2025-07-15T14:20:22.010106+00:00", "symbol": "ETH-USD"}, {"trade_id": 667348469, "side": "sell", "size": "0.00005589", "price": "3051.18000000", "time": "2025-07-15T14:19:58.194440Z", "fetched_at": "2025-07-15T14:20:22.010106+00:00", "symbol": "ETH-USD"}, {"trade_id": 667348468, "side": "sell", "size": "0.00100000", "price": "3051.18000000", "time": "2025-07-15T14:19:58.194440Z", "fetched_at": "2025-07-15T14:20:22.010106+00:00", "symbol": "ETH-USD"}, {"trade_id": 667348467, "side": "sell", "size": "0.00100000", "price": "3050.95000000", "time": "2025-07-15T14:19:57.779910Z", "fetched_at": "2025-07-15T14:20:22.010106+00:00", "symbol": "ETH-USD"}, {"trade_id": 667348466, "side": "sell", "size": "0.15000000", "price": "3050.89000000", "time": "2025-07-15T14:19:57.779910Z", "fetched_at": "2025-07-15T14:20:22.010106+00:00", "symbol": "ETH-USD"}, {"trade_id": 667348465, "side": "sell", "size": "0.81942621", "price": "3050.92000000", "time": "2025-07-15T14:19:57.777111Z", "fetched_at": "2025-07-15T14:20:22.010106+00:00", "symbol": "ETH-USD"}, {"trade_id": 667348464, "side": "sell", "size": "0.64029827", "price": "3050.90000000", "time": "2025-07-15T14:19:57.776892Z", "fetched_at": "2025-07-15T14:20:22.010106+00:00", "symbol": "ETH-USD"}, {"trade_id": 667348463, "side": "sell", "size": "0.30000000", "price": "3050.90000000", "time": "2025-07-15T14:19:57.776892Z", "fetched_at": "2025-07-15T14:20:22.010106+00:00", "symbol": "ETH-USD"}, {"trade_id": 667348462, "side": "sell", "size": "0.05000000", "price": "3050.89000000", "time": "2025-07-15T14:19:57.776892Z", "fetched_at": "2025-07-15T14:20:22.010106+00:00", "symbol": "ETH-USD"}, {"trade_id": 667348461, "side": "sell", "size": "0.32788121", "price": "3050.80000000", "time": "2025-07-15T14:19:57.776295Z", "fetched_at": "2025-07-15T14:20:22.010106+00:00", "symbol": "ETH-USD"}, {"trade_id": 667348460, "side": "sell", "size": "0.00024001", "price": "3050.78000000", "time": "2025-07-15T14:19:57.776295Z", "fetched_at": "2025-07-15T14:20:22.010106+00:00", "symbol": "ETH-USD"}, {"trade_id": 667348459, "side": "sell", "size": "0.27179000", "price": "3050.65000000", "time": "2025-07-15T14:19:57.772630Z", "fetched_at": "2025-07-15T14:20:22.010106+00:00", "symbol": "ETH-USD"}, {"trade_id": 667348458, "side": "sell", "size": "0.00052818", "price": "3050.65000000", "time": "2025-07-15T14:19:57.772630Z", "fetched_at": "2025-07-15T14:20:22.010106+00:00", "symbol": "ETH-USD"}, {"trade_id": 667348457, "side": "sell", "size": "0.02773038", "price": "3050.65000000", "time": "2025-07-15T14:19:57.772630Z", "fetched_at": "2025-07-15T14:20:22.010106+00:00", "symbol": "ETH-USD"}, {"trade_id": 667348456, "side": "sell", "size": "0.00327791", "price": "3050.64000000", "time": "2025-07-15T14:19:57.772630Z", "fetched_at": "2025-07-15T14:20:22.010106+00:00", "symbol": "ETH-USD"}, {"trade_id": 667348455, "side": "sell", "size": "0.15000000", "price": "3050.64000000", "time": "2025-07-15T14:19:57.772630Z", "fetched_at": "2025-07-15T14:20:22.010106+00:00", "symbol": "ETH-USD"}, {"trade_id": 667348454, "side": "buy", "size": "0.32172604", "price": "3050.39000000", "time": "2025-07-15T14:19:57.760783Z", "fetched_at": "2025-07-15T14:20:22.010106+00:00", "symbol": "ETH-USD"}, {"trade_id": 667348453, "side": "buy", "size": "0.30000000", "price": "3050.40000000", "time": "2025-07-15T14:19:57.760783Z", "fetched_at": "2025-07-15T14:20:22.010106+00:00", "symbol": "ETH-USD"}, {"trade_id": 667348452, "side": "buy", "size": "0.00114406", "price": "3050.41000000", "time": "2025-07-15T14:19:57.760783Z", "fetched_at": "2025-07-15T14:20:22.010106+00:00", "symbol": "ETH-USD"}, {"trade_id": 667348451, "side": "buy", "size": "0.03712663", "price": "3050.64000000", "time": "2025-07-15T14:19:57.760783Z", "fetched_at": "2025-07-15T14:20:22.010106+00:00", "symbol": "ETH-USD"}, {"trade_id": 667348450, "side": "buy", "size": "0.00000327", "price": "3050.64000000", "time": "2025-07-15T14:19:57.760783Z", "fetched_at": "2025-07-15T14:20:22.010106+00:00", "symbol": "ETH-USD"}, {"trade_id": 667348449, "side": "sell", "size": "0.00030840", "price": "3050.31000000", "time": "2025-07-15T14:19:56.339034Z", "fetched_at": "2025-07-15T14:20:22.010106+00:00", "symbol": "ETH-USD"}, {"trade_id": 667348448, "side": "sell", "size": "0.00327870", "price": "3050.30000000", "time": "2025-07-15T14:19:56.339034Z", "fetched_at": "2025-07-15T14:20:22.010106+00:00", "symbol": "ETH-USD"}, {"trade_id": 667348447, "side": "sell", "size": "0.00010335", "price": "3050.00000000", "time": "2025-07-15T14:19:56.339034Z", "fetched_at": "2025-07-15T14:20:22.010106+00:00", "symbol": "ETH-USD"}, {"trade_id": 667348446, "side": "sell", "size": "0.01684550", "price": "3050.00000000", "time": "2025-07-15T14:19:56.339034Z", "fetched_at": "2025-07-15T14:20:22.010106+00:00", "symbol": "ETH-USD"}, {"trade_id": 667348445, "side": "sell", "size": "0.00026405", "price": "3050.00000000", "time": "2025-07-15T14:19:56.339034Z", "fetched_at": "2025-07-15T14:20:22.010106+00:00", "symbol": "ETH-USD"}, {"trade_id": 667348444, "side": "buy", "size": "0.01319058", "price": "3049.99000000", "time": "2025-07-15T14:19:54.560288Z", "fetched_at": "2025-07-15T14:20:22.010106+00:00", "symbol": "ETH-USD"}, {"trade_id": 667348443, "side": "buy", "size": "0.05304672", "price": "3049.99000000", "time": "2025-07-15T14:19:54.560288Z", "fetched_at": "2025-07-15T14:20:22.010106+00:00", "symbol": "ETH-USD"}, {"trade_id": 667348442, "side": "buy", "size": "0.02651328", "price": "3049.99000000", "time": "2025-07-15T14:19:54.544605Z", "fetched_at": "2025-07-15T14:20:22.010106+00:00", "symbol": "ETH-USD"}, {"trade_id": 667348441, "side": "sell", "size": "0.00327891", "price": "3049.89000000", "time": "2025-07-15T14:19:53.506581Z", "fetched_at": "2025-07-15T14:20:22.010106+00:00", "symbol": "ETH-USD"}, {"trade_id": 667348440, "side": "sell", "size": "0.00005589", "price": "3049.81000000", "time": "2025-07-15T14:19:53.506581Z", "fetched_at": "2025-07-15T14:20:22.010106+00:00", "symbol": "ETH-USD"}, {"trade_id": 667348439, "side": "sell", "size": "0.00024007", "price": "3049.81000000", "time": "2025-07-15T14:19:53.506581Z", "fetched_at": "2025-07-15T14:20:22.010106+00:00", "symbol": "ETH-USD"}, {"trade_id": 667348438, "side": "sell", "size": "0.02053649", "price": "3049.81000000", "time": "2025-07-15T14:19:53.506581Z", "fetched_at": "2025-07-15T14:20:22.010106+00:00", "symbol": "ETH-USD"}, {"trade_id": 667348437, "side": "buy", "size": "0.01412675", "price": "3049.80000000", "time": "2025-07-15T14:19:51.769508Z", "fetched_at": "2025-07-15T14:20:22.010106+00:00", "symbol": "ETH-USD"}, {"trade_id": 667348436, "side": "sell", "size": "0.02854130", "price": "3049.90000000", "time": "2025-07-15T14:19:51.457463Z", "fetched_at": "2025-07-15T14:20:22.010106+00:00", "symbol": "ETH-USD"}, {"trade_id": 667348435, "side": "sell", "size": "0.00327885", "price": "3049.89000000", "time": "2025-07-15T14:19:51.457463Z", "fetched_at": "2025-07-15T14:20:22.010106+00:00", "symbol": "ETH-USD"}, {"trade_id": 667348434, "side": "sell", "size": "0.00137376", "price": "3049.97000000", "time": "2025-07-15T14:19:50.660310Z", "fetched_at": "2025-07-15T14:20:22.010106+00:00", "symbol": "ETH-USD"}, {"trade_id": 667348433, "side": "sell", "size": "0.00327892", "price": "3049.87000000", "time": "2025-07-15T14:19:50.660310Z", "fetched_at": "2025-07-15T14:20:22.010106+00:00", "symbol": "ETH-USD"}, {"trade_id": 667348432, "side": "sell", "size": "0.00077924", "price": "3049.99000000", "time": "2025-07-15T14:19:50.622497Z", "fetched_at": "2025-07-15T14:20:22.010106+00:00", "symbol": "ETH-USD"}, {"trade_id": 667348431, "side": "sell", "size": "0.00327889", "price": "3049.98000000", "time": "2025-07-15T14:19:50.622497Z", "fetched_at": "2025-07-15T14:20:22.010106+00:00", "symbol": "ETH-USD"}, {"trade_id": 667348430, "side": "sell", "size": "0.00010335", "price": "3049.81000000", "time": "2025-07-15T14:19:50.622497Z", "fetched_at": "2025-07-15T14:20:22.010106+00:00", "symbol": "ETH-USD"}, {"trade_id": 667348429, "side": "sell", "size": "0.00383051", "price": "3049.81000000", "time": "2025-07-15T14:19:50.622497Z", "fetched_at": "2025-07-15T14:20:22.010106+00:00", "symbol": "ETH-USD"}, {"trade_id": 667348428, "side": "sell", "size": "0.00185194", "price": "3049.81000000", "time": "2025-07-15T14:19:50.622497Z", "fetched_at": "2025-07-15T14:20:22.010106+00:00", "symbol": "ETH-USD"}, {"trade_id": 667348427, "side": "sell", "size": "0.02066083", "price": "3049.81000000", "time": "2025-07-15T14:19:50.622497Z", "fetched_at": "2025-07-15T14:20:22.010106+00:00", "symbol": "ETH-USD"}, {"trade_id": 667348426, "side": "sell", "size": "0.00405813", "price": "3049.81000000", "time": "2025-07-15T14:19:50.553634Z", "fetched_at": "2025-07-15T14:20:22.010106+00:00", "symbol": "ETH-USD"}, {"trade_id": 667348425, "side": "buy", "size": "0.00326673", "price": "3049.80000000", "time": "2025-07-15T14:19:50.471482Z", "fetched_at": "2025-07-15T14:20:22.010106+00:00", "symbol": "ETH-USD"}, {"trade_id": 667348424, "side": "sell", "size": "0.00000185", "price": "3049.81000000", "time": "2025-07-15T14:19:49.757288Z", "fetched_at": "2025-07-15T14:20:22.010106+00:00", "symbol": "ETH-USD"}, {"trade_id": 667348423, "side": "sell", "size": "0.00064539", "price": "3049.81000000", "time": "2025-07-15T14:19:48.366604Z", "fetched_at": "2025-07-15T14:20:22.010106+00:00", "symbol": "ETH-USD"}, {"trade_id": 667348422, "side": "sell", "size": "0.00005588", "price": "3049.81000000", "time": "2025-07-15T14:19:48.366604Z", "fetched_at": "2025-07-15T14:20:22.010106+00:00", "symbol": "ETH-USD"}, {"trade_id": 667348421, "side": "sell", "size": "0.00031811", "price": "3049.81000000", "time": "2025-07-15T14:19:48.197831Z", "fetched_at": "2025-07-15T14:20:22.010106+00:00", "symbol": "ETH-USD"}, {"trade_id": 667348420, "side": "sell", "size": "0.97486076", "price": "3050.54000000", "time": "2025-07-15T14:19:47.412512Z", "fetched_at": "2025-07-15T14:20:22.010106+00:00", "symbol": "ETH-USD"}, {"trade_id": 667348419, "side": "sell", "size": "0.15035070", "price": "3050.49000000", "time": "2025-07-15T14:19:47.412512Z", "fetched_at": "2025-07-15T14:20:22.010106+00:00", "symbol": "ETH-USD"}, {"trade_id": 667348418, "side": "sell", "size": "0.00158434", "price": "3050.48000000", "time": "2025-07-15T14:19:47.412512Z", "fetched_at": "2025-07-15T14:20:22.010106+00:00", "symbol": "ETH-USD"}, {"trade_id": 667348417, "side": "sell", "size": "0.00288683", "price": "3050.47000000", "time": "2025-07-15T14:19:47.412512Z", "fetched_at": "2025-07-15T14:20:22.010106+00:00", "symbol": "ETH-USD"}, {"trade_id": 667348416, "side": "sell", "size": "0.13123209", "price": "3050.46000000", "time": "2025-07-15T14:19:47.412512Z", "fetched_at": "2025-07-15T14:20:22.010106+00:00", "symbol": "ETH-USD"}, {"trade_id": 667348415, "side": "sell", "size": "0.55882413", "price": "3050.44000000", "time": "2025-07-15T14:19:47.412512Z", "fetched_at": "2025-07-15T14:20:22.010106+00:00", "symbol": "ETH-USD"}, {"trade_id": 667348414, "side": "sell", "size": "1.12106261", "price": "3050.43000000", "time": "2025-07-15T14:19:47.412512Z", "fetched_at": "2025-07-15T14:20:22.010106+00:00", "symbol": "ETH-USD"}, {"trade_id": 667348413, "side": "sell", "size": "0.82636085", "price": "3050.38000000", "time": "2025-07-15T14:19:47.412512Z", "fetched_at": "2025-07-15T14:20:22.010106+00:00", "symbol": "ETH-USD"}, {"trade_id": 667348412, "side": "sell", "size": "1.43454081", "price": "3050.27000000", "time": "2025-07-15T14:19:47.412512Z", "fetched_at": "2025-07-15T14:20:22.010106+00:00", "symbol": "ETH-USD"}, {"trade_id": 667348411, "side": "sell", "size": "0.81965890", "price": "3050.05000000", "time": "2025-07-15T14:19:47.412512Z", "fetched_at": "2025-07-15T14:20:22.010106+00:00", "symbol": "ETH-USD"}, {"trade_id": 667348410, "side": "sell", "size": "0.38116343", "price": "3049.79000000", "time": "2025-07-15T14:19:47.412512Z", "fetched_at": "2025-07-15T14:20:22.010106+00:00", "symbol": "ETH-USD"}, {"trade_id": 667348409, "side": "sell", "size": "0.16394812", "price": "3049.75000000", "time": "2025-07-15T14:19:47.412512Z", "fetched_at": "2025-07-15T14:20:22.010106+00:00", "symbol": "ETH-USD"}, {"trade_id": 667348408, "side": "sell", "size": "0.00327919", "price": "3049.70000000", "time": "2025-07-15T14:19:47.412512Z", "fetched_at": "2025-07-15T14:20:22.010106+00:00", "symbol": "ETH-USD"}, {"trade_id": 667348407, "side": "sell", "size": "0.51197539", "price": "3049.73000000", "time": "2025-07-15T14:19:47.405994Z", "fetched_at": "2025-07-15T14:20:22.010106+00:00", "symbol": "ETH-USD"}, {"trade_id": 667348406, "side": "sell", "size": "0.00010334", "price": "3049.71000000", "time": "2025-07-15T14:19:47.405994Z", "fetched_at": "2025-07-15T14:20:22.010106+00:00", "symbol": "ETH-USD"}, {"trade_id": 667348405, "side": "sell", "size": "0.30000000", "price": "3049.70000000", "time": "2025-07-15T14:19:47.405994Z", "fetched_at": "2025-07-15T14:20:22.010106+00:00", "symbol": "ETH-USD"}, {"trade_id": 667348404, "side": "sell", "size": "5.00000000", "price": "3049.70000000", "time": "2025-07-15T14:19:47.405994Z", "fetched_at": "2025-07-15T14:20:22.010106+00:00", "symbol": "ETH-USD"}, {"trade_id": 667348403, "side": "sell", "size": "0.81975276", "price": "3049.70000000", "time": "2025-07-15T14:19:47.405994Z", "fetched_at": "2025-07-15T14:20:22.010106+00:00", "symbol": "ETH-USD"}, {"trade_id": 667348402, "side": "sell", "size": "0.15000000", "price": "3049.60000000", "time": "2025-07-15T14:19:47.401599Z", "fetched_at": "2025-07-15T14:20:22.010106+00:00", "symbol": "ETH-USD"}, {"trade_id": 667348401, "side": "sell", "size": "19.85000000", "price": "3049.60000000", "time": "2025-07-15T14:19:47.401138Z", "fetched_at": "2025-07-15T14:20:22.010106+00:00", "symbol": "ETH-USD"}, {"trade_id": 667348400, "side": "sell", "size": "5.00000000", "price": "3049.60000000", "time": "2025-07-15T14:19:47.401138Z", "fetched_at": "2025-07-15T14:20:22.010106+00:00", "symbol": "ETH-USD"}, {"trade_id": 667348399, "side": "sell", "size": "0.00224000", "price": "3049.60000000", "time": "2025-07-15T14:19:47.401138Z", "fetched_at": "2025-07-15T14:20:22.010106+00:00", "symbol": "ETH-USD"}, {"trade_id": 667348398, "side": "sell", "size": "0.29776000", "price": "3049.60000000", "time": "2025-07-15T14:19:47.401138Z", "fetched_at": "2025-07-15T14:20:22.010106+00:00", "symbol": "ETH-USD"}, {"trade_id": 667348397, "side": "sell", "size": "0.07910853", "price": "3049.59000000", "time": "2025-07-15T14:19:47.401138Z", "fetched_at": "2025-07-15T14:20:22.010106+00:00", "symbol": "ETH-USD"}, {"trade_id": 667348396, "side": "sell", "size": "0.30000000", "price": "3049.59000000", "time": "2025-07-15T14:19:47.401138Z", "fetched_at": "2025-07-15T14:20:22.010106+00:00", "symbol": "ETH-USD"}, {"trade_id": 667348395, "side": "sell", "size": "0.01650010", "price": "3049.58000000", "time": "2025-07-15T14:19:47.401138Z", "fetched_at": "2025-07-15T14:20:22.010106+00:00", "symbol": "ETH-USD"}, {"trade_id": 667348394, "side": "sell", "size": "0.15000000", "price": "3049.55000000", "time": "2025-07-15T14:19:47.401138Z", "fetched_at": "2025-07-15T14:20:22.010106+00:00", "symbol": "ETH-USD"}, {"trade_id": 667348393, "side": "sell", "size": "0.00024002", "price": "3049.55000000", "time": "2025-07-15T14:19:47.401138Z", "fetched_at": "2025-07-15T14:20:22.010106+00:00", "symbol": "ETH-USD"}, {"trade_id": 667348392, "side": "sell", "size": "0.26286951", "price": "3049.40000000", "time": "2025-07-15T14:19:46.999756Z", "fetched_at": "2025-07-15T14:20:22.010106+00:00", "symbol": "ETH-USD"}, {"trade_id": 667348391, "side": "sell", "size": "0.16396991", "price": "3049.34000000", "time": "2025-07-15T14:19:46.999756Z", "fetched_at": "2025-07-15T14:20:22.010106+00:00", "symbol": "ETH-USD"}, {"trade_id": 667348390, "side": "buy", "size": "0.04026664", "price": "3049.33000000", "time": "2025-07-15T14:19:46.525300Z", "fetched_at": "2025-07-15T14:20:22.010106+00:00", "symbol": "ETH-USD"}, {"trade_id": 667348389, "side": "buy", "size": "0.00022459", "price": "3049.20000000", "time": "2025-07-15T14:19:46.446447Z", "fetched_at": "2025-07-15T14:20:22.010106+00:00", "symbol": "ETH-USD"}, {"trade_id": 667348388, "side": "buy", "size": "0.00112091", "price": "3049.21000000", "time": "2025-07-15T14:19:46.446447Z", "fetched_at": "2025-07-15T14:20:22.010106+00:00", "symbol": "ETH-USD"}, {"trade_id": 667348387, "side": "buy", "size": "0.00100000", "price": "3049.34000000", "time": "2025-07-15T14:19:46.446447Z", "fetched_at": "2025-07-15T14:20:22.010106+00:00", "symbol": "ETH-USD"}, {"trade_id": 667348386, "side": "buy", "size": "0.00000327", "price": "3049.57000000", "time": "2025-07-15T14:19:46.446447Z", "fetched_at": "2025-07-15T14:20:22.010106+00:00", "symbol": "ETH-USD"}, {"trade_id": 667348385, "side": "buy", "size": "0.00100000", "price": "3049.57000000", "time": "2025-07-15T14:19:46.446447Z", "fetched_at": "2025-07-15T14:20:22.010106+00:00", "symbol": "ETH-USD"}, {"trade_id": 667348384, "side": "buy", "size": "0.01338540", "price": "3049.59000000", "time": "2025-07-15T14:19:46.150030Z", "fetched_at": "2025-07-15T14:20:22.010106+00:00", "symbol": "ETH-USD"}, {"trade_id": 667348383, "side": "buy", "size": "0.00000327", "price": "3049.59000000", "time": "2025-07-15T14:19:46.150030Z", "fetched_at": "2025-07-15T14:20:22.010106+00:00", "symbol": "ETH-USD"}, {"trade_id": 667348382, "side": "buy", "size": "0.00126246", "price": "3049.59000000", "time": "2025-07-15T14:19:46.150030Z", "fetched_at": "2025-07-15T14:20:22.010106+00:00", "symbol": "ETH-USD"}, {"trade_id": 667348381, "side": "sell", "size": "0.00031802", "price": "3049.60000000", "time": "2025-07-15T14:19:45.927315Z", "fetched_at": "2025-07-15T14:20:22.010106+00:00", "symbol": "ETH-USD"}, {"trade_id": 667348380, "side": "sell", "size": "0.03733754", "price": "3049.60000000", "time": "2025-07-15T14:19:45.545601Z", "fetched_at": "2025-07-15T14:20:22.010106+00:00", "symbol": "ETH-USD"}, {"trade_id": 667348379, "side": "sell", "size": "0.00468517", "price": "3049.60000000", "time": "2025-07-15T14:19:45.197179Z", "fetched_at": "2025-07-15T14:20:22.010106+00:00", "symbol": "ETH-USD"}, {"trade_id": 667348378, "side": "sell", "size": "0.00327888", "price": "3049.60000000", "time": "2025-07-15T14:19:45.197179Z", "fetched_at": "2025-07-15T14:20:22.010106+00:00", "symbol": "ETH-USD"}, {"trade_id": 667348377, "side": "buy", "size": "0.00253467", "price": "3049.70000000", "time": "2025-07-15T14:19:44.811642Z", "fetched_at": "2025-07-15T14:20:22.010106+00:00", "symbol": "ETH-USD"}, {"trade_id": 667348376, "side": "buy", "size": "0.03200485", "price": "3049.85000000", "time": "2025-07-15T14:19:44.746900Z", "fetched_at": "2025-07-15T14:20:22.010106+00:00", "symbol": "ETH-USD"}, {"trade_id": 667348375, "side": "sell", "size": "0.00224103", "price": "3049.90000000", "time": "2025-07-15T14:19:44.596904Z", "fetched_at": "2025-07-15T14:20:22.010106+00:00", "symbol": "ETH-USD"}, {"trade_id": 667348374, "side": "sell", "size": "0.00185218", "price": "3049.86000000", "time": "2025-07-15T14:19:44.596904Z", "fetched_at": "2025-07-15T14:20:22.010106+00:00", "symbol": "ETH-USD"}, {"trade_id": 667348373, "side": "sell", "size": "0.00005589", "price": "3049.86000000", "time": "2025-07-15T14:19:44.596904Z", "fetched_at": "2025-07-15T14:20:22.010106+00:00", "symbol": "ETH-USD"}, {"trade_id": 667348372, "side": "sell", "size": "0.00024001", "price": "3049.86000000", "time": "2025-07-15T14:19:44.596904Z", "fetched_at": "2025-07-15T14:20:22.010106+00:00", "symbol": "ETH-USD"}, {"trade_id": 667348371, "side": "buy", "size": "0.07910853", "price": "3049.56000000", "time": "2025-07-15T14:19:43.138994Z", "fetched_at": "2025-07-15T14:20:22.010106+00:00", "symbol": "ETH-USD"}, {"trade_id": 667348370, "side": "buy", "size": "0.08938482", "price": "3049.57000000", "time": "2025-07-15T14:19:43.138994Z", "fetched_at": "2025-07-15T14:20:22.010106+00:00", "symbol": "ETH-USD"}, {"trade_id": 667348369, "side": "buy", "size": "0.00046903", "price": "3049.57000000", "time": "2025-07-15T14:19:43.138994Z", "fetched_at": "2025-07-15T14:20:22.010106+00:00", "symbol": "ETH-USD"}, {"trade_id": 667348368, "side": "buy", "size": "0.00100000", "price": "3049.57000000", "time": "2025-07-15T14:19:43.138994Z", "fetched_at": "2025-07-15T14:20:22.010106+00:00", "symbol": "ETH-USD"}, {"trade_id": 667348367, "side": "buy", "size": "0.03157922", "price": "3049.79000000", "time": "2025-07-15T14:19:43.138994Z", "fetched_at": "2025-07-15T14:20:22.010106+00:00", "symbol": "ETH-USD"}, {"trade_id": 667348366, "side": "buy", "size": "0.00000327", "price": "3049.79000000", "time": "2025-07-15T14:19:43.138994Z", "fetched_at": "2025-07-15T14:20:22.010106+00:00", "symbol": "ETH-USD"}, {"trade_id": 667348365, "side": "buy", "size": "0.00100000", "price": "3049.80000000", "time": "2025-07-15T14:19:43.138994Z", "fetched_at": "2025-07-15T14:20:22.010106+00:00", "symbol": "ETH-USD"}, {"trade_id": 667348364, "side": "buy", "size": "0.04265455", "price": "3049.85000000", "time": "2025-07-15T14:19:43.138994Z", "fetched_at": "2025-07-15T14:20:22.010106+00:00", "symbol": "ETH-USD"}, {"trade_id": 667348363, "side": "buy", "size": "0.00252799", "price": "3049.85000000", "time": "2025-07-15T14:19:43.138994Z", "fetched_at": "2025-07-15T14:20:22.010106+00:00", "symbol": "ETH-USD"}, {"trade_id": 667348362, "side": "buy", "size": "0.07227259", "price": "3049.85000000", "time": "2025-07-15T14:19:43.138994Z", "fetched_at": "2025-07-15T14:20:22.010106+00:00", "symbol": "ETH-USD"}, {"trade_id": 667348361, "side": "sell", "size": "0.00032454", "price": "3049.86000000", "time": "2025-07-15T14:19:42.327658Z", "fetched_at": "2025-07-15T14:20:22.010106+00:00", "symbol": "ETH-USD"}, {"trade_id": 667348360, "side": "buy", "size": "0.12772711", "price": "3049.85000000", "time": "2025-07-15T14:19:41.600796Z", "fetched_at": "2025-07-15T14:20:22.010106+00:00", "symbol": "ETH-USD"}, {"trade_id": 667348359, "side": "buy", "size": "0.00100000", "price": "3050.03000000", "time": "2025-07-15T14:19:41.600796Z", "fetched_at": "2025-07-15T14:20:22.010106+00:00", "symbol": "ETH-USD"}, {"trade_id": 667348358, "side": "buy", "size": "0.04284533", "price": "3050.04000000", "time": "2025-07-15T14:19:41.600796Z", "fetched_at": "2025-07-15T14:20:22.010106+00:00", "symbol": "ETH-USD"}, {"trade_id": 667348357, "side": "buy", "size": "0.04842756", "price": "3050.04000000", "time": "2025-07-15T14:19:41.600796Z", "fetched_at": "2025-07-15T14:20:22.010106+00:00", "symbol": "ETH-USD"}, {"trade_id": 667348356, "side": "buy", "size": "0.00366356", "price": "3050.04000000", "time": "2025-07-15T14:19:41.158400Z", "fetched_at": "2025-07-15T14:20:22.010106+00:00", "symbol": "ETH-USD"}, {"trade_id": 667348355, "side": "buy", "size": "0.00050021", "price": "3050.07000000", "time": "2025-07-15T14:19:41.158400Z", "fetched_at": "2025-07-15T14:20:22.010106+00:00", "symbol": "ETH-USD"}, {"trade_id": 667348354, "side": "sell", "size": "0.40284791", "price": "3050.92000000", "time": "2025-07-15T14:19:40.026229Z", "fetched_at": "2025-07-15T14:20:22.010106+00:00", "symbol": "ETH-USD"}, {"trade_id": 667348353, "side": "sell", "size": "0.81943253", "price": "3050.90000000", "time": "2025-07-15T14:19:40.026229Z", "fetched_at": "2025-07-15T14:20:22.010106+00:00", "symbol": "ETH-USD"}, {"trade_id": 667348352, "side": "sell", "size": "0.50611660", "price": "3050.89000000", "time": "2025-07-15T14:19:40.026229Z", "fetched_at": "2025-07-15T14:20:22.010106+00:00", "symbol": "ETH-USD"}, {"trade_id": 667348351, "side": "sell", "size": "0.32898698", "price": "3050.87000000", "time": "2025-07-15T14:19:40.026229Z", "fetched_at": "2025-07-15T14:20:22.010106+00:00", "symbol": "ETH-USD"}, {"trade_id": 667348350, "side": "sell", "size": "0.00052818", "price": "3050.87000000", "time": "2025-07-15T14:19:40.026229Z", "fetched_at": "2025-07-15T14:20:22.010106+00:00", "symbol": "ETH-USD"}, {"trade_id": 667348349, "side": "sell", "size": "0.40000000", "price": "3050.86000000", "time": "2025-07-15T14:19:40.026229Z", "fetched_at": "2025-07-15T14:20:22.010106+00:00", "symbol": "ETH-USD"}, {"trade_id": 667348348, "side": "sell", "size": "0.80000000", "price": "3050.86000000", "time": "2025-07-15T14:19:40.026229Z", "fetched_at": "2025-07-15T14:20:22.010106+00:00", "symbol": "ETH-USD"}, {"trade_id": 667348347, "side": "sell", "size": "1.42026444", "price": "3050.86000000", "time": "2025-07-15T14:19:40.026229Z", "fetched_at": "2025-07-15T14:20:22.010106+00:00", "symbol": "ETH-USD"}, {"trade_id": 667348346, "side": "sell", "size": "0.20000000", "price": "3050.86000000", "time": "2025-07-15T14:19:40.026229Z", "fetched_at": "2025-07-15T14:20:22.010106+00:00", "symbol": "ETH-USD"}, {"trade_id": 667348345, "side": "sell", "size": "0.62374969", "price": "3050.85000000", "time": "2025-07-15T14:19:40.026229Z", "fetched_at": "2025-07-15T14:20:22.010106+00:00", "symbol": "ETH-USD"}, {"trade_id": 667348344, "side": "sell", "size": "0.32136564", "price": "3050.84000000", "time": "2025-07-15T14:19:40.026229Z", "fetched_at": "2025-07-15T14:20:22.010106+00:00", "symbol": "ETH-USD"}, {"trade_id": 667348343, "side": "sell", "size": "0.18619031", "price": "3050.83000000", "time": "2025-07-15T14:19:40.026229Z", "fetched_at": "2025-07-15T14:20:22.010106+00:00", "symbol": "ETH-USD"}, {"trade_id": 667348342, "side": "sell", "size": "0.00100000", "price": "3050.72000000", "time": "2025-07-15T14:19:40.026229Z", "fetched_at": "2025-07-15T14:20:22.010106+00:00", "symbol": "ETH-USD"}, {"trade_id": 667348341, "side": "sell", "size": "0.00020079", "price": "3050.60000000", "time": "2025-07-15T14:19:40.026229Z", "fetched_at": "2025-07-15T14:20:22.010106+00:00", "symbol": "ETH-USD"}, {"trade_id": 667348340, "side": "sell", "size": "0.19571326", "price": "3050.60000000", "time": "2025-07-15T14:19:40.026229Z", "fetched_at": "2025-07-15T14:20:22.010106+00:00", "symbol": "ETH-USD"}, {"trade_id": 667348339, "side": "sell", "size": "0.00100000", "price": "3050.49000000", "time": "2025-07-15T14:19:40.026229Z", "fetched_at": "2025-07-15T14:20:22.010106+00:00", "symbol": "ETH-USD"}, {"trade_id": 667348338, "side": "sell", "size": "0.16390916", "price": "3050.48000000", "time": "2025-07-15T14:19:40.026229Z", "fetched_at": "2025-07-15T14:20:22.010106+00:00", "symbol": "ETH-USD"}, {"trade_id": 667348337, "side": "sell", "size": "0.15000000", "price": "3050.46000000", "time": "2025-07-15T14:19:40.026229Z", "fetched_at": "2025-07-15T14:20:22.010106+00:00", "symbol": "ETH-USD"}, {"trade_id": 667348336, "side": "sell", "size": "0.30000000", "price": "3050.40000000", "time": "2025-07-15T14:19:40.026229Z", "fetched_at": "2025-07-15T14:20:22.010106+00:00", "symbol": "ETH-USD"}, {"trade_id": 667348335, "side": "sell", "size": "0.00327868", "price": "3050.39000000", "time": "2025-07-15T14:19:40.026229Z", "fetched_at": "2025-07-15T14:20:22.010106+00:00", "symbol": "ETH-USD"}, {"trade_id": 667348334, "side": "sell", "size": "0.30000000", "price": "3050.30000000", "time": "2025-07-15T14:19:40.026229Z", "fetched_at": "2025-07-15T14:20:22.010106+00:00", "symbol": "ETH-USD"}, {"trade_id": 667348333, "side": "sell", "size": "0.00010334", "price": "3050.28000000", "time": "2025-07-15T14:19:40.026229Z", "fetched_at": "2025-07-15T14:20:22.010106+00:00", "symbol": "ETH-USD"}, {"trade_id": 667348332, "side": "sell", "size": "0.60000000", "price": "3050.10000000", "time": "2025-07-15T14:19:39.234416Z", "fetched_at": "2025-07-15T14:20:22.010106+00:00", "symbol": "ETH-USD"}, {"trade_id": 667348331, "side": "sell", "size": "0.00327826", "price": "3050.09000000", "time": "2025-07-15T14:19:39.234416Z", "fetched_at": "2025-07-15T14:20:22.010106+00:00", "symbol": "ETH-USD"}, {"trade_id": 667348330, "side": "sell", "size": "0.00185196", "price": "3050.05000000", "time": "2025-07-15T14:19:39.234416Z", "fetched_at": "2025-07-15T14:20:22.010106+00:00", "symbol": "ETH-USD"}, {"trade_id": 667348329, "side": "buy", "size": "0.00192024", "price": "3050.59000000", "time": "2025-07-15T14:19:38.419850Z", "fetched_at": "2025-07-15T14:20:22.010106+00:00", "symbol": "ETH-USD"}, {"trade_id": 667348328, "side": "buy", "size": "0.81963992", "price": "3050.11000000", "time": "2025-07-15T14:19:38.412149Z", "fetched_at": "2025-07-15T14:20:22.010106+00:00", "symbol": "ETH-USD"}, {"trade_id": 667348327, "side": "buy", "size": "0.33185880", "price": "3050.17000000", "time": "2025-07-15T14:19:38.411859Z", "fetched_at": "2025-07-15T14:20:22.010106+00:00", "symbol": "ETH-USD"}, {"trade_id": 667348326, "side": "buy", "size": "0.03158101", "price": "3050.25000000", "time": "2025-07-15T14:19:38.411770Z", "fetched_at": "2025-07-15T14:20:22.010106+00:00", "symbol": "ETH-USD"}, {"trade_id": 667348325, "side": "buy", "size": "0.01821162", "price": "3050.25000000", "time": "2025-07-15T14:19:38.411770Z", "fetched_at": "2025-07-15T14:20:22.010106+00:00", "symbol": "ETH-USD"}, {"trade_id": 667348324, "side": "buy", "size": "0.01033357", "price": "3050.25000000", "time": "2025-07-15T14:19:38.411770Z", "fetched_at": "2025-07-15T14:20:22.010106+00:00", "symbol": "ETH-USD"}, {"trade_id": 667348323, "side": "buy", "size": "0.97200000", "price": "3050.28000000", "time": "2025-07-15T14:19:38.411141Z", "fetched_at": "2025-07-15T14:20:22.010106+00:00", "symbol": "ETH-USD"}, {"trade_id": 667348322, "side": "buy", "size": "0.62491641", "price": "3050.33000000", "time": "2025-07-15T14:19:38.410872Z", "fetched_at": "2025-07-15T14:20:22.010106+00:00", "symbol": "ETH-USD"}, {"trade_id": 667348321, "side": "buy", "size": "0.21078121", "price": "3050.35000000", "time": "2025-07-15T14:19:38.410578Z", "fetched_at": "2025-07-15T14:20:22.010106+00:00", "symbol": "ETH-USD"}, {"trade_id": 667348320, "side": "buy", "size": "0.01576832", "price": "3050.42000000", "time": "2025-07-15T14:19:38.410578Z", "fetched_at": "2025-07-15T14:20:22.010106+00:00", "symbol": "ETH-USD"}, {"trade_id": 667348319, "side": "buy", "size": "0.16391131", "price": "3050.43000000", "time": "2025-07-15T14:19:38.410578Z", "fetched_at": "2025-07-15T14:20:22.010106+00:00", "symbol": "ETH-USD"}, {"trade_id": 667348318, "side": "buy", "size": "0.27179000", "price": "3050.59000000", "time": "2025-07-15T14:19:38.410096Z", "fetched_at": "2025-07-15T14:20:22.010106+00:00", "symbol": "ETH-USD"}, {"trade_id": 667348317, "side": "buy", "size": "0.00192024", "price": "3050.59000000", "time": "2025-07-15T14:19:38.410096Z", "fetched_at": "2025-07-15T14:20:22.010106+00:00", "symbol": "ETH-USD"}, {"trade_id": 667348316, "side": "buy", "size": "0.12729000", "price": "3050.59000000", "time": "2025-07-15T14:19:38.410096Z", "fetched_at": "2025-07-15T14:20:22.010106+00:00", "symbol": "ETH-USD"}, {"trade_id": 667348315, "side": "buy", "size": "0.07956000", "price": "3050.59000000", "time": "2025-07-15T14:19:38.410096Z", "fetched_at": "2025-07-15T14:20:22.010106+00:00", "symbol": "ETH-USD"}, {"trade_id": 667348314, "side": "sell", "size": "0.00428083", "price": "3050.60000000", "time": "2025-07-15T14:19:38.373120Z", "fetched_at": "2025-07-15T14:20:22.010106+00:00", "symbol": "ETH-USD"}, {"trade_id": 667348313, "side": "sell", "size": "0.00005589", "price": "3050.43000000", "time": "2025-07-15T14:19:37.985178Z", "fetched_at": "2025-07-15T14:20:22.010106+00:00", "symbol": "ETH-USD"}, {"trade_id": 667348312, "side": "sell", "size": "0.01020079", "price": "3050.43000000", "time": "2025-07-15T14:19:37.985178Z", "fetched_at": "2025-07-15T14:20:22.010106+00:00", "symbol": "ETH-USD"}, {"trade_id": 667348311, "side": "sell", "size": "0.00034823", "price": "3050.43000000", "time": "2025-07-15T14:19:37.985178Z", "fetched_at": "2025-07-15T14:20:22.010106+00:00", "symbol": "ETH-USD"}, {"trade_id": 667348310, "side": "sell", "size": "0.07472134", "price": "3050.59000000", "time": "2025-07-15T14:19:36.649481Z", "fetched_at": "2025-07-15T14:20:22.010106+00:00", "symbol": "ETH-USD"}, {"trade_id": 667348309, "side": "sell", "size": "0.00327866", "price": "3050.58000000", "time": "2025-07-15T14:19:36.649481Z", "fetched_at": "2025-07-15T14:20:22.010106+00:00", "symbol": "ETH-USD"}, {"trade_id": 667348308, "side": "sell", "size": "0.00100000", "price": "3050.49000000", "time": "2025-07-15T14:19:36.649481Z", "fetched_at": "2025-07-15T14:20:22.010106+00:00", "symbol": "ETH-USD"}, {"trade_id": 667348307, "side": "sell", "size": "0.00100000", "price": "3050.26000000", "time": "2025-07-15T14:19:36.649481Z", "fetched_at": "2025-07-15T14:20:22.010106+00:00", "symbol": "ETH-USD"}, {"trade_id": 667348306, "side": "buy", "size": "0.06000000", "price": "3050.25000000", "time": "2025-07-15T14:19:35.216734Z", "fetched_at": "2025-07-15T14:20:22.010106+00:00", "symbol": "ETH-USD"}, {"trade_id": 667348305, "side": "sell", "size": "0.00010334", "price": "3050.03000000", "time": "2025-07-15T14:19:35.091275Z", "fetched_at": "2025-07-15T14:20:22.010106+00:00", "symbol": "ETH-USD"}, {"trade_id": 667348304, "side": "sell", "size": "0.00100000", "price": "3050.03000000", "time": "2025-07-15T14:19:35.091275Z", "fetched_at": "2025-07-15T14:20:22.010106+00:00", "symbol": "ETH-USD"}, {"trade_id": 667348303, "side": "sell", "size": "0.00005589", "price": "3049.80000000", "time": "2025-07-15T14:19:34.535952Z", "fetched_at": "2025-07-15T14:20:22.010106+00:00", "symbol": "ETH-USD"}, {"trade_id": 667348302, "side": "sell", "size": "0.00185189", "price": "3049.80000000", "time": "2025-07-15T14:19:34.535952Z", "fetched_at": "2025-07-15T14:20:22.010106+00:00", "symbol": "ETH-USD"}, {"trade_id": 667348301, "side": "sell", "size": "0.00100000", "price": "3049.80000000", "time": "2025-07-15T14:19:34.535952Z", "fetched_at": "2025-07-15T14:20:22.010106+00:00", "symbol": "ETH-USD"}, {"trade_id": 667348300, "side": "buy", "size": "0.30558000", "price": "3049.79000000", "time": "2025-07-15T14:19:33.348422Z", "fetched_at": "2025-07-15T14:20:22.010106+00:00", "symbol": "ETH-USD"}, {"trade_id": 667348299, "side": "buy", "size": "0.07956000", "price": "3049.79000000", "time": "2025-07-15T14:19:33.348422Z", "fetched_at": "2025-07-15T14:20:22.010106+00:00", "symbol": "ETH-USD"}, {"trade_id": 667348298, "side": "buy", "size": "0.08486000", "price": "3049.79000000", "time": "2025-07-15T14:19:33.348422Z", "fetched_at": "2025-07-15T14:20:22.010106+00:00", "symbol": "ETH-USD"}, {"trade_id": 667348297, "side": "sell", "size": "0.00100000", "price": "3049.57000000", "time": "2025-07-15T14:19:33.095494Z", "fetched_at": "2025-07-15T14:20:22.010106+00:00", "symbol": "ETH-USD"}, {"trade_id": 667348296, "side": "sell", "size": "0.00100000", "price": "3049.34000000", "time": "2025-07-15T14:19:32.901948Z", "fetched_at": "2025-07-15T14:20:22.010106+00:00", "symbol": "ETH-USD"}, {"trade_id": 667348295, "side": "sell", "size": "0.00366691", "price": "3049.21000000", "time": "2025-07-15T14:19:32.883407Z", "fetched_at": "2025-07-15T14:20:22.010106+00:00", "symbol": "ETH-USD"}, {"trade_id": 667348294, "side": "sell", "size": "0.00000691", "price": "3049.21000000", "time": "2025-07-15T14:19:32.883407Z", "fetched_at": "2025-07-15T14:20:22.010106+00:00", "symbol": "ETH-USD"}, {"trade_id": 667348293, "side": "sell", "size": "0.04366000", "price": "3049.21000000", "time": "2025-07-15T14:19:32.274013Z", "fetched_at": "2025-07-15T14:20:22.010106+00:00", "symbol": "ETH-USD"}, {"trade_id": 667348292, "side": "buy", "size": "0.01975725", "price": "3048.81000000", "time": "2025-07-15T14:19:31.904821Z", "fetched_at": "2025-07-15T14:20:22.010106+00:00", "symbol": "ETH-USD"}, {"trade_id": 667348291, "side": "buy", "size": "0.13520681", "price": "3048.81000000", "time": "2025-07-15T14:19:31.904821Z", "fetched_at": "2025-07-15T14:20:22.010106+00:00", "symbol": "ETH-USD"}, {"trade_id": 667348290, "side": "buy", "size": "0.05493713", "price": "3048.82000000", "time": "2025-07-15T14:19:31.904821Z", "fetched_at": "2025-07-15T14:20:22.010106+00:00", "symbol": "ETH-USD"}, {"trade_id": 667348289, "side": "buy", "size": "0.00667623", "price": "3048.82000000", "time": "2025-07-15T14:19:31.904821Z", "fetched_at": "2025-07-15T14:20:22.010106+00:00", "symbol": "ETH-USD"}, {"trade_id": 667348288, "side": "buy", "size": "0.02686807", "price": "3048.83000000", "time": "2025-07-15T14:19:31.904821Z", "fetched_at": "2025-07-15T14:20:22.010106+00:00", "symbol": "ETH-USD"}, {"trade_id": 667348287, "side": "buy", "size": "0.00169451", "price": "3048.84000000", "time": "2025-07-15T14:19:31.904821Z", "fetched_at": "2025-07-15T14:20:22.010106+00:00", "symbol": "ETH-USD"}, {"trade_id": 667348286, "side": "buy", "size": "0.08486000", "price": "3049.20000000", "time": "2025-07-15T14:19:31.904821Z", "fetched_at": "2025-07-15T14:20:22.010106+00:00", "symbol": "ETH-USD"}, {"trade_id": 667348285, "side": "sell", "size": "0.00013179", "price": "3048.80000000", "time": "2025-07-15T14:19:30.858644Z", "fetched_at": "2025-07-15T14:20:22.010106+00:00", "symbol": "ETH-USD"}, {"trade_id": 667348284, "side": "sell", "size": "0.00007999", "price": "3048.80000000", "time": "2025-07-15T14:19:30.858644Z", "fetched_at": "2025-07-15T14:20:22.010106+00:00", "symbol": "ETH-USD"}, {"trade_id": 667348283, "side": "sell", "size": "0.00320002", "price": "3048.80000000", "time": "2025-07-15T14:19:30.853074Z", "fetched_at": "2025-07-15T14:20:22.010106+00:00", "symbol": "ETH-USD"}, {"trade_id": 667348282, "side": "sell", "size": "0.00149998", "price": "3048.80000000", "time": "2025-07-15T14:19:30.853074Z", "fetched_at": "2025-07-15T14:20:22.010106+00:00", "symbol": "ETH-USD"}, {"trade_id": 667348281, "side": "buy", "size": "0.00057539", "price": "3048.79000000", "time": "2025-07-15T14:19:30.240588Z", "fetched_at": "2025-07-15T14:20:22.010106+00:00", "symbol": "ETH-USD"}, {"trade_id": 667348280, "side": "sell", "size": "0.06861263", "price": "3049.31000000", "time": "2025-07-15T14:19:29.801298Z", "fetched_at": "2025-07-15T14:20:22.010106+00:00", "symbol": "ETH-USD"}, {"trade_id": 667348279, "side": "sell", "size": "0.60952928", "price": "3049.29000000", "time": "2025-07-15T14:19:29.801298Z", "fetched_at": "2025-07-15T14:20:22.010106+00:00", "symbol": "ETH-USD"}, {"trade_id": 667348278, "side": "sell", "size": "0.58837756", "price": "3049.28000000", "time": "2025-07-15T14:19:29.801298Z", "fetched_at": "2025-07-15T14:20:22.010106+00:00", "symbol": "ETH-USD"}, {"trade_id": 667348277, "side": "sell", "size": "0.58302824", "price": "3049.22000000", "time": "2025-07-15T14:19:29.801298Z", "fetched_at": "2025-07-15T14:20:22.010106+00:00", "symbol": "ETH-USD"}, {"trade_id": 667348276, "side": "sell", "size": "0.54083476", "price": "3049.21000000", "time": "2025-07-15T14:19:29.801298Z", "fetched_at": "2025-07-15T14:20:22.010106+00:00", "symbol": "ETH-USD"}, {"trade_id": 667348275, "side": "sell", "size": "1.42327474", "price": "3049.21000000", "time": "2025-07-15T14:19:29.801298Z", "fetched_at": "2025-07-15T14:20:22.010106+00:00", "symbol": "ETH-USD"}, {"trade_id": 667348274, "side": "sell", "size": "0.05000000", "price": "3049.21000000", "time": "2025-07-15T14:19:29.801298Z", "fetched_at": "2025-07-15T14:20:22.010106+00:00", "symbol": "ETH-USD"}, {"trade_id": 667348273, "side": "sell", "size": "0.00024003", "price": "3049.09000000", "time": "2025-07-15T14:19:29.801298Z", "fetched_at": "2025-07-15T14:20:22.010106+00:00", "symbol": "ETH-USD"}, {"trade_id": 667348272, "side": "sell", "size": "0.01516044", "price": "3049.09000000", "time": "2025-07-15T14:19:29.801298Z", "fetched_at": "2025-07-15T14:20:22.010106+00:00", "symbol": "ETH-USD"}, {"trade_id": 667348271, "side": "sell", "size": "0.50000000", "price": "3049.06000000", "time": "2025-07-15T14:19:29.801298Z", "fetched_at": "2025-07-15T14:20:22.010106+00:00", "symbol": "ETH-USD"}, {"trade_id": 667348270, "side": "sell", "size": "0.81993399", "price": "3049.03000000", "time": "2025-07-15T14:19:29.801298Z", "fetched_at": "2025-07-15T14:20:22.010106+00:00", "symbol": "ETH-USD"}, {"trade_id": 667348269, "side": "sell", "size": "0.00005588", "price": "3049.02000000", "time": "2025-07-15T14:19:29.801298Z", "fetched_at": "2025-07-15T14:20:22.010106+00:00", "symbol": "ETH-USD"}, {"trade_id": 667348268, "side": "sell", "size": "0.80000000", "price": "3049.00000000", "time": "2025-07-15T14:19:29.801298Z", "fetched_at": "2025-07-15T14:20:22.010106+00:00", "symbol": "ETH-USD"}, {"trade_id": 667348267, "side": "sell", "size": "0.20000000", "price": "3049.00000000", "time": "2025-07-15T14:19:29.801298Z", "fetched_at": "2025-07-15T14:20:22.010106+00:00", "symbol": "ETH-USD"}, {"trade_id": 667348266, "side": "sell", "size": "0.40000000", "price": "3049.00000000", "time": "2025-07-15T14:19:29.801298Z", "fetched_at": "2025-07-15T14:20:22.010106+00:00", "symbol": "ETH-USD"}, {"trade_id": 667348265, "side": "sell", "size": "0.16402819", "price": "3048.97000000", "time": "2025-07-15T14:19:29.801298Z", "fetched_at": "2025-07-15T14:20:22.010106+00:00", "symbol": "ETH-USD"}, {"trade_id": 667348264, "side": "sell", "size": "0.30000000", "price": "3048.90000000", "time": "2025-07-15T14:19:29.801298Z", "fetched_at": "2025-07-15T14:20:22.010106+00:00", "symbol": "ETH-USD"}, {"trade_id": 667348263, "side": "sell", "size": "0.16399743", "price": "3048.83000000", "time": "2025-07-15T14:19:29.801298Z", "fetched_at": "2025-07-15T14:20:22.010106+00:00", "symbol": "ETH-USD"}, {"trade_id": 667348262, "side": "sell", "size": "0.15000000", "price": "3048.82000000", "time": "2025-07-15T14:19:29.801298Z", "fetched_at": "2025-07-15T14:20:22.010106+00:00", "symbol": "ETH-USD"}, {"trade_id": 667348261, "side": "sell", "size": "0.00012136", "price": "3048.80000000", "time": "2025-07-15T14:19:29.801298Z", "fetched_at": "2025-07-15T14:20:22.010106+00:00", "symbol": "ETH-USD"}, {"trade_id": 667348260, "side": "sell", "size": "0.47625519", "price": "3048.80000000", "time": "2025-07-15T14:19:29.801298Z", "fetched_at": "2025-07-15T14:20:22.010106+00:00", "symbol": "ETH-USD"}, {"trade_id": 667348259, "side": "sell", "size": "0.00327996", "price": "3048.80000000", "time": "2025-07-15T14:19:29.801298Z", "fetched_at": "2025-07-15T14:20:22.010106+00:00", "symbol": "ETH-USD"}, {"trade_id": 667348258, "side": "sell", "size": "0.10902862", "price": "3048.80000000", "time": "2025-07-15T14:19:29.801298Z", "fetched_at": "2025-07-15T14:20:22.010106+00:00", "symbol": "ETH-USD"}, {"trade_id": 667348257, "side": "sell", "size": "0.09723169", "price": "3048.80000000", "time": "2025-07-15T14:19:29.045363Z", "fetched_at": "2025-07-15T14:20:22.010106+00:00", "symbol": "ETH-USD"}, {"trade_id": 667348256, "side": "sell", "size": "0.09373969", "price": "3048.80000000", "time": "2025-07-15T14:19:28.624181Z", "fetched_at": "2025-07-15T14:20:22.010106+00:00", "symbol": "ETH-USD"}, {"trade_id": 667348255, "side": "sell", "size": "0.00185189", "price": "3048.79000000", "time": "2025-07-15T14:19:28.624181Z", "fetched_at": "2025-07-15T14:20:22.010106+00:00", "symbol": "ETH-USD"}, {"trade_id": 667348254, "side": "sell", "size": "0.02633953", "price": "3049.09000000", "time": "2025-07-15T14:19:27.916868Z", "fetched_at": "2025-07-15T14:20:22.010106+00:00", "symbol": "ETH-USD"}, {"trade_id": 667348253, "side": "sell", "size": "0.00042489", "price": "3049.09000000", "time": "2025-07-15T14:19:27.916868Z", "fetched_at": "2025-07-15T14:20:22.010106+00:00", "symbol": "ETH-USD"}, {"trade_id": 667348252, "side": "buy", "size": "0.05248587", "price": "3049.07000000", "time": "2025-07-15T14:19:27.253396Z", "fetched_at": "2025-07-15T14:20:22.010106+00:00", "symbol": "ETH-USD"}, {"trade_id": 667348251, "side": "buy", "size": "0.04681748", "price": "3048.78000000", "time": "2025-07-15T14:19:27.120875Z", "fetched_at": "2025-07-15T14:20:22.010106+00:00", "symbol": "ETH-USD"}, {"trade_id": 667348250, "side": "buy", "size": "0.00084070", "price": "3048.80000000", "time": "2025-07-15T14:19:27.120875Z", "fetched_at": "2025-07-15T14:20:22.010106+00:00", "symbol": "ETH-USD"}, {"trade_id": 667348249, "side": "buy", "size": "0.08182345", "price": "3048.80000000", "time": "2025-07-15T14:19:27.120875Z", "fetched_at": "2025-07-15T14:20:22.010106+00:00", "symbol": "ETH-USD"}, {"trade_id": 667348248, "side": "buy", "size": "0.97200000", "price": "3049.08000000", "time": "2025-07-15T14:19:27.120875Z", "fetched_at": "2025-07-15T14:20:22.010106+00:00", "symbol": "ETH-USD"}, {"trade_id": 667348247, "side": "buy", "size": "0.00000327", "price": "3049.08000000", "time": "2025-07-15T14:19:27.120875Z", "fetched_at": "2025-07-15T14:20:22.010106+00:00", "symbol": "ETH-USD"}, {"trade_id": 667348246, "side": "buy", "size": "0.00000327", "price": "3049.08000000", "time": "2025-07-15T14:19:27.120875Z", "fetched_at": "2025-07-15T14:20:22.010106+00:00", "symbol": "ETH-USD"}, {"trade_id": 667348245, "side": "sell", "size": "0.12323732", "price": "3049.16000000", "time": "2025-07-15T14:19:26.656479Z", "fetched_at": "2025-07-15T14:20:22.010106+00:00", "symbol": "ETH-USD"}, {"trade_id": 667348244, "side": "sell", "size": "0.16398143", "price": "3049.13000000", "time": "2025-07-15T14:19:26.656479Z", "fetched_at": "2025-07-15T14:20:22.010106+00:00", "symbol": "ETH-USD"}, {"trade_id": 667348243, "side": "sell", "size": "0.00328010", "price": "3049.09000000", "time": "2025-07-15T14:19:26.656479Z", "fetched_at": "2025-07-15T14:20:22.010106+00:00", "symbol": "ETH-USD"}, {"trade_id": 667348242, "side": "sell", "size": "0.01950115", "price": "3049.09000000", "time": "2025-07-15T14:19:26.656479Z", "fetched_at": "2025-07-15T14:20:22.010106+00:00", "symbol": "ETH-USD"}, {"trade_id": 667348241, "side": "sell", "size": "0.00153169", "price": "3049.09000000", "time": "2025-07-15T14:19:25.637268Z", "fetched_at": "2025-07-15T14:20:22.010106+00:00", "symbol": "ETH-USD"}, {"trade_id": 667348240, "side": "sell", "size": "0.00024001", "price": "3048.80000000", "time": "2025-07-15T14:19:25.637268Z", "fetched_at": "2025-07-15T14:20:22.010106+00:00", "symbol": "ETH-USD"}, {"trade_id": 667348239, "side": "sell", "size": "0.00005589", "price": "3048.78000000", "time": "2025-07-15T14:19:25.637268Z", "fetched_at": "2025-07-15T14:20:22.010106+00:00", "symbol": "ETH-USD"}, {"trade_id": 667348238, "side": "sell", "size": "0.00016246", "price": "3048.73000000", "time": "2025-07-15T14:19:25.633661Z", "fetched_at": "2025-07-15T14:20:22.010106+00:00", "symbol": "ETH-USD"}, {"trade_id": 667348237, "side": "buy", "size": "0.00337176", "price": "3048.72000000", "time": "2025-07-15T14:19:25.497044Z", "fetched_at": "2025-07-15T14:20:22.010106+00:00", "symbol": "ETH-USD"}, {"trade_id": 667348236, "side": "buy", "size": "0.27266235", "price": "3048.48000000", "time": "2025-07-15T14:19:24.157027Z", "fetched_at": "2025-07-15T14:20:22.010106+00:00", "symbol": "ETH-USD"}, {"trade_id": 667348235, "side": "buy", "size": "0.00310629", "price": "3048.49000000", "time": "2025-07-15T14:19:24.157027Z", "fetched_at": "2025-07-15T14:20:22.010106+00:00", "symbol": "ETH-USD"}, {"trade_id": 667348234, "side": "buy", "size": "0.01367131", "price": "3048.72000000", "time": "2025-07-15T14:19:24.157027Z", "fetched_at": "2025-07-15T14:20:22.010106+00:00", "symbol": "ETH-USD"}, {"trade_id": 667348233, "side": "buy", "size": "0.03056005", "price": "3048.72000000", "time": "2025-07-15T14:19:24.157027Z", "fetched_at": "2025-07-15T14:20:22.010106+00:00", "symbol": "ETH-USD"}, {"trade_id": 667348232, "side": "sell", "size": "0.00128642", "price": "3048.73000000", "time": "2025-07-15T14:19:23.888068Z", "fetched_at": "2025-07-15T14:20:22.010106+00:00", "symbol": "ETH-USD"}, {"trade_id": 667348231, "side": "sell", "size": "0.00185226", "price": "3048.73000000", "time": "2025-07-15T14:19:23.888068Z", "fetched_at": "2025-07-15T14:20:22.010106+00:00", "symbol": "ETH-USD"}, {"trade_id": 667348230, "side": "sell", "size": "0.00002623", "price": "3048.73000000", "time": "2025-07-15T14:19:23.888068Z", "fetched_at": "2025-07-15T14:20:22.010106+00:00", "symbol": "ETH-USD"}, {"trade_id": 667348229, "side": "buy", "size": "0.00103681", "price": "3048.72000000", "time": "2025-07-15T14:19:23.722337Z", "fetched_at": "2025-07-15T14:20:22.010106+00:00", "symbol": "ETH-USD"}, {"trade_id": 667348228, "side": "buy", "size": "0.98365029", "price": "3048.47000000", "time": "2025-07-15T14:19:23.668508Z", "fetched_at": "2025-07-15T14:20:22.010106+00:00", "symbol": "ETH-USD"}, {"trade_id": 667348227, "side": "buy", "size": "0.15000000", "price": "3048.48000000", "time": "2025-07-15T14:19:23.668508Z", "fetched_at": "2025-07-15T14:20:22.010106+00:00", "symbol": "ETH-USD"}, {"trade_id": 667348226, "side": "buy", "size": "0.12989918", "price": "3048.49000000", "time": "2025-07-15T14:19:23.668508Z", "fetched_at": "2025-07-15T14:20:22.010106+00:00", "symbol": "ETH-USD"}, {"trade_id": 667348225, "side": "buy", "size": "0.00328031", "price": "3048.50000000", "time": "2025-07-15T14:19:23.668508Z", "fetched_at": "2025-07-15T14:20:22.010106+00:00", "symbol": "ETH-USD"}, {"trade_id": 667348224, "side": "buy", "size": "0.04100323", "price": "3048.54000000", "time": "2025-07-15T14:19:23.668508Z", "fetched_at": "2025-07-15T14:20:22.010106+00:00", "symbol": "ETH-USD"}, {"trade_id": 667348223, "side": "buy", "size": "0.07956000", "price": "3048.72000000", "time": "2025-07-15T14:19:23.668508Z", "fetched_at": "2025-07-15T14:20:22.010106+00:00", "symbol": "ETH-USD"}, {"trade_id": 667348222, "side": "buy", "size": "0.08486000", "price": "3048.72000000", "time": "2025-07-15T14:19:23.668508Z", "fetched_at": "2025-07-15T14:20:22.010106+00:00", "symbol": "ETH-USD"}, {"trade_id": 667348221, "side": "buy", "size": "0.35679242", "price": "3048.54000000", "time": "2025-07-15T14:19:21.971387Z", "fetched_at": "2025-07-15T14:20:22.010106+00:00", "symbol": "ETH-USD"}, {"trade_id": 667348220, "side": "buy", "size": "0.00328025", "price": "3048.55000000", "time": "2025-07-15T14:19:21.971387Z", "fetched_at": "2025-07-15T14:20:22.010106+00:00", "symbol": "ETH-USD"}, {"trade_id": 667348219, "side": "buy", "size": "0.00100000", "price": "3048.65000000", "time": "2025-07-15T14:19:21.971387Z", "fetched_at": "2025-07-15T14:20:22.010106+00:00", "symbol": "ETH-USD"}, {"trade_id": 667348218, "side": "buy", "size": "0.00020133", "price": "3048.72000000", "time": "2025-07-15T14:19:21.971387Z", "fetched_at": "2025-07-15T14:20:22.010106+00:00", "symbol": "ETH-USD"}, {"trade_id": 667348217, "side": "buy", "size": "0.00000654", "price": "3049.08000000", "time": "2025-07-15T14:19:21.786551Z", "fetched_at": "2025-07-15T14:20:22.010106+00:00", "symbol": "ETH-USD"}, {"trade_id": 667348216, "side": "buy", "size": "0.01415838", "price": "3049.08000000", "time": "2025-07-15T14:19:21.783410Z", "fetched_at": "2025-07-15T14:20:22.010106+00:00", "symbol": "ETH-USD"}, {"trade_id": 667348215, "side": "buy", "size": "0.00214162", "price": "3049.08000000", "time": "2025-07-15T14:19:21.783410Z", "fetched_at": "2025-07-15T14:20:22.010106+00:00", "symbol": "ETH-USD"}, {"trade_id": 667348214, "side": "sell", "size": "0.02040618", "price": "3049.71000000", "time": "2025-07-15T14:19:19.352558Z", "fetched_at": "2025-07-15T14:20:22.010106+00:00", "symbol": "ETH-USD"}, {"trade_id": 667348213, "side": "sell", "size": "0.00327927", "price": "3049.70000000", "time": "2025-07-15T14:19:19.352558Z", "fetched_at": "2025-07-15T14:20:22.010106+00:00", "symbol": "ETH-USD"}, {"trade_id": 667348212, "side": "sell", "size": "0.01294918", "price": "3049.73000000", "time": "2025-07-15T14:19:19.278605Z", "fetched_at": "2025-07-15T14:20:22.010106+00:00", "symbol": "ETH-USD"}, {"trade_id": 667348211, "side": "sell", "size": "0.00327927", "price": "3049.72000000", "time": "2025-07-15T14:19:19.278605Z", "fetched_at": "2025-07-15T14:20:22.010106+00:00", "symbol": "ETH-USD"}, {"trade_id": 667348210, "side": "sell", "size": "0.00309310", "price": "3049.76000000", "time": "2025-07-15T14:19:19.166021Z", "fetched_at": "2025-07-15T14:20:22.010106+00:00", "symbol": "ETH-USD"}, {"trade_id": 667348209, "side": "sell", "size": "0.00327927", "price": "3049.54000000", "time": "2025-07-15T14:19:19.166021Z", "fetched_at": "2025-07-15T14:20:22.010106+00:00", "symbol": "ETH-USD"}, {"trade_id": 667348208, "side": "sell", "size": "0.31183520", "price": "3049.76000000", "time": "2025-07-15T14:19:19.130260Z", "fetched_at": "2025-07-15T14:20:22.010106+00:00", "symbol": "ETH-USD"}, {"trade_id": 667348207, "side": "sell", "size": "0.15000000", "price": "3049.75000000", "time": "2025-07-15T14:19:19.130260Z", "fetched_at": "2025-07-15T14:20:22.010106+00:00", "symbol": "ETH-USD"}, {"trade_id": 667348206, "side": "sell", "size": "0.12771632", "price": "3049.75000000", "time": "2025-07-15T14:19:19.130260Z", "fetched_at": "2025-07-15T14:20:22.010106+00:00", "symbol": "ETH-USD"}, {"trade_id": 667348205, "side": "sell", "size": "0.15342431", "price": "3049.66000000", "time": "2025-07-15T14:19:19.130260Z", "fetched_at": "2025-07-15T14:20:22.010106+00:00", "symbol": "ETH-USD"}, {"trade_id": 667348204, "side": "sell", "size": "0.00327927", "price": "3049.54000000", "time": "2025-07-15T14:19:19.130260Z", "fetched_at": "2025-07-15T14:20:22.010106+00:00", "symbol": "ETH-USD"}, {"trade_id": 667348203, "side": "sell", "size": "0.01052853", "price": "3049.66000000", "time": "2025-07-15T14:19:19.081633Z", "fetched_at": "2025-07-15T14:20:22.010106+00:00", "symbol": "ETH-USD"}, {"trade_id": 667348202, "side": "sell", "size": "0.00185194", "price": "3049.63000000", "time": "2025-07-15T14:19:19.081633Z", "fetched_at": "2025-07-15T14:20:22.010106+00:00", "symbol": "ETH-USD"}, {"trade_id": 667348201, "side": "sell", "size": "0.02490246", "price": "3049.63000000", "time": "2025-07-15T14:19:19.081633Z", "fetched_at": "2025-07-15T14:20:22.010106+00:00", "symbol": "ETH-USD"}, {"trade_id": 667348200, "side": "sell", "size": "0.00327927", "price": "3049.41000000", "time": "2025-07-15T14:19:19.081633Z", "fetched_at": "2025-07-15T14:20:22.010106+00:00", "symbol": "ETH-USD"}, {"trade_id": 667348199, "side": "buy", "size": "0.04899399", "price": "3049.11000000", "time": "2025-07-15T14:19:19.056077Z", "fetched_at": "2025-07-15T14:20:22.010106+00:00", "symbol": "ETH-USD"}, {"trade_id": 667348198, "side": "buy", "size": "0.00237486", "price": "3049.12000000", "time": "2025-07-15T14:19:19.056077Z", "fetched_at": "2025-07-15T14:20:22.010106+00:00", "symbol": "ETH-USD"}, {"trade_id": 667348197, "side": "buy", "size": "0.07956000", "price": "3049.41000000", "time": "2025-07-15T14:19:19.056077Z", "fetched_at": "2025-07-15T14:20:22.010106+00:00", "symbol": "ETH-USD"}, {"trade_id": 667348196, "side": "buy", "size": "0.03158315", "price": "3049.41000000", "time": "2025-07-15T14:19:19.056077Z", "fetched_at": "2025-07-15T14:20:22.010106+00:00", "symbol": "ETH-USD"}, {"trade_id": 667348195, "side": "sell", "size": "0.54951672", "price": "3049.55000000", "time": "2025-07-15T14:19:18.009095Z", "fetched_at": "2025-07-15T14:20:22.010106+00:00", "symbol": "ETH-USD"}, {"trade_id": 667348194, "side": "sell", "size": "0.30000000", "price": "3049.54000000", "time": "2025-07-15T14:19:18.009095Z", "fetched_at": "2025-07-15T14:20:22.010106+00:00", "symbol": "ETH-USD"}, {"trade_id": 667348193, "side": "sell", "size": "0.00005590", "price": "3049.50000000", "time": "2025-07-15T14:19:18.009095Z", "fetched_at": "2025-07-15T14:20:22.010106+00:00", "symbol": "ETH-USD"}, {"trade_id": 667348192, "side": "sell", "size": "0.30000000", "price": "3049.50000000", "time": "2025-07-15T14:19:18.009095Z", "fetched_at": "2025-07-15T14:20:22.010106+00:00", "symbol": "ETH-USD"}, {"trade_id": 667348191, "side": "sell", "size": "0.00327884", "price": "3049.49000000", "time": "2025-07-15T14:19:18.009095Z", "fetched_at": "2025-07-15T14:20:22.010106+00:00", "symbol": "ETH-USD"}, {"trade_id": 667348190, "side": "sell", "size": "0.00007900", "price": "3049.50000000", "time": "2025-07-15T14:19:17.855316Z", "fetched_at": "2025-07-15T14:20:22.010106+00:00", "symbol": "ETH-USD"}, {"trade_id": 667348189, "side": "buy", "size": "0.00000655", "price": "3049.49000000", "time": "2025-07-15T14:19:17.824461Z", "fetched_at": "2025-07-15T14:20:22.010106+00:00", "symbol": "ETH-USD"}, {"trade_id": 667348188, "side": "buy", "size": "0.00951299", "price": "3049.49000000", "time": "2025-07-15T14:19:17.814590Z", "fetched_at": "2025-07-15T14:20:22.010106+00:00", "symbol": "ETH-USD"}, {"trade_id": 667348187, "side": "buy", "size": "0.33444742", "price": "3049.17000000", "time": "2025-07-15T14:19:17.729134Z", "fetched_at": "2025-07-15T14:20:22.010106+00:00", "symbol": "ETH-USD"}, {"trade_id": 667348186, "side": "buy", "size": "0.00327958", "price": "3049.18000000", "time": "2025-07-15T14:19:17.729134Z", "fetched_at": "2025-07-15T14:20:22.010106+00:00", "symbol": "ETH-USD"}, {"trade_id": 667348185, "side": "buy", "size": "0.07956000", "price": "3049.48000000", "time": "2025-07-15T14:19:17.729134Z", "fetched_at": "2025-07-15T14:20:22.010106+00:00", "symbol": "ETH-USD"}, {"trade_id": 667348184, "side": "buy", "size": "0.00327909", "price": "3049.63000000", "time": "2025-07-15T14:19:17.064480Z", "fetched_at": "2025-07-15T14:20:22.010106+00:00", "symbol": "ETH-USD"}, {"trade_id": 667348183, "side": "buy", "size": "0.19847979", "price": "3049.62000000", "time": "2025-07-15T14:19:17.052205Z", "fetched_at": "2025-07-15T14:20:22.010106+00:00", "symbol": "ETH-USD"}, {"trade_id": 667348182, "side": "buy", "size": "0.18126888", "price": "3049.62000000", "time": "2025-07-15T14:19:17.051377Z", "fetched_at": "2025-07-15T14:20:22.010106+00:00", "symbol": "ETH-USD"}, {"trade_id": 667348181, "side": "buy", "size": "0.17859966", "price": "3049.62000000", "time": "2025-07-15T14:19:17.051366Z", "fetched_at": "2025-07-15T14:20:22.010106+00:00", "symbol": "ETH-USD"}, {"trade_id": 667348180, "side": "buy", "size": "0.00327903", "price": "3049.69000000", "time": "2025-07-15T14:19:17.051366Z", "fetched_at": "2025-07-15T14:20:22.010106+00:00", "symbol": "ETH-USD"}, {"trade_id": 667348179, "side": "buy", "size": "0.02941463", "price": "3049.71000000", "time": "2025-07-15T14:19:17.051366Z", "fetched_at": "2025-07-15T14:20:22.010106+00:00", "symbol": "ETH-USD"}, {"trade_id": 667348178, "side": "buy", "size": "0.94258537", "price": "3049.71000000", "time": "2025-07-15T14:19:17.051325Z", "fetched_at": "2025-07-15T14:20:22.010106+00:00", "symbol": "ETH-USD"}, {"trade_id": 667348177, "side": "buy", "size": "0.11427463", "price": "3049.72000000", "time": "2025-07-15T14:19:17.051325Z", "fetched_at": "2025-07-15T14:20:22.010106+00:00", "symbol": "ETH-USD"}, {"trade_id": 667348176, "side": "sell", "size": "0.00203691", "price": "3050.35000000", "time": "2025-07-15T14:19:16.143281Z", "fetched_at": "2025-07-15T14:20:22.010106+00:00", "symbol": "ETH-USD"}, {"trade_id": 667348175, "side": "sell", "size": "0.00100000", "price": "3050.26000000", "time": "2025-07-15T14:19:16.143281Z", "fetched_at": "2025-07-15T14:20:22.010106+00:00", "symbol": "ETH-USD"}, {"trade_id": 667348174, "side": "sell", "size": "0.00327958", "price": "3049.92000000", "time": "2025-07-15T14:19:16.143281Z", "fetched_at": "2025-07-15T14:20:22.010106+00:00", "symbol": "ETH-USD"}, {"trade_id": 667348173, "side": "sell", "size": "0.00005588", "price": "3049.92000000", "time": "2025-07-15T14:19:16.143281Z", "fetched_at": "2025-07-15T14:20:22.010106+00:00", "symbol": "ETH-USD"}, {"trade_id": 667348172, "side": "sell", "size": "0.30000000", "price": "3049.60000000", "time": "2025-07-15T14:19:16.026749Z", "fetched_at": "2025-07-15T14:20:22.010106+00:00", "symbol": "ETH-USD"}, {"trade_id": 667348171, "side": "sell", "size": "0.00008261", "price": "3049.57000000", "time": "2025-07-15T14:19:16.026749Z", "fetched_at": "2025-07-15T14:20:22.010106+00:00", "symbol": "ETH-USD"}, {"trade_id": 667348170, "side": "sell", "size": "0.00327970", "price": "3049.57000000", "time": "2025-07-15T14:19:15.854891Z", "fetched_at": "2025-07-15T14:20:22.010106+00:00", "symbol": "ETH-USD"}, {"trade_id": 667348169, "side": "sell", "size": "0.01080098", "price": "3049.60000000", "time": "2025-07-15T14:19:15.626736Z", "fetched_at": "2025-07-15T14:20:22.010106+00:00", "symbol": "ETH-USD"}, {"trade_id": 667348168, "side": "sell", "size": "0.00185188", "price": "3049.58000000", "time": "2025-07-15T14:19:15.626736Z", "fetched_at": "2025-07-15T14:20:22.010106+00:00", "symbol": "ETH-USD"}, {"trade_id": 667348167, "side": "sell", "size": "0.00327970", "price": "3049.40000000", "time": "2025-07-15T14:19:15.626736Z", "fetched_at": "2025-07-15T14:20:22.010106+00:00", "symbol": "ETH-USD"}, {"trade_id": 667348166, "side": "buy", "size": "0.00644600", "price": "3049.25000000", "time": "2025-07-15T14:19:15.063632Z", "fetched_at": "2025-07-15T14:20:22.010106+00:00", "symbol": "ETH-USD"}, {"trade_id": 667348165, "side": "buy", "size": "0.07129900", "price": "3049.57000000", "time": "2025-07-15T14:19:15.063632Z", "fetched_at": "2025-07-15T14:20:22.010106+00:00", "symbol": "ETH-USD"}, {"trade_id": 667348164, "side": "buy", "size": "0.00826100", "price": "3049.57000000", "time": "2025-07-15T14:19:15.045533Z", "fetched_at": "2025-07-15T14:20:22.010106+00:00", "symbol": "ETH-USD"}, {"trade_id": 667348163, "side": "sell", "size": "0.30000000", "price": "3049.10000000", "time": "2025-07-15T14:19:14.861483Z", "fetched_at": "2025-07-15T14:20:22.010106+00:00", "symbol": "ETH-USD"}, {"trade_id": 667348162, "side": "sell", "size": "0.00012409", "price": "3049.09000000", "time": "2025-07-15T14:19:14.861483Z", "fetched_at": "2025-07-15T14:20:22.010106+00:00", "symbol": "ETH-USD"}, {"trade_id": 667348161, "side": "sell", "size": "0.00327903", "price": "3049.09000000", "time": "2025-07-15T14:19:14.861483Z", "fetched_at": "2025-07-15T14:20:22.010106+00:00", "symbol": "ETH-USD"}, {"trade_id": 667348160, "side": "sell", "size": "0.00154188", "price": "3049.09000000", "time": "2025-07-15T14:19:14.433740Z", "fetched_at": "2025-07-15T14:20:22.010106+00:00", "symbol": "ETH-USD"}, {"trade_id": 667348159, "side": "sell", "size": "0.00316509", "price": "3049.09000000", "time": "2025-07-15T14:19:13.949254Z", "fetched_at": "2025-07-15T14:20:22.010106+00:00", "symbol": "ETH-USD"}, {"trade_id": 667348158, "side": "buy", "size": "0.00307873", "price": "3048.72000000", "time": "2025-07-15T14:19:13.936115Z", "fetched_at": "2025-07-15T14:20:22.010106+00:00", "symbol": "ETH-USD"}, {"trade_id": 667348157, "side": "buy", "size": "0.00100000", "price": "3048.88000000", "time": "2025-07-15T14:19:13.936115Z", "fetched_at": "2025-07-15T14:20:22.010106+00:00", "symbol": "ETH-USD"}, {"trade_id": 667348156, "side": "buy", "size": "0.00000327", "price": "3049.09000000", "time": "2025-07-15T14:19:13.936115Z", "fetched_at": "2025-07-15T14:20:22.010106+00:00", "symbol": "ETH-USD"}, {"trade_id": 667348155, "side": "buy", "size": "0.00100000", "price": "3049.11000000", "time": "2025-07-15T14:19:13.874250Z", "fetched_at": "2025-07-15T14:20:22.010106+00:00", "symbol": "ETH-USD"}, {"trade_id": 667348154, "side": "buy", "size": "0.03213789", "price": "3049.36000000", "time": "2025-07-15T14:19:13.718152Z", "fetched_at": "2025-07-15T14:20:22.010106+00:00", "symbol": "ETH-USD"}, {"trade_id": 667348153, "side": "buy", "size": "0.00839848", "price": "3049.36000000", "time": "2025-07-15T14:19:13.718152Z", "fetched_at": "2025-07-15T14:20:22.010106+00:00", "symbol": "ETH-USD"}, {"trade_id": 667348152, "side": "buy", "size": "0.00100000", "price": "3049.57000000", "time": "2025-07-15T14:19:13.608804Z", "fetched_at": "2025-07-15T14:20:22.010106+00:00", "symbol": "ETH-USD"}, {"trade_id": 667348151, "side": "buy", "size": "0.00042627", "price": "3049.68000000", "time": "2025-07-15T14:19:13.506478Z", "fetched_at": "2025-07-15T14:20:22.010106+00:00", "symbol": "ETH-USD"}, {"trade_id": 667348150, "side": "buy", "size": "0.00009836", "price": "3049.79000000", "time": "2025-07-15T14:19:13.489676Z", "fetched_at": "2025-07-15T14:20:22.010106+00:00", "symbol": "ETH-USD"}, {"trade_id": 667348149, "side": "sell", "size": "0.00251557", "price": "3049.80000000", "time": "2025-07-15T14:19:13.197162Z", "fetched_at": "2025-07-15T14:20:22.010106+00:00", "symbol": "ETH-USD"}, {"trade_id": 667348148, "side": "buy", "size": "0.52800403", "price": "3049.91000000", "time": "2025-07-15T14:19:13.045131Z", "fetched_at": "2025-07-15T14:20:22.010106+00:00", "symbol": "ETH-USD"}, {"trade_id": 667348147, "side": "buy", "size": "0.00023274", "price": "3049.69000000", "time": "2025-07-15T14:19:12.560431Z", "fetched_at": "2025-07-15T14:20:22.010106+00:00", "symbol": "ETH-USD"}, {"trade_id": 667348146, "side": "buy", "size": "0.00293826", "price": "3049.70000000", "time": "2025-07-15T14:19:12.560431Z", "fetched_at": "2025-07-15T14:20:22.010106+00:00", "symbol": "ETH-USD"}, {"trade_id": 667348145, "side": "buy", "size": "0.00100000", "price": "3049.80000000", "time": "2025-07-15T14:19:12.560431Z", "fetched_at": "2025-07-15T14:20:22.010106+00:00", "symbol": "ETH-USD"}, {"trade_id": 667348144, "side": "buy", "size": "0.09481228", "price": "3049.84000000", "time": "2025-07-15T14:19:12.357305Z", "fetched_at": "2025-07-15T14:20:22.010106+00:00", "symbol": "ETH-USD"}, {"trade_id": 667348143, "side": "buy", "size": "0.00019671", "price": "3050.08000000", "time": "2025-07-15T14:19:12.357305Z", "fetched_at": "2025-07-15T14:20:22.010106+00:00", "symbol": "ETH-USD"}, {"trade_id": 667348142, "side": "buy", "size": "0.00299101", "price": "3050.10000000", "time": "2025-07-15T14:19:12.357305Z", "fetched_at": "2025-07-15T14:20:22.010106+00:00", "symbol": "ETH-USD"}, {"trade_id": 667348141, "side": "sell", "size": "0.00327790", "price": "3050.49000000", "time": "2025-07-15T14:19:11.690217Z", "fetched_at": "2025-07-15T14:20:22.010106+00:00", "symbol": "ETH-USD"}, {"trade_id": 667348140, "side": "sell", "size": "0.00081168", "price": "3050.50000000", "time": "2025-07-15T14:19:11.666518Z", "fetched_at": "2025-07-15T14:20:22.010106+00:00", "symbol": "ETH-USD"}, {"trade_id": 667348139, "side": "sell", "size": "0.00327790", "price": "3050.45000000", "time": "2025-07-15T14:19:11.666518Z", "fetched_at": "2025-07-15T14:20:22.010106+00:00", "symbol": "ETH-USD"}, {"trade_id": 667348138, "side": "sell", "size": "0.12072063", "price": "3050.56000000", "time": "2025-07-15T14:19:11.591575Z", "fetched_at": "2025-07-15T14:20:22.010106+00:00", "symbol": "ETH-USD"}, {"trade_id": 667348137, "side": "sell", "size": "0.03531151", "price": "3050.53000000", "time": "2025-07-15T14:19:11.591575Z", "fetched_at": "2025-07-15T14:20:22.010106+00:00", "symbol": "ETH-USD"}, {"trade_id": 667348136, "side": "sell", "size": "0.00327790", "price": "3050.52000000", "time": "2025-07-15T14:19:11.591575Z", "fetched_at": "2025-07-15T14:20:22.010106+00:00", "symbol": "ETH-USD"}, {"trade_id": 667348135, "side": "buy", "size": "0.10790073", "price": "3050.02000000", "time": "2025-07-15T14:19:11.503268Z", "fetched_at": "2025-07-15T14:20:22.010106+00:00", "symbol": "ETH-USD"}, {"trade_id": 667348134, "side": "buy", "size": "0.00317244", "price": "3050.03000000", "time": "2025-07-15T14:19:11.503268Z", "fetched_at": "2025-07-15T14:20:22.010106+00:00", "symbol": "ETH-USD"}, {"trade_id": 667348133, "side": "buy", "size": "0.07956000", "price": "3050.24000000", "time": "2025-07-15T14:19:11.503268Z", "fetched_at": "2025-07-15T14:20:22.010106+00:00", "symbol": "ETH-USD"}, {"trade_id": 667348132, "side": "buy", "size": "0.30686983", "price": "3050.00000000", "time": "2025-07-15T14:19:11.385090Z", "fetched_at": "2025-07-15T14:20:22.010106+00:00", "symbol": "ETH-USD"}, {"trade_id": 667348131, "side": "buy", "size": "0.15000000", "price": "3050.01000000", "time": "2025-07-15T14:19:11.385090Z", "fetched_at": "2025-07-15T14:20:22.010106+00:00", "symbol": "ETH-USD"}, {"trade_id": 667348130, "side": "buy", "size": "0.53952017", "price": "3050.10000000", "time": "2025-07-15T14:19:11.385090Z", "fetched_at": "2025-07-15T14:20:22.010106+00:00", "symbol": "ETH-USD"}, {"trade_id": 667348129, "side": "buy", "size": "0.00313197", "price": "3050.11000000", "time": "2025-07-15T14:19:11.385090Z", "fetched_at": "2025-07-15T14:20:22.010106+00:00", "symbol": "ETH-USD"}, {"trade_id": 667348128, "side": "buy", "size": "0.00047803", "price": "3050.26000000", "time": "2025-07-15T14:19:11.385090Z", "fetched_at": "2025-07-15T14:20:22.010106+00:00", "symbol": "ETH-USD"}, {"trade_id": 667348127, "side": "buy", "size": "0.00052197", "price": "3050.26000000", "time": "2025-07-15T14:19:11.376654Z", "fetched_at": "2025-07-15T14:20:22.010106+00:00", "symbol": "ETH-USD"}, {"trade_id": 667348126, "side": "sell", "size": "0.03942800", "price": "3050.57000000", "time": "2025-07-15T14:19:11.067485Z", "fetched_at": "2025-07-15T14:20:22.010106+00:00", "symbol": "ETH-USD"}, {"trade_id": 667348125, "side": "sell", "size": "0.00327790", "price": "3050.45000000", "time": "2025-07-15T14:19:11.067485Z", "fetched_at": "2025-07-15T14:20:22.010106+00:00", "symbol": "ETH-USD"}, {"trade_id": 667348124, "side": "buy", "size": "0.03617025", "price": "3050.44000000", "time": "2025-07-15T14:19:10.946050Z", "fetched_at": "2025-07-15T14:20:22.010106+00:00", "symbol": "ETH-USD"}, {"trade_id": 667348123, "side": "buy", "size": "0.00039660", "price": "3050.86000000", "time": "2025-07-15T14:19:10.688660Z", "fetched_at": "2025-07-15T14:20:22.010106+00:00", "symbol": "ETH-USD"}, {"trade_id": 667348122, "side": "buy", "size": "0.00000327", "price": "3050.86000000", "time": "2025-07-15T14:19:10.688660Z", "fetched_at": "2025-07-15T14:20:22.010106+00:00", "symbol": "ETH-USD"}, {"trade_id": 667348121, "side": "sell", "size": "0.00056811", "price": "3050.87000000", "time": "2025-07-15T14:19:10.236385Z", "fetched_at": "2025-07-15T14:20:22.010106+00:00", "symbol": "ETH-USD"}, {"trade_id": 667348120, "side": "buy", "size": "0.15782925", "price": "3049.52000000", "time": "2025-07-15T14:19:09.508222Z", "fetched_at": "2025-07-15T14:20:22.010106+00:00", "symbol": "ETH-USD"}, {"trade_id": 667348119, "side": "buy", "size": "0.78441865", "price": "3049.53000000", "time": "2025-07-15T14:19:09.508222Z", "fetched_at": "2025-07-15T14:20:22.010106+00:00", "symbol": "ETH-USD"}, {"trade_id": 667348118, "side": "buy", "size": "0.03158046", "price": "3049.67000000", "time": "2025-07-15T14:19:09.508222Z", "fetched_at": "2025-07-15T14:20:22.010106+00:00", "symbol": "ETH-USD"}, {"trade_id": 667348117, "side": "buy", "size": "0.81973512", "price": "3049.76000000", "time": "2025-07-15T14:19:09.508222Z", "fetched_at": "2025-07-15T14:20:22.010106+00:00", "symbol": "ETH-USD"}, {"trade_id": 667348116, "side": "buy", "size": "0.51078935", "price": "3049.77000000", "time": "2025-07-15T14:19:09.508222Z", "fetched_at": "2025-07-15T14:20:22.010106+00:00", "symbol": "ETH-USD"}, {"trade_id": 667348115, "side": "buy", "size": "0.31911526", "price": "3049.79000000", "time": "2025-07-15T14:19:09.508222Z", "fetched_at": "2025-07-15T14:20:22.010106+00:00", "symbol": "ETH-USD"}, {"trade_id": 667348114, "side": "buy", "size": "0.83263000", "price": "3049.83000000", "time": "2025-07-15T14:19:09.508222Z", "fetched_at": "2025-07-15T14:20:22.010106+00:00", "symbol": "ETH-USD"}, {"trade_id": 667348113, "side": "buy", "size": "2.04535312", "price": "3049.90000000", "time": "2025-07-15T14:19:09.508222Z", "fetched_at": "2025-07-15T14:20:22.010106+00:00", "symbol": "ETH-USD"}, {"trade_id": 667348112, "side": "buy", "size": "0.16389634", "price": "3049.91000000", "time": "2025-07-15T14:19:09.508222Z", "fetched_at": "2025-07-15T14:20:22.010106+00:00", "symbol": "ETH-USD"}, {"trade_id": 667348111, "side": "buy", "size": "0.93783000", "price": "3049.94000000", "time": "2025-07-15T14:19:09.508222Z", "fetched_at": "2025-07-15T14:20:22.010106+00:00", "symbol": "ETH-USD"}, {"trade_id": 667348110, "side": "buy", "size": "0.97200000", "price": "3049.94000000", "time": "2025-07-15T14:19:09.508222Z", "fetched_at": "2025-07-15T14:20:22.010106+00:00", "symbol": "ETH-USD"}, {"trade_id": 667348109, "side": "buy", "size": "1.07957240", "price": "3049.95000000", "time": "2025-07-15T14:19:09.508222Z", "fetched_at": "2025-07-15T14:20:22.010106+00:00", "symbol": "ETH-USD"}, {"trade_id": 667348108, "side": "buy", "size": "1.18111580", "price": "3049.95000000", "time": "2025-07-15T14:19:09.508222Z", "fetched_at": "2025-07-15T14:20:22.010106+00:00", "symbol": "ETH-USD"}, {"trade_id": 667348107, "side": "buy", "size": "0.64864728", "price": "3049.95000000", "time": "2025-07-15T14:19:09.508222Z", "fetched_at": "2025-07-15T14:20:22.010106+00:00", "symbol": "ETH-USD"}, {"trade_id": 667348106, "side": "buy", "size": "0.54843439", "price": "3050.00000000", "time": "2025-07-15T14:19:09.508222Z", "fetched_at": "2025-07-15T14:20:22.010106+00:00", "symbol": "ETH-USD"}, {"trade_id": 667348105, "side": "buy", "size": "0.93129000", "price": "3050.01000000", "time": "2025-07-15T14:19:09.508222Z", "fetched_at": "2025-07-15T14:20:22.010106+00:00", "symbol": "ETH-USD"}, {"trade_id": 667348104, "side": "buy", "size": "0.16393327", "price": "3050.02000000", "time": "2025-07-15T14:19:09.508222Z", "fetched_at": "2025-07-15T14:20:22.010106+00:00", "symbol": "ETH-USD"}, {"trade_id": 667348103, "side": "buy", "size": "0.81966599", "price": "3050.02000000", "time": "2025-07-15T14:19:09.508222Z", "fetched_at": "2025-07-15T14:20:22.010106+00:00", "symbol": "ETH-USD"}, {"trade_id": 667348102, "side": "buy", "size": "1.86718256", "price": "3050.03000000", "time": "2025-07-15T14:19:09.508222Z", "fetched_at": "2025-07-15T14:20:22.010106+00:00", "symbol": "ETH-USD"}, {"trade_id": 667348101, "side": "buy", "size": "0.00211801", "price": "3050.03000000", "time": "2025-07-15T14:19:09.508222Z", "fetched_at": "2025-07-15T14:20:22.010106+00:00", "symbol": "ETH-USD"}, {"trade_id": 667348100, "side": "buy", "size": "0.40664316", "price": "3050.07000000", "time": "2025-07-15T14:19:09.508222Z", "fetched_at": "2025-07-15T14:20:22.010106+00:00", "symbol": "ETH-USD"}, {"trade_id": 667348099, "side": "buy", "size": "1.32743130", "price": "3050.14000000", "time": "2025-07-15T14:19:09.508222Z", "fetched_at": "2025-07-15T14:20:22.010106+00:00", "symbol": "ETH-USD"}, {"trade_id": 667348098, "side": "buy", "size": "0.47870504", "price": "3050.15000000", "time": "2025-07-15T14:19:09.508222Z", "fetched_at": "2025-07-15T14:20:22.010106+00:00", "symbol": "ETH-USD"}, {"trade_id": 667348097, "side": "buy", "size": "2.05268639", "price": "3050.21000000", "time": "2025-07-15T14:19:09.508222Z", "fetched_at": "2025-07-15T14:20:22.010106+00:00", "symbol": "ETH-USD"}, {"trade_id": 667348096, "side": "buy", "size": "0.32367025", "price": "3050.23000000", "time": "2025-07-15T14:19:09.508222Z", "fetched_at": "2025-07-15T14:20:22.010106+00:00", "symbol": "ETH-USD"}, {"trade_id": 667348095, "side": "buy", "size": "0.75235568", "price": "3050.24000000", "time": "2025-07-15T14:19:09.508222Z", "fetched_at": "2025-07-15T14:20:22.010106+00:00", "symbol": "ETH-USD"}, {"trade_id": 667348094, "side": "buy", "size": "0.59895819", "price": "3050.31000000", "time": "2025-07-15T14:19:09.508222Z", "fetched_at": "2025-07-15T14:20:22.010106+00:00", "symbol": "ETH-USD"}, {"trade_id": 667348093, "side": "buy", "size": "0.77225056", "price": "3050.33000000", "time": "2025-07-15T14:19:09.508222Z", "fetched_at": "2025-07-15T14:20:22.010106+00:00", "symbol": "ETH-USD"}, {"trade_id": 667348092, "side": "buy", "size": "0.97200000", "price": "3050.39000000", "time": "2025-07-15T14:19:09.508222Z", "fetched_at": "2025-07-15T14:20:22.010106+00:00", "symbol": "ETH-USD"}, {"trade_id": 667348091, "side": "buy", "size": "0.15000000", "price": "3050.40000000", "time": "2025-07-15T14:19:09.508222Z", "fetched_at": "2025-07-15T14:20:22.010106+00:00", "symbol": "ETH-USD"}, {"trade_id": 667348090, "side": "buy", "size": "0.15116039", "price": "3050.42000000", "time": "2025-07-15T14:19:09.508222Z", "fetched_at": "2025-07-15T14:20:22.010106+00:00", "symbol": "ETH-USD"}, {"trade_id": 667348089, "side": "buy", "size": "0.00327823", "price": "3050.43000000", "time": "2025-07-15T14:19:09.508222Z", "fetched_at": "2025-07-15T14:20:22.010106+00:00", "symbol": "ETH-USD"}, {"trade_id": 667348088, "side": "buy", "size": "0.15000000", "price": "3050.67000000", "time": "2025-07-15T14:19:09.508222Z", "fetched_at": "2025-07-15T14:20:22.010106+00:00", "symbol": "ETH-USD"}, {"trade_id": 667348087, "side": "buy", "size": "0.27179000", "price": "3050.67000000", "time": "2025-07-15T14:19:09.508222Z", "fetched_at": "2025-07-15T14:20:22.010106+00:00", "symbol": "ETH-USD"}, {"trade_id": 667348086, "side": "buy", "size": "0.08486000", "price": "3050.67000000", "time": "2025-07-15T14:19:09.508222Z", "fetched_at": "2025-07-15T14:20:22.010106+00:00", "symbol": "ETH-USD"}, {"trade_id": 667348085, "side": "buy", "size": "0.07956000", "price": "3050.67000000", "time": "2025-07-15T14:19:09.508222Z", "fetched_at": "2025-07-15T14:20:22.010106+00:00", "symbol": "ETH-USD"}, {"trade_id": 667348084, "side": "sell", "size": "0.01214834", "price": "3050.73000000", "time": "2025-07-15T14:19:09.381042Z", "fetched_at": "2025-07-15T14:20:22.010106+00:00", "symbol": "ETH-USD"}, {"trade_id": 667348083, "side": "buy", "size": "0.07452579", "price": "3051.24000000", "time": "2025-07-15T14:19:09.086248Z", "fetched_at": "2025-07-15T14:20:22.010106+00:00", "symbol": "ETH-USD"}, {"trade_id": 667348082, "side": "buy", "size": "0.01033421", "price": "3051.24000000", "time": "2025-07-15T14:19:09.086248Z", "fetched_at": "2025-07-15T14:20:22.010106+00:00", "symbol": "ETH-USD"}, {"trade_id": 667348081, "side": "sell", "size": "2.97231501", "price": "3052.38000000", "time": "2025-07-15T14:19:09.074949Z", "fetched_at": "2025-07-15T14:20:22.010106+00:00", "symbol": "ETH-USD"}, {"trade_id": 667348080, "side": "sell", "size": "5.11077860", "price": "3052.37000000", "time": "2025-07-15T14:19:09.074949Z", "fetched_at": "2025-07-15T14:20:22.010106+00:00", "symbol": "ETH-USD"}, {"trade_id": 667348079, "side": "sell", "size": "0.34976864", "price": "3052.37000000", "time": "2025-07-15T14:19:09.074949Z", "fetched_at": "2025-07-15T14:20:22.010106+00:00", "symbol": "ETH-USD"}, {"trade_id": 667348078, "side": "sell", "size": "0.97200000", "price": "3052.31000000", "time": "2025-07-15T14:19:09.074949Z", "fetched_at": "2025-07-15T14:20:22.010106+00:00", "symbol": "ETH-USD"}, {"trade_id": 667348077, "side": "sell", "size": "0.58320000", "price": "3052.30000000", "time": "2025-07-15T14:19:09.074949Z", "fetched_at": "2025-07-15T14:20:22.010106+00:00", "symbol": "ETH-USD"}, {"trade_id": 667348076, "side": "sell", "size": "0.00100000", "price": "3052.10000000", "time": "2025-07-15T14:19:09.074949Z", "fetched_at": "2025-07-15T14:20:22.010106+00:00", "symbol": "ETH-USD"}, {"trade_id": 667348075, "side": "sell", "size": "2.35165157", "price": "3052.05000000", "time": "2025-07-15T14:19:09.074949Z", "fetched_at": "2025-07-15T14:20:22.010106+00:00", "symbol": "ETH-USD"}, {"trade_id": 667348074, "side": "sell", "size": "0.00100000", "price": "3051.87000000", "time": "2025-07-15T14:19:09.074949Z", "fetched_at": "2025-07-15T14:20:22.010106+00:00", "symbol": "ETH-USD"}, {"trade_id": 667348073, "side": "sell", "size": "0.34217230", "price": "3051.86000000", "time": "2025-07-15T14:19:09.074949Z", "fetched_at": "2025-07-15T14:20:22.010106+00:00", "symbol": "ETH-USD"}