[{"trade_id": 667381849, "side": "sell", "size": "0.83560802", "price": "2991.84000000", "time": "2025-07-15T15:10:48.215667Z", "fetched_at": "2025-07-15T15:10:49.998407+00:00", "symbol": "ETH-USD"}, {"trade_id": 667381848, "side": "sell", "size": "0.50136481", "price": "2991.83000000", "time": "2025-07-15T15:10:48.215667Z", "fetched_at": "2025-07-15T15:10:49.998407+00:00", "symbol": "ETH-USD"}, {"trade_id": 667381847, "side": "sell", "size": "0.32487515", "price": "2991.68000000", "time": "2025-07-15T15:10:48.210912Z", "fetched_at": "2025-07-15T15:10:49.998407+00:00", "symbol": "ETH-USD"}, {"trade_id": 667381846, "side": "sell", "size": "0.00006805", "price": "2991.62000000", "time": "2025-07-15T15:10:48.210912Z", "fetched_at": "2025-07-15T15:10:49.998407+00:00", "symbol": "ETH-USD"}, {"trade_id": 667381845, "side": "sell", "size": "0.00444981", "price": "2991.62000000", "time": "2025-07-15T15:10:48.210912Z", "fetched_at": "2025-07-15T15:10:49.998407+00:00", "symbol": "ETH-USD"}, {"trade_id": 667381844, "side": "sell", "size": "0.61526366", "price": "2992.21000000", "time": "2025-07-15T15:10:48.022656Z", "fetched_at": "2025-07-15T15:10:49.998407+00:00", "symbol": "ETH-USD"}, {"trade_id": 667381843, "side": "sell", "size": "6.16260000", "price": "2992.21000000", "time": "2025-07-15T15:10:48.022656Z", "fetched_at": "2025-07-15T15:10:49.998407+00:00", "symbol": "ETH-USD"}, {"trade_id": 667381842, "side": "sell", "size": "0.02147076", "price": "2992.20000000", "time": "2025-07-15T15:10:48.022656Z", "fetched_at": "2025-07-15T15:10:49.998407+00:00", "symbol": "ETH-USD"}, {"trade_id": 667381841, "side": "sell", "size": "0.00066684", "price": "2992.00000000", "time": "2025-07-15T15:10:48.022656Z", "fetched_at": "2025-07-15T15:10:49.998407+00:00", "symbol": "ETH-USD"}, {"trade_id": 667381840, "side": "sell", "size": "0.00100000", "price": "2992.00000000", "time": "2025-07-15T15:10:48.022656Z", "fetched_at": "2025-07-15T15:10:49.998407+00:00", "symbol": "ETH-USD"}, {"trade_id": 667381839, "side": "sell", "size": "0.47363225", "price": "2991.99000000", "time": "2025-07-15T15:10:48.022656Z", "fetched_at": "2025-07-15T15:10:49.998407+00:00", "symbol": "ETH-USD"}, {"trade_id": 667381838, "side": "sell", "size": "0.21966301", "price": "2991.98000000", "time": "2025-07-15T15:10:48.022656Z", "fetched_at": "2025-07-15T15:10:49.998407+00:00", "symbol": "ETH-USD"}, {"trade_id": 667381837, "side": "sell", "size": "0.83560802", "price": "2991.84000000", "time": "2025-07-15T15:10:48.022656Z", "fetched_at": "2025-07-15T15:10:49.998407+00:00", "symbol": "ETH-USD"}, {"trade_id": 667381836, "side": "sell", "size": "0.55636590", "price": "2991.82000000", "time": "2025-07-15T15:10:48.022656Z", "fetched_at": "2025-07-15T15:10:49.998407+00:00", "symbol": "ETH-USD"}, {"trade_id": 667381835, "side": "sell", "size": "0.67214582", "price": "2991.80000000", "time": "2025-07-15T15:10:48.022656Z", "fetched_at": "2025-07-15T15:10:49.998407+00:00", "symbol": "ETH-USD"}, {"trade_id": 667381834, "side": "sell", "size": "0.00100000", "price": "2991.78000000", "time": "2025-07-15T15:10:48.022656Z", "fetched_at": "2025-07-15T15:10:49.998407+00:00", "symbol": "ETH-USD"}, {"trade_id": 667381833, "side": "sell", "size": "1.13650663", "price": "2991.77000000", "time": "2025-07-15T15:10:48.022656Z", "fetched_at": "2025-07-15T15:10:49.998407+00:00", "symbol": "ETH-USD"}, {"trade_id": 667381832, "side": "sell", "size": "0.19999635", "price": "2991.68000000", "time": "2025-07-15T15:10:48.022656Z", "fetched_at": "2025-07-15T15:10:49.998407+00:00", "symbol": "ETH-USD"}, {"trade_id": 667381831, "side": "sell", "size": "0.70907975", "price": "2991.67000000", "time": "2025-07-15T15:10:48.022656Z", "fetched_at": "2025-07-15T15:10:49.998407+00:00", "symbol": "ETH-USD"}, {"trade_id": 667381830, "side": "sell", "size": "0.05365465", "price": "2991.67000000", "time": "2025-07-15T15:10:48.022656Z", "fetched_at": "2025-07-15T15:10:49.998407+00:00", "symbol": "ETH-USD"}, {"trade_id": 667381829, "side": "sell", "size": "0.06148248", "price": "2991.67000000", "time": "2025-07-15T15:10:48.022656Z", "fetched_at": "2025-07-15T15:10:49.998407+00:00", "symbol": "ETH-USD"}, {"trade_id": 667381828, "side": "sell", "size": "0.19992489", "price": "2991.67000000", "time": "2025-07-15T15:10:48.022656Z", "fetched_at": "2025-07-15T15:10:49.998407+00:00", "symbol": "ETH-USD"}, {"trade_id": 667381827, "side": "sell", "size": "0.19999438", "price": "2991.67000000", "time": "2025-07-15T15:10:48.022656Z", "fetched_at": "2025-07-15T15:10:49.998407+00:00", "symbol": "ETH-USD"}, {"trade_id": 667381826, "side": "sell", "size": "0.11686685", "price": "2991.67000000", "time": "2025-07-15T15:10:48.022656Z", "fetched_at": "2025-07-15T15:10:49.998407+00:00", "symbol": "ETH-USD"}, {"trade_id": 667381825, "side": "sell", "size": "0.05444214", "price": "2991.67000000", "time": "2025-07-15T15:10:48.022656Z", "fetched_at": "2025-07-15T15:10:49.998407+00:00", "symbol": "ETH-USD"}, {"trade_id": 667381824, "side": "sell", "size": "0.33436820", "price": "2991.61000000", "time": "2025-07-15T15:10:48.022656Z", "fetched_at": "2025-07-15T15:10:49.998407+00:00", "symbol": "ETH-USD"}, {"trade_id": 667381823, "side": "sell", "size": "0.35986557", "price": "2991.59000000", "time": "2025-07-15T15:10:48.022656Z", "fetched_at": "2025-07-15T15:10:49.998407+00:00", "symbol": "ETH-USD"}, {"trade_id": 667381822, "side": "sell", "size": "0.00100000", "price": "2991.56000000", "time": "2025-07-15T15:10:48.022656Z", "fetched_at": "2025-07-15T15:10:49.998407+00:00", "symbol": "ETH-USD"}, {"trade_id": 667381821, "side": "sell", "size": "0.00451038", "price": "2991.34000000", "time": "2025-07-15T15:10:48.022656Z", "fetched_at": "2025-07-15T15:10:49.998407+00:00", "symbol": "ETH-USD"}, {"trade_id": 667381820, "side": "sell", "size": "0.00100000", "price": "2991.34000000", "time": "2025-07-15T15:10:48.022656Z", "fetched_at": "2025-07-15T15:10:49.998407+00:00", "symbol": "ETH-USD"}, {"trade_id": 667381819, "side": "sell", "size": "1.19988960", "price": "2991.25000000", "time": "2025-07-15T15:10:47.975616Z", "fetched_at": "2025-07-15T15:10:49.998407+00:00", "symbol": "ETH-USD"}, {"trade_id": 667381818, "side": "sell", "size": "0.49990040", "price": "2991.24000000", "time": "2025-07-15T15:10:47.975616Z", "fetched_at": "2025-07-15T15:10:49.998407+00:00", "symbol": "ETH-USD"}, {"trade_id": 667381817, "side": "sell", "size": "0.00451038", "price": "2991.23000000", "time": "2025-07-15T15:10:47.975616Z", "fetched_at": "2025-07-15T15:10:49.998407+00:00", "symbol": "ETH-USD"}, {"trade_id": 667381816, "side": "sell", "size": "0.00100000", "price": "2991.12000000", "time": "2025-07-15T15:10:47.975616Z", "fetched_at": "2025-07-15T15:10:49.998407+00:00", "symbol": "ETH-USD"}, {"trade_id": 667381815, "side": "sell", "size": "0.00025003", "price": "2991.07000000", "time": "2025-07-15T15:10:47.654083Z", "fetched_at": "2025-07-15T15:10:49.998407+00:00", "symbol": "ETH-USD"}, {"trade_id": 667381814, "side": "sell", "size": "0.20169547", "price": "2991.07000000", "time": "2025-07-15T15:10:47.654083Z", "fetched_at": "2025-07-15T15:10:49.998407+00:00", "symbol": "ETH-USD"}, {"trade_id": 667381813, "side": "sell", "size": "0.38850590", "price": "2991.07000000", "time": "2025-07-15T15:10:47.654083Z", "fetched_at": "2025-07-15T15:10:49.998407+00:00", "symbol": "ETH-USD"}, {"trade_id": 667381812, "side": "sell", "size": "0.04571441", "price": "2990.94000000", "time": "2025-07-15T15:10:46.180047Z", "fetched_at": "2025-07-15T15:10:49.998407+00:00", "symbol": "ETH-USD"}, {"trade_id": 667381811, "side": "sell", "size": "0.00394267", "price": "2990.93000000", "time": "2025-07-15T15:10:46.180047Z", "fetched_at": "2025-07-15T15:10:49.998407+00:00", "symbol": "ETH-USD"}, {"trade_id": 667381810, "side": "sell", "size": "0.83588026", "price": "2990.86000000", "time": "2025-07-15T15:10:46.088394Z", "fetched_at": "2025-07-15T15:10:49.998407+00:00", "symbol": "ETH-USD"}, {"trade_id": 667381809, "side": "sell", "size": "0.30000000", "price": "2990.85000000", "time": "2025-07-15T15:10:46.088394Z", "fetched_at": "2025-07-15T15:10:49.998407+00:00", "symbol": "ETH-USD"}, {"trade_id": 667381808, "side": "sell", "size": "0.50152816", "price": "2990.85000000", "time": "2025-07-15T15:10:46.088394Z", "fetched_at": "2025-07-15T15:10:49.998407+00:00", "symbol": "ETH-USD"}, {"trade_id": 667381807, "side": "sell", "size": "0.16718274", "price": "2990.74000000", "time": "2025-07-15T15:10:46.087696Z", "fetched_at": "2025-07-15T15:10:49.998407+00:00", "symbol": "ETH-USD"}, {"trade_id": 667381806, "side": "sell", "size": "0.00394267", "price": "2990.72000000", "time": "2025-07-15T15:10:46.087696Z", "fetched_at": "2025-07-15T15:10:49.998407+00:00", "symbol": "ETH-USD"}, {"trade_id": 667381805, "side": "buy", "size": "0.07491866", "price": "2990.71000000", "time": "2025-07-15T15:10:44.479819Z", "fetched_at": "2025-07-15T15:10:49.998407+00:00", "symbol": "ETH-USD"}, {"trade_id": 667381804, "side": "buy", "size": "0.00612563", "price": "2990.71000000", "time": "2025-07-15T15:10:44.479819Z", "fetched_at": "2025-07-15T15:10:49.998407+00:00", "symbol": "ETH-USD"}, {"trade_id": 667381803, "side": "buy", "size": "0.07481835", "price": "2990.71000000", "time": "2025-07-15T15:10:44.479819Z", "fetched_at": "2025-07-15T15:10:49.998407+00:00", "symbol": "ETH-USD"}, {"trade_id": 667381802, "side": "buy", "size": "0.54609176", "price": "2990.71000000", "time": "2025-07-15T15:10:44.479819Z", "fetched_at": "2025-07-15T15:10:49.998407+00:00", "symbol": "ETH-USD"}, {"trade_id": 667381801, "side": "sell", "size": "0.00043378", "price": "2990.72000000", "time": "2025-07-15T15:10:43.485857Z", "fetched_at": "2025-07-15T15:10:49.998407+00:00", "symbol": "ETH-USD"}, {"trade_id": 667381800, "side": "buy", "size": "0.00809771", "price": "2990.71000000", "time": "2025-07-15T15:10:43.240339Z", "fetched_at": "2025-07-15T15:10:49.998407+00:00", "symbol": "ETH-USD"}, {"trade_id": 667381799, "side": "buy", "size": "0.02043661", "price": "2990.71000000", "time": "2025-07-15T15:10:43.240339Z", "fetched_at": "2025-07-15T15:10:49.998407+00:00", "symbol": "ETH-USD"}, {"trade_id": 667381798, "side": "sell", "size": "0.03418801", "price": "2990.99000000", "time": "2025-07-15T15:10:43.079404Z", "fetched_at": "2025-07-15T15:10:49.998407+00:00", "symbol": "ETH-USD"}, {"trade_id": 667381797, "side": "sell", "size": "0.00047646", "price": "2990.90000000", "time": "2025-07-15T15:10:43.079404Z", "fetched_at": "2025-07-15T15:10:49.998407+00:00", "symbol": "ETH-USD"}, {"trade_id": 667381796, "side": "sell", "size": "0.00100000", "price": "2990.90000000", "time": "2025-07-15T15:10:43.079404Z", "fetched_at": "2025-07-15T15:10:49.998407+00:00", "symbol": "ETH-USD"}, {"trade_id": 667381795, "side": "sell", "size": "0.00468502", "price": "2990.72000000", "time": "2025-07-15T15:10:43.079404Z", "fetched_at": "2025-07-15T15:10:49.998407+00:00", "symbol": "ETH-USD"}, {"trade_id": 667381794, "side": "sell", "size": "0.01377146", "price": "2990.89000000", "time": "2025-07-15T15:10:42.818893Z", "fetched_at": "2025-07-15T15:10:49.998407+00:00", "symbol": "ETH-USD"}, {"trade_id": 667381793, "side": "sell", "size": "0.00474879", "price": "2990.72000000", "time": "2025-07-15T15:10:42.818893Z", "fetched_at": "2025-07-15T15:10:49.998407+00:00", "symbol": "ETH-USD"}, {"trade_id": 667381792, "side": "sell", "size": "0.00110026", "price": "2990.85000000", "time": "2025-07-15T15:10:42.086619Z", "fetched_at": "2025-07-15T15:10:49.998407+00:00", "symbol": "ETH-USD"}, {"trade_id": 667381791, "side": "sell", "size": "0.00006326", "price": "2990.80000000", "time": "2025-07-15T15:10:42.086619Z", "fetched_at": "2025-07-15T15:10:49.998407+00:00", "symbol": "ETH-USD"}, {"trade_id": 667381790, "side": "sell", "size": "0.00011698", "price": "2990.80000000", "time": "2025-07-15T15:10:42.086619Z", "fetched_at": "2025-07-15T15:10:49.998407+00:00", "symbol": "ETH-USD"}, {"trade_id": 667381789, "side": "sell", "size": "0.00027170", "price": "2990.80000000", "time": "2025-07-15T15:10:42.086619Z", "fetched_at": "2025-07-15T15:10:49.998407+00:00", "symbol": "ETH-USD"}, {"trade_id": 667381788, "side": "sell", "size": "0.00479143", "price": "2990.69000000", "time": "2025-07-15T15:10:42.086619Z", "fetched_at": "2025-07-15T15:10:49.998407+00:00", "symbol": "ETH-USD"}, {"trade_id": 667381787, "side": "sell", "size": "0.07645897", "price": "2990.85000000", "time": "2025-07-15T15:10:41.998514Z", "fetched_at": "2025-07-15T15:10:49.998407+00:00", "symbol": "ETH-USD"}, {"trade_id": 667381786, "side": "sell", "size": "0.00479143", "price": "2990.57000000", "time": "2025-07-15T15:10:41.998514Z", "fetched_at": "2025-07-15T15:10:49.998407+00:00", "symbol": "ETH-USD"}, {"trade_id": 667381785, "side": "sell", "size": "0.96156482", "price": "2990.85000000", "time": "2025-07-15T15:10:41.345161Z", "fetched_at": "2025-07-15T15:10:49.998407+00:00", "symbol": "ETH-USD"}, {"trade_id": 667381784, "side": "sell", "size": "0.02349130", "price": "2990.84000000", "time": "2025-07-15T15:10:41.345161Z", "fetched_at": "2025-07-15T15:10:49.998407+00:00", "symbol": "ETH-USD"}, {"trade_id": 667381783, "side": "sell", "size": "0.00494388", "price": "2990.57000000", "time": "2025-07-15T15:10:41.345161Z", "fetched_at": "2025-07-15T15:10:49.998407+00:00", "symbol": "ETH-USD"}, {"trade_id": 667381782, "side": "sell", "size": "0.07735447", "price": "2990.76000000", "time": "2025-07-15T15:10:40.852906Z", "fetched_at": "2025-07-15T15:10:49.998407+00:00", "symbol": "ETH-USD"}, {"trade_id": 667381781, "side": "sell", "size": "0.00389403", "price": "2990.57000000", "time": "2025-07-15T15:10:40.852906Z", "fetched_at": "2025-07-15T15:10:49.998407+00:00", "symbol": "ETH-USD"}, {"trade_id": 667381780, "side": "buy", "size": "0.34696418", "price": "2990.06000000", "time": "2025-07-15T15:10:40.716594Z", "fetched_at": "2025-07-15T15:10:49.998407+00:00", "symbol": "ETH-USD"}, {"trade_id": 667381779, "side": "buy", "size": "0.09438777", "price": "2990.07000000", "time": "2025-07-15T15:10:40.716594Z", "fetched_at": "2025-07-15T15:10:49.998407+00:00", "symbol": "ETH-USD"}, {"trade_id": 667381778, "side": "buy", "size": "0.19719755", "price": "2990.25000000", "time": "2025-07-15T15:10:40.716594Z", "fetched_at": "2025-07-15T15:10:49.998407+00:00", "symbol": "ETH-USD"}, {"trade_id": 667381777, "side": "buy", "size": "0.00100000", "price": "2990.46000000", "time": "2025-07-15T15:10:40.716594Z", "fetched_at": "2025-07-15T15:10:49.998407+00:00", "symbol": "ETH-USD"}, {"trade_id": 667381776, "side": "buy", "size": "0.01165959", "price": "2990.67000000", "time": "2025-07-15T15:10:40.436377Z", "fetched_at": "2025-07-15T15:10:49.998407+00:00", "symbol": "ETH-USD"}, {"trade_id": 667381775, "side": "buy", "size": "0.06573109", "price": "2990.67000000", "time": "2025-07-15T15:10:40.436377Z", "fetched_at": "2025-07-15T15:10:49.998407+00:00", "symbol": "ETH-USD"}, {"trade_id": 667381774, "side": "buy", "size": "0.06392547", "price": "2990.67000000", "time": "2025-07-15T15:10:40.436377Z", "fetched_at": "2025-07-15T15:10:49.998407+00:00", "symbol": "ETH-USD"}, {"trade_id": 667381773, "side": "buy", "size": "0.02191530", "price": "2991.06000000", "time": "2025-07-15T15:10:40.060881Z", "fetched_at": "2025-07-15T15:10:49.998407+00:00", "symbol": "ETH-USD"}, {"trade_id": 667381772, "side": "buy", "size": "0.34508096", "price": "2991.06000000", "time": "2025-07-15T15:10:40.060881Z", "fetched_at": "2025-07-15T15:10:49.998407+00:00", "symbol": "ETH-USD"}, {"trade_id": 667381771, "side": "sell", "size": "0.01903269", "price": "2991.07000000", "time": "2025-07-15T15:10:39.607569Z", "fetched_at": "2025-07-15T15:10:49.998407+00:00", "symbol": "ETH-USD"}, {"trade_id": 667381770, "side": "sell", "size": "0.09232724", "price": "2991.07000000", "time": "2025-07-15T15:10:39.033349Z", "fetched_at": "2025-07-15T15:10:49.998407+00:00", "symbol": "ETH-USD"}, {"trade_id": 667381769, "side": "sell", "size": "0.00183266", "price": "2991.06000000", "time": "2025-07-15T15:10:39.033349Z", "fetched_at": "2025-07-15T15:10:49.998407+00:00", "symbol": "ETH-USD"}, {"trade_id": 667381768, "side": "sell", "size": "0.00100000", "price": "2990.90000000", "time": "2025-07-15T15:10:39.033349Z", "fetched_at": "2025-07-15T15:10:49.998407+00:00", "symbol": "ETH-USD"}, {"trade_id": 667381767, "side": "sell", "size": "0.00185761", "price": "2990.68000000", "time": "2025-07-15T15:10:38.831693Z", "fetched_at": "2025-07-15T15:10:49.998407+00:00", "symbol": "ETH-USD"}, {"trade_id": 667381766, "side": "sell", "size": "0.00100000", "price": "2990.68000000", "time": "2025-07-15T15:10:38.831693Z", "fetched_at": "2025-07-15T15:10:49.998407+00:00", "symbol": "ETH-USD"}, {"trade_id": 667381765, "side": "sell", "size": "0.00506643", "price": "2990.46000000", "time": "2025-07-15T15:10:37.946018Z", "fetched_at": "2025-07-15T15:10:49.998407+00:00", "symbol": "ETH-USD"}, {"trade_id": 667381764, "side": "sell", "size": "0.00100000", "price": "2990.46000000", "time": "2025-07-15T15:10:37.946018Z", "fetched_at": "2025-07-15T15:10:49.998407+00:00", "symbol": "ETH-USD"}, {"trade_id": 667381763, "side": "buy", "size": "0.10364977", "price": "2990.45000000", "time": "2025-07-15T15:10:37.665358Z", "fetched_at": "2025-07-15T15:10:49.998407+00:00", "symbol": "ETH-USD"}, {"trade_id": 667381762, "side": "buy", "size": "0.97200000", "price": "2990.45000000", "time": "2025-07-15T15:10:37.665358Z", "fetched_at": "2025-07-15T15:10:49.998407+00:00", "symbol": "ETH-USD"}, {"trade_id": 667381761, "side": "sell", "size": "0.00002959", "price": "2990.07000000", "time": "2025-07-15T15:10:37.310603Z", "fetched_at": "2025-07-15T15:10:49.998407+00:00", "symbol": "ETH-USD"}, {"trade_id": 667381760, "side": "sell", "size": "0.00019837", "price": "2990.07000000", "time": "2025-07-15T15:10:37.310603Z", "fetched_at": "2025-07-15T15:10:49.998407+00:00", "symbol": "ETH-USD"}, {"trade_id": 667381759, "side": "sell", "size": "0.00003635", "price": "2990.07000000", "time": "2025-07-15T15:10:37.310603Z", "fetched_at": "2025-07-15T15:10:49.998407+00:00", "symbol": "ETH-USD"}, {"trade_id": 667381758, "side": "buy", "size": "0.00770221", "price": "2990.06000000", "time": "2025-07-15T15:10:36.964108Z", "fetched_at": "2025-07-15T15:10:49.998407+00:00", "symbol": "ETH-USD"}, {"trade_id": 667381757, "side": "sell", "size": "0.00037162", "price": "2990.07000000", "time": "2025-07-15T15:10:36.402595Z", "fetched_at": "2025-07-15T15:10:49.998407+00:00", "symbol": "ETH-USD"}, {"trade_id": 667381756, "side": "sell", "size": "0.00915213", "price": "2990.26000000", "time": "2025-07-15T15:10:36.353753Z", "fetched_at": "2025-07-15T15:10:49.998407+00:00", "symbol": "ETH-USD"}, {"trade_id": 667381755, "side": "sell", "size": "0.00100000", "price": "2990.24000000", "time": "2025-07-15T15:10:36.353753Z", "fetched_at": "2025-07-15T15:10:49.998407+00:00", "symbol": "ETH-USD"}, {"trade_id": 667381754, "side": "sell", "size": "0.00057222", "price": "2990.07000000", "time": "2025-07-15T15:10:36.353753Z", "fetched_at": "2025-07-15T15:10:49.998407+00:00", "symbol": "ETH-USD"}, {"trade_id": 667381753, "side": "sell", "size": "0.00502986", "price": "2990.06000000", "time": "2025-07-15T15:10:36.353753Z", "fetched_at": "2025-07-15T15:10:49.998407+00:00", "symbol": "ETH-USD"}, {"trade_id": 667381752, "side": "sell", "size": "0.00020669", "price": "2990.06000000", "time": "2025-07-15T15:10:36.353753Z", "fetched_at": "2025-07-15T15:10:49.998407+00:00", "symbol": "ETH-USD"}, {"trade_id": 667381751, "side": "sell", "size": "0.00011178", "price": "2990.06000000", "time": "2025-07-15T15:10:36.353753Z", "fetched_at": "2025-07-15T15:10:49.998407+00:00", "symbol": "ETH-USD"}, {"trade_id": 667381750, "side": "sell", "size": "0.00048003", "price": "2990.06000000", "time": "2025-07-15T15:10:36.353753Z", "fetched_at": "2025-07-15T15:10:49.998407+00:00", "symbol": "ETH-USD"}, {"trade_id": 667381749, "side": "sell", "size": "0.00525187", "price": "2989.94000000", "time": "2025-07-15T15:10:35.958746Z", "fetched_at": "2025-07-15T15:10:49.998407+00:00", "symbol": "ETH-USD"}, {"trade_id": 667381748, "side": "buy", "size": "0.00018668", "price": "2989.72000000", "time": "2025-07-15T15:10:35.846655Z", "fetched_at": "2025-07-15T15:10:49.998407+00:00", "symbol": "ETH-USD"}, {"trade_id": 667381747, "side": "buy", "size": "0.26985725", "price": "2989.72000000", "time": "2025-07-15T15:10:35.663903Z", "fetched_at": "2025-07-15T15:10:49.998407+00:00", "symbol": "ETH-USD"}, {"trade_id": 667381746, "side": "buy", "size": "0.04720174", "price": "2989.72000000", "time": "2025-07-15T15:10:35.663903Z", "fetched_at": "2025-07-15T15:10:49.998407+00:00", "symbol": "ETH-USD"}, {"trade_id": 667381745, "side": "buy", "size": "0.01294101", "price": "2989.72000000", "time": "2025-07-15T15:10:35.663903Z", "fetched_at": "2025-07-15T15:10:49.998407+00:00", "symbol": "ETH-USD"}, {"trade_id": 667381744, "side": "sell", "size": "0.00010334", "price": "2989.59000000", "time": "2025-07-15T15:10:34.620552Z", "fetched_at": "2025-07-15T15:10:49.998407+00:00", "symbol": "ETH-USD"}, {"trade_id": 667381743, "side": "sell", "size": "0.00024002", "price": "2989.59000000", "time": "2025-07-15T15:10:34.620552Z", "fetched_at": "2025-07-15T15:10:49.998407+00:00", "symbol": "ETH-USD"}, {"trade_id": 667381742, "side": "sell", "size": "0.00005588", "price": "2989.59000000", "time": "2025-07-15T15:10:34.620552Z", "fetched_at": "2025-07-15T15:10:49.998407+00:00", "symbol": "ETH-USD"}, {"trade_id": 667381741, "side": "buy", "size": "0.01845592", "price": "2989.58000000", "time": "2025-07-15T15:10:34.414915Z", "fetched_at": "2025-07-15T15:10:49.998407+00:00", "symbol": "ETH-USD"}, {"trade_id": 667381740, "side": "buy", "size": "0.00100000", "price": "2989.58000000", "time": "2025-07-15T15:10:34.414915Z", "fetched_at": "2025-07-15T15:10:49.998407+00:00", "symbol": "ETH-USD"}, {"trade_id": 667381739, "side": "buy", "size": "0.00100000", "price": "2989.80000000", "time": "2025-07-15T15:10:34.000451Z", "fetched_at": "2025-07-15T15:10:49.998407+00:00", "symbol": "ETH-USD"}, {"trade_id": 667381738, "side": "buy", "size": "0.20024886", "price": "2989.90000000", "time": "2025-07-15T15:10:33.873063Z", "fetched_at": "2025-07-15T15:10:49.998407+00:00", "symbol": "ETH-USD"}, {"trade_id": 667381737, "side": "buy", "size": "0.02454498", "price": "2990.02000000", "time": "2025-07-15T15:10:33.867789Z", "fetched_at": "2025-07-15T15:10:49.998407+00:00", "symbol": "ETH-USD"}, {"trade_id": 667381736, "side": "buy", "size": "0.01746789", "price": "2990.02000000", "time": "2025-07-15T15:10:33.867789Z", "fetched_at": "2025-07-15T15:10:49.998407+00:00", "symbol": "ETH-USD"}, {"trade_id": 667381735, "side": "buy", "size": "0.23452371", "price": "2990.02000000", "time": "2025-07-15T15:10:33.745466Z", "fetched_at": "2025-07-15T15:10:49.998407+00:00", "symbol": "ETH-USD"}, {"trade_id": 667381734, "side": "buy", "size": "0.19761074", "price": "2990.02000000", "time": "2025-07-15T15:10:33.738916Z", "fetched_at": "2025-07-15T15:10:49.998407+00:00", "symbol": "ETH-USD"}, {"trade_id": 667381733, "side": "buy", "size": "0.00100000", "price": "2990.02000000", "time": "2025-07-15T15:10:33.738916Z", "fetched_at": "2025-07-15T15:10:49.998407+00:00", "symbol": "ETH-USD"}, {"trade_id": 667381732, "side": "buy", "size": "0.20313345", "price": "2990.02000000", "time": "2025-07-15T15:10:33.738916Z", "fetched_at": "2025-07-15T15:10:49.998407+00:00", "symbol": "ETH-USD"}, {"trade_id": 667381731, "side": "buy", "size": "0.19153518", "price": "2990.02000000", "time": "2025-07-15T15:10:33.737346Z", "fetched_at": "2025-07-15T15:10:49.998407+00:00", "symbol": "ETH-USD"}, {"trade_id": 667381730, "side": "buy", "size": "0.16658815", "price": "2990.02000000", "time": "2025-07-15T15:10:33.735223Z", "fetched_at": "2025-07-15T15:10:49.998407+00:00", "symbol": "ETH-USD"}, {"trade_id": 667381729, "side": "buy", "size": "0.33964260", "price": "2990.02000000", "time": "2025-07-15T15:10:33.345278Z", "fetched_at": "2025-07-15T15:10:49.998407+00:00", "symbol": "ETH-USD"}, {"trade_id": 667381728, "side": "buy", "size": "0.00866511", "price": "2990.15000000", "time": "2025-07-15T15:10:33.163701Z", "fetched_at": "2025-07-15T15:10:49.998407+00:00", "symbol": "ETH-USD"}, {"trade_id": 667381727, "side": "buy", "size": "0.00475226", "price": "2990.15000000", "time": "2025-07-15T15:10:33.163701Z", "fetched_at": "2025-07-15T15:10:49.998407+00:00", "symbol": "ETH-USD"}, {"trade_id": 667381726, "side": "buy", "size": "0.03588114", "price": "2990.15000000", "time": "2025-07-15T15:10:33.163701Z", "fetched_at": "2025-07-15T15:10:49.998407+00:00", "symbol": "ETH-USD"}, {"trade_id": 667381725, "side": "buy", "size": "0.19828671", "price": "2990.15000000", "time": "2025-07-15T15:10:33.163701Z", "fetched_at": "2025-07-15T15:10:49.998407+00:00", "symbol": "ETH-USD"}, {"trade_id": 667381724, "side": "buy", "size": "0.27630820", "price": "2990.15000000", "time": "2025-07-15T15:10:33.157221Z", "fetched_at": "2025-07-15T15:10:49.998407+00:00", "symbol": "ETH-USD"}, {"trade_id": 667381723, "side": "buy", "size": "0.00044813", "price": "2990.15000000", "time": "2025-07-15T15:10:33.157221Z", "fetched_at": "2025-07-15T15:10:49.998407+00:00", "symbol": "ETH-USD"}, {"trade_id": 667381722, "side": "buy", "size": "0.03403842", "price": "2990.15000000", "time": "2025-07-15T15:10:33.157221Z", "fetched_at": "2025-07-15T15:10:49.998407+00:00", "symbol": "ETH-USD"}, {"trade_id": 667381721, "side": "buy", "size": "0.05398056", "price": "2990.15000000", "time": "2025-07-15T15:10:33.157221Z", "fetched_at": "2025-07-15T15:10:49.998407+00:00", "symbol": "ETH-USD"}, {"trade_id": 667381720, "side": "buy", "size": "0.00126749", "price": "2990.15000000", "time": "2025-07-15T15:10:33.157221Z", "fetched_at": "2025-07-15T15:10:49.998407+00:00", "symbol": "ETH-USD"}, {"trade_id": 667381719, "side": "buy", "size": "0.39610053", "price": "2990.15000000", "time": "2025-07-15T15:10:33.157221Z", "fetched_at": "2025-07-15T15:10:49.998407+00:00", "symbol": "ETH-USD"}, {"trade_id": 667381718, "side": "buy", "size": "0.01330213", "price": "2990.15000000", "time": "2025-07-15T15:10:33.157221Z", "fetched_at": "2025-07-15T15:10:49.998407+00:00", "symbol": "ETH-USD"}, {"trade_id": 667381717, "side": "sell", "size": "0.03250016", "price": "2990.16000000", "time": "2025-07-15T15:10:32.181370Z", "fetched_at": "2025-07-15T15:10:49.998407+00:00", "symbol": "ETH-USD"}, {"trade_id": 667381716, "side": "sell", "size": "0.00697891", "price": "2990.16000000", "time": "2025-07-15T15:10:31.910725Z", "fetched_at": "2025-07-15T15:10:49.998407+00:00", "symbol": "ETH-USD"}, {"trade_id": 667381715, "side": "buy", "size": "0.01300000", "price": "2990.15000000", "time": "2025-07-15T15:10:31.158936Z", "fetched_at": "2025-07-15T15:10:49.998407+00:00", "symbol": "ETH-USD"}, {"trade_id": 667381714, "side": "sell", "size": "0.01268751", "price": "2990.16000000", "time": "2025-07-15T15:10:31.055246Z", "fetched_at": "2025-07-15T15:10:49.998407+00:00", "symbol": "ETH-USD"}, {"trade_id": 667381713, "side": "sell", "size": "0.09438654", "price": "2990.16000000", "time": "2025-07-15T15:10:31.054909Z", "fetched_at": "2025-07-15T15:10:49.998407+00:00", "symbol": "ETH-USD"}, {"trade_id": 667381712, "side": "sell", "size": "0.00308501", "price": "2990.16000000", "time": "2025-07-15T15:10:31.054909Z", "fetched_at": "2025-07-15T15:10:49.998407+00:00", "symbol": "ETH-USD"}, {"trade_id": 667381711, "side": "sell", "size": "0.00521053", "price": "2990.33000000", "time": "2025-07-15T15:10:31.016463Z", "fetched_at": "2025-07-15T15:10:49.998407+00:00", "symbol": "ETH-USD"}, {"trade_id": 667381710, "side": "sell", "size": "0.00291407", "price": "2990.16000000", "time": "2025-07-15T15:10:31.016463Z", "fetched_at": "2025-07-15T15:10:49.998407+00:00", "symbol": "ETH-USD"}, {"trade_id": 667381709, "side": "sell", "size": "0.00165547", "price": "2990.16000000", "time": "2025-07-15T15:10:30.652439Z", "fetched_at": "2025-07-15T15:10:49.998407+00:00", "symbol": "ETH-USD"}, {"trade_id": 667381708, "side": "buy", "size": "0.19802708", "price": "2990.50000000", "time": "2025-07-15T15:10:30.366559Z", "fetched_at": "2025-07-15T15:10:49.998407+00:00", "symbol": "ETH-USD"}, {"trade_id": 667381707, "side": "buy", "size": "0.03403444", "price": "2990.50000000", "time": "2025-07-15T15:10:30.366559Z", "fetched_at": "2025-07-15T15:10:49.998407+00:00", "symbol": "ETH-USD"}, {"trade_id": 667381706, "side": "sell", "size": "0.00283810", "price": "2990.50000000", "time": "2025-07-15T15:10:29.907273Z", "fetched_at": "2025-07-15T15:10:49.998407+00:00", "symbol": "ETH-USD"}, {"trade_id": 667381705, "side": "sell", "size": "0.00528517", "price": "2990.27000000", "time": "2025-07-15T15:10:29.907273Z", "fetched_at": "2025-07-15T15:10:49.998407+00:00", "symbol": "ETH-USD"}, {"trade_id": 667381704, "side": "sell", "size": "0.00248947", "price": "2990.16000000", "time": "2025-07-15T15:10:29.504707Z", "fetched_at": "2025-07-15T15:10:49.998407+00:00", "symbol": "ETH-USD"}, {"trade_id": 667381703, "side": "sell", "size": "0.00298702", "price": "2990.28000000", "time": "2025-07-15T15:10:29.470494Z", "fetched_at": "2025-07-15T15:10:49.998407+00:00", "symbol": "ETH-USD"}, {"trade_id": 667381702, "side": "sell", "size": "0.00513625", "price": "2990.16000000", "time": "2025-07-15T15:10:29.470494Z", "fetched_at": "2025-07-15T15:10:49.998407+00:00", "symbol": "ETH-USD"}, {"trade_id": 667381701, "side": "sell", "size": "0.00259101", "price": "2990.28000000", "time": "2025-07-15T15:10:29.371799Z", "fetched_at": "2025-07-15T15:10:49.998407+00:00", "symbol": "ETH-USD"}, {"trade_id": 667381700, "side": "sell", "size": "0.00533706", "price": "2990.16000000", "time": "2025-07-15T15:10:29.371799Z", "fetched_at": "2025-07-15T15:10:49.998407+00:00", "symbol": "ETH-USD"}, {"trade_id": 667381699, "side": "buy", "size": "0.08163894", "price": "2990.15000000", "time": "2025-07-15T15:10:29.123562Z", "fetched_at": "2025-07-15T15:10:49.998407+00:00", "symbol": "ETH-USD"}, {"trade_id": 667381698, "side": "buy", "size": "0.05339503", "price": "2990.54000000", "time": "2025-07-15T15:10:28.788592Z", "fetched_at": "2025-07-15T15:10:49.998407+00:00", "symbol": "ETH-USD"}, {"trade_id": 667381697, "side": "buy", "size": "0.79209774", "price": "2990.54000000", "time": "2025-07-15T15:10:28.788592Z", "fetched_at": "2025-07-15T15:10:49.998407+00:00", "symbol": "ETH-USD"}, {"trade_id": 667381696, "side": "sell", "size": "0.50072678", "price": "2990.71000000", "time": "2025-07-15T15:10:28.544916Z", "fetched_at": "2025-07-15T15:10:49.998407+00:00", "symbol": "ETH-USD"}, {"trade_id": 667381695, "side": "sell", "size": "0.00100000", "price": "2990.68000000", "time": "2025-07-15T15:10:28.544916Z", "fetched_at": "2025-07-15T15:10:49.998407+00:00", "symbol": "ETH-USD"}, {"trade_id": 667381694, "side": "sell", "size": "0.00533897", "price": "2990.55000000", "time": "2025-07-15T15:10:28.544916Z", "fetched_at": "2025-07-15T15:10:49.998407+00:00", "symbol": "ETH-USD"}, {"trade_id": 667381693, "side": "sell", "size": "0.00010334", "price": "2990.55000000", "time": "2025-07-15T15:10:28.544916Z", "fetched_at": "2025-07-15T15:10:49.998407+00:00", "symbol": "ETH-USD"}, {"trade_id": 667381692, "side": "sell", "size": "0.00025091", "price": "2990.55000000", "time": "2025-07-15T15:10:28.544916Z", "fetched_at": "2025-07-15T15:10:49.998407+00:00", "symbol": "ETH-USD"}, {"trade_id": 667381691, "side": "sell", "size": "0.00006827", "price": "2990.55000000", "time": "2025-07-15T15:10:28.544916Z", "fetched_at": "2025-07-15T15:10:49.998407+00:00", "symbol": "ETH-USD"}, {"trade_id": 667381690, "side": "sell", "size": "0.16720227", "price": "2990.39000000", "time": "2025-07-15T15:10:28.013670Z", "fetched_at": "2025-07-15T15:10:49.998407+00:00", "symbol": "ETH-USD"}, {"trade_id": 667381689, "side": "sell", "size": "0.00533897", "price": "2990.38000000", "time": "2025-07-15T15:10:28.013670Z", "fetched_at": "2025-07-15T15:10:49.998407+00:00", "symbol": "ETH-USD"}, {"trade_id": 667381688, "side": "sell", "size": "0.00331094", "price": "2990.03000000", "time": "2025-07-15T15:10:27.520091Z", "fetched_at": "2025-07-15T15:10:49.998407+00:00", "symbol": "ETH-USD"}, {"trade_id": 667381687, "side": "buy", "size": "0.01078014", "price": "2990.02000000", "time": "2025-07-15T15:10:27.505278Z", "fetched_at": "2025-07-15T15:10:49.998407+00:00", "symbol": "ETH-USD"}, {"trade_id": 667381686, "side": "buy", "size": "0.05105651", "price": "2990.02000000", "time": "2025-07-15T15:10:27.505278Z", "fetched_at": "2025-07-15T15:10:49.998407+00:00", "symbol": "ETH-USD"}, {"trade_id": 667381685, "side": "buy", "size": "0.00381162", "price": "2990.02000000", "time": "2025-07-15T15:10:27.505278Z", "fetched_at": "2025-07-15T15:10:49.998407+00:00", "symbol": "ETH-USD"}, {"trade_id": 667381684, "side": "buy", "size": "0.00251837", "price": "2990.02000000", "time": "2025-07-15T15:10:27.505278Z", "fetched_at": "2025-07-15T15:10:49.998407+00:00", "symbol": "ETH-USD"}, {"trade_id": 667381683, "side": "buy", "size": "0.26183336", "price": "2990.02000000", "time": "2025-07-15T15:10:27.505278Z", "fetched_at": "2025-07-15T15:10:49.998407+00:00", "symbol": "ETH-USD"}, {"trade_id": 667381682, "side": "buy", "size": "0.35000000", "price": "2990.02000000", "time": "2025-07-15T15:10:27.476191Z", "fetched_at": "2025-07-15T15:10:49.998407+00:00", "symbol": "ETH-USD"}, {"trade_id": 667381681, "side": "buy", "size": "0.24811406", "price": "2990.02000000", "time": "2025-07-15T15:10:27.452851Z", "fetched_at": "2025-07-15T15:10:49.998407+00:00", "symbol": "ETH-USD"}, {"trade_id": 667381680, "side": "buy", "size": "0.05088594", "price": "2990.02000000", "time": "2025-07-15T15:10:27.452851Z", "fetched_at": "2025-07-15T15:10:49.998407+00:00", "symbol": "ETH-USD"}, {"trade_id": 667381679, "side": "buy", "size": "0.00100000", "price": "2990.02000000", "time": "2025-07-15T15:10:27.452851Z", "fetched_at": "2025-07-15T15:10:49.998407+00:00", "symbol": "ETH-USD"}, {"trade_id": 667381678, "side": "sell", "size": "0.01163375", "price": "2990.18000000", "time": "2025-07-15T15:10:27.327012Z", "fetched_at": "2025-07-15T15:10:49.998407+00:00", "symbol": "ETH-USD"}, {"trade_id": 667381677, "side": "sell", "size": "0.00491954", "price": "2990.03000000", "time": "2025-07-15T15:10:27.327012Z", "fetched_at": "2025-07-15T15:10:49.998407+00:00", "symbol": "ETH-USD"}, {"trade_id": 667381676, "side": "sell", "size": "0.04409604", "price": "2990.33000000", "time": "2025-07-15T15:10:25.977865Z", "fetched_at": "2025-07-15T15:10:49.998407+00:00", "symbol": "ETH-USD"}, {"trade_id": 667381675, "side": "sell", "size": "0.04139218", "price": "2990.32000000", "time": "2025-07-15T15:10:25.977865Z", "fetched_at": "2025-07-15T15:10:49.998407+00:00", "symbol": "ETH-USD"}, {"trade_id": 667381674, "side": "sell", "size": "0.00373306", "price": "2990.03000000", "time": "2025-07-15T15:10:25.977865Z", "fetched_at": "2025-07-15T15:10:49.998407+00:00", "symbol": "ETH-USD"}, {"trade_id": 667381673, "side": "sell", "size": "0.01825680", "price": "2990.28000000", "time": "2025-07-15T15:10:25.326168Z", "fetched_at": "2025-07-15T15:10:49.998407+00:00", "symbol": "ETH-USD"}, {"trade_id": 667381672, "side": "sell", "size": "0.00474320", "price": "2990.03000000", "time": "2025-07-15T15:10:25.326168Z", "fetched_at": "2025-07-15T15:10:49.998407+00:00", "symbol": "ETH-USD"}, {"trade_id": 667381671, "side": "buy", "size": "0.03233358", "price": "2990.08000000", "time": "2025-07-15T15:10:24.818412Z", "fetched_at": "2025-07-15T15:10:49.998407+00:00", "symbol": "ETH-USD"}, {"trade_id": 667381670, "side": "buy", "size": "0.01949780", "price": "2990.08000000", "time": "2025-07-15T15:10:24.818412Z", "fetched_at": "2025-07-15T15:10:49.998407+00:00", "symbol": "ETH-USD"}, {"trade_id": 667381669, "side": "buy", "size": "0.01622364", "price": "2990.08000000", "time": "2025-07-15T15:10:24.818412Z", "fetched_at": "2025-07-15T15:10:49.998407+00:00", "symbol": "ETH-USD"}, {"trade_id": 667381668, "side": "buy", "size": "0.05375107", "price": "2990.08000000", "time": "2025-07-15T15:10:24.818412Z", "fetched_at": "2025-07-15T15:10:49.998407+00:00", "symbol": "ETH-USD"}, {"trade_id": 667381667, "side": "buy", "size": "0.18965713", "price": "2990.08000000", "time": "2025-07-15T15:10:24.818412Z", "fetched_at": "2025-07-15T15:10:49.998407+00:00", "symbol": "ETH-USD"}, {"trade_id": 667381666, "side": "buy", "size": "0.03237037", "price": "2990.08000000", "time": "2025-07-15T15:10:24.818412Z", "fetched_at": "2025-07-15T15:10:49.998407+00:00", "symbol": "ETH-USD"}, {"trade_id": 667381665, "side": "buy", "size": "0.37931426", "price": "2990.08000000", "time": "2025-07-15T15:10:24.818412Z", "fetched_at": "2025-07-15T15:10:49.998407+00:00", "symbol": "ETH-USD"}, {"trade_id": 667381664, "side": "buy", "size": "0.01946436", "price": "2990.08000000", "time": "2025-07-15T15:10:24.818412Z", "fetched_at": "2025-07-15T15:10:49.998407+00:00", "symbol": "ETH-USD"}, {"trade_id": 667381663, "side": "buy", "size": "0.01619020", "price": "2990.08000000", "time": "2025-07-15T15:10:24.818412Z", "fetched_at": "2025-07-15T15:10:49.998407+00:00", "symbol": "ETH-USD"}, {"trade_id": 667381662, "side": "buy", "size": "0.69351594", "price": "2990.08000000", "time": "2025-07-15T15:10:24.818412Z", "fetched_at": "2025-07-15T15:10:49.998407+00:00", "symbol": "ETH-USD"}, {"trade_id": 667381661, "side": "buy", "size": "0.06511259", "price": "2990.08000000", "time": "2025-07-15T15:10:24.818395Z", "fetched_at": "2025-07-15T15:10:49.998407+00:00", "symbol": "ETH-USD"}, {"trade_id": 667381660, "side": "buy", "size": "0.00000334", "price": "2990.08000000", "time": "2025-07-15T15:10:24.818395Z", "fetched_at": "2025-07-15T15:10:49.998407+00:00", "symbol": "ETH-USD"}, {"trade_id": 667381659, "side": "buy", "size": "0.01191606", "price": "2990.08000000", "time": "2025-07-15T15:10:24.818395Z", "fetched_at": "2025-07-15T15:10:49.998407+00:00", "symbol": "ETH-USD"}, {"trade_id": 667381658, "side": "buy", "size": "0.00000334", "price": "2990.08000000", "time": "2025-07-15T15:10:24.818395Z", "fetched_at": "2025-07-15T15:10:49.998407+00:00", "symbol": "ETH-USD"}, {"trade_id": 667381657, "side": "buy", "size": "0.00495304", "price": "2990.08000000", "time": "2025-07-15T15:10:24.818395Z", "fetched_at": "2025-07-15T15:10:49.998407+00:00", "symbol": "ETH-USD"}, {"trade_id": 667381656, "side": "buy", "size": "0.02739391", "price": "2990.08000000", "time": "2025-07-15T15:10:24.818395Z", "fetched_at": "2025-07-15T15:10:49.998407+00:00", "symbol": "ETH-USD"}, {"trade_id": 667381655, "side": "buy", "size": "0.00000668", "price": "2990.08000000", "time": "2025-07-15T15:10:24.818395Z", "fetched_at": "2025-07-15T15:10:49.998407+00:00", "symbol": "ETH-USD"}, {"trade_id": 667381654, "side": "buy", "size": "0.39023370", "price": "2990.08000000", "time": "2025-07-15T15:10:24.818395Z", "fetched_at": "2025-07-15T15:10:49.998407+00:00", "symbol": "ETH-USD"}, {"trade_id": 667381653, "side": "buy", "size": "0.01490930", "price": "2990.08000000", "time": "2025-07-15T15:10:24.818395Z", "fetched_at": "2025-07-15T15:10:49.998407+00:00", "symbol": "ETH-USD"}, {"trade_id": 667381652, "side": "buy", "size": "0.02148103", "price": "2990.08000000", "time": "2025-07-15T15:10:24.818395Z", "fetched_at": "2025-07-15T15:10:49.998407+00:00", "symbol": "ETH-USD"}, {"trade_id": 667381651, "side": "buy", "size": "0.22853110", "price": "2990.08000000", "time": "2025-07-15T15:10:24.818395Z", "fetched_at": "2025-07-15T15:10:49.998407+00:00", "symbol": "ETH-USD"}, {"trade_id": 667381650, "side": "buy", "size": "0.91279824", "price": "2990.08000000", "time": "2025-07-15T15:10:24.818239Z", "fetched_at": "2025-07-15T15:10:49.998407+00:00", "symbol": "ETH-USD"}, {"trade_id": 667381649, "side": "buy", "size": "0.94662776", "price": "2990.08000000", "time": "2025-07-15T15:10:24.818078Z", "fetched_at": "2025-07-15T15:10:49.998407+00:00", "symbol": "ETH-USD"}, {"trade_id": 667381648, "side": "sell", "size": "0.16062340", "price": "2990.09000000", "time": "2025-07-15T15:10:23.720145Z", "fetched_at": "2025-07-15T15:10:49.998407+00:00", "symbol": "ETH-USD"}, {"trade_id": 667381647, "side": "sell", "size": "0.00490170", "price": "2990.09000000", "time": "2025-07-15T15:10:23.720145Z", "fetched_at": "2025-07-15T15:10:49.998407+00:00", "symbol": "ETH-USD"}, {"trade_id": 667381646, "side": "buy", "size": "0.04012787", "price": "2990.08000000", "time": "2025-07-15T15:10:21.121332Z", "fetched_at": "2025-07-15T15:10:49.998407+00:00", "symbol": "ETH-USD"}, {"trade_id": 667381645, "side": "buy", "size": "0.31132510", "price": "2990.15000000", "time": "2025-07-15T15:10:20.513434Z", "fetched_at": "2025-07-15T15:10:49.998407+00:00", "symbol": "ETH-USD"}, {"trade_id": 667381644, "side": "buy", "size": "0.00542822", "price": "2990.16000000", "time": "2025-07-15T15:10:20.513434Z", "fetched_at": "2025-07-15T15:10:49.998407+00:00", "symbol": "ETH-USD"}, {"trade_id": 667381643, "side": "buy", "size": "0.00100000", "price": "2990.24000000", "time": "2025-07-15T15:10:20.513434Z", "fetched_at": "2025-07-15T15:10:49.998407+00:00", "symbol": "ETH-USD"}, {"trade_id": 667381642, "side": "buy", "size": "0.05374280", "price": "2990.54000000", "time": "2025-07-15T15:10:20.513434Z", "fetched_at": "2025-07-15T15:10:49.998407+00:00", "symbol": "ETH-USD"}, {"trade_id": 667381641, "side": "sell", "size": "0.83590089", "price": "2990.79000000", "time": "2025-07-15T15:10:18.752036Z", "fetched_at": "2025-07-15T15:10:49.998407+00:00", "symbol": "ETH-USD"}, {"trade_id": 667381640, "side": "sell", "size": "1.53061310", "price": "2990.77000000", "time": "2025-07-15T15:10:18.752036Z", "fetched_at": "2025-07-15T15:10:49.998407+00:00", "symbol": "ETH-USD"}, {"trade_id": 667381639, "side": "sell", "size": "0.00100000", "price": "2990.68000000", "time": "2025-07-15T15:10:18.750691Z", "fetched_at": "2025-07-15T15:10:49.998407+00:00", "symbol": "ETH-USD"}, {"trade_id": 667381638, "side": "sell", "size": "2.44401964", "price": "2990.68000000", "time": "2025-07-15T15:10:18.750691Z", "fetched_at": "2025-07-15T15:10:49.998407+00:00", "symbol": "ETH-USD"}, {"trade_id": 667381637, "side": "sell", "size": "0.00005922", "price": "2990.68000000", "time": "2025-07-15T15:10:18.750691Z", "fetched_at": "2025-07-15T15:10:49.998407+00:00", "symbol": "ETH-USD"}, {"trade_id": 667381636, "side": "sell", "size": "0.00025433", "price": "2990.68000000", "time": "2025-07-15T15:10:18.750691Z", "fetched_at": "2025-07-15T15:10:49.998407+00:00", "symbol": "ETH-USD"}, {"trade_id": 667381635, "side": "sell", "size": "2.39499066", "price": "2990.65000000", "time": "2025-07-15T15:10:18.750470Z", "fetched_at": "2025-07-15T15:10:49.998407+00:00", "symbol": "ETH-USD"}, {"trade_id": 667381634, "side": "sell", "size": "2.90419431", "price": "2990.64000000", "time": "2025-07-15T15:10:18.750470Z", "fetched_at": "2025-07-15T15:10:49.998407+00:00", "symbol": "ETH-USD"}, {"trade_id": 667381633, "side": "sell", "size": "0.00053799", "price": "2990.64000000", "time": "2025-07-15T15:10:18.750470Z", "fetched_at": "2025-07-15T15:10:49.998407+00:00", "symbol": "ETH-USD"}, {"trade_id": 667381632, "side": "sell", "size": "0.30000000", "price": "2990.58000000", "time": "2025-07-15T15:10:18.750443Z", "fetched_at": "2025-07-15T15:10:49.998407+00:00", "symbol": "ETH-USD"}, {"trade_id": 667381631, "side": "sell", "size": "0.16719254", "price": "2990.57000000", "time": "2025-07-15T15:10:18.750443Z", "fetched_at": "2025-07-15T15:10:49.998407+00:00", "symbol": "ETH-USD"}, {"trade_id": 667381630, "side": "sell", "size": "0.00470256", "price": "2990.56000000", "time": "2025-07-15T15:10:18.750443Z", "fetched_at": "2025-07-15T15:10:49.998407+00:00", "symbol": "ETH-USD"}, {"trade_id": 667381629, "side": "sell", "size": "0.83709065", "price": "2990.31000000", "time": "2025-07-15T15:10:18.747776Z", "fetched_at": "2025-07-15T15:10:49.998407+00:00", "symbol": "ETH-USD"}, {"trade_id": 667381628, "side": "buy", "size": "1.66000000", "price": "2990.08000000", "time": "2025-07-15T15:10:17.685681Z", "fetched_at": "2025-07-15T15:10:49.998407+00:00", "symbol": "ETH-USD"}, {"trade_id": 667381627, "side": "sell", "size": "0.02189505", "price": "2990.18000000", "time": "2025-07-15T15:10:17.092710Z", "fetched_at": "2025-07-15T15:10:49.998407+00:00", "symbol": "ETH-USD"}, {"trade_id": 667381626, "side": "sell", "size": "0.00440495", "price": "2990.09000000", "time": "2025-07-15T15:10:17.092710Z", "fetched_at": "2025-07-15T15:10:49.998407+00:00", "symbol": "ETH-USD"}, {"trade_id": 667381625, "side": "sell", "size": "0.02149560", "price": "2990.09000000", "time": "2025-07-15T15:10:16.387944Z", "fetched_at": "2025-07-15T15:10:49.998407+00:00", "symbol": "ETH-USD"}, {"trade_id": 667381624, "side": "sell", "size": "0.00010334", "price": "2990.09000000", "time": "2025-07-15T15:10:16.387944Z", "fetched_at": "2025-07-15T15:10:49.998407+00:00", "symbol": "ETH-USD"}, {"trade_id": 667381623, "side": "sell", "size": "0.00488927", "price": "2990.09000000", "time": "2025-07-15T15:10:16.387944Z", "fetched_at": "2025-07-15T15:10:49.998407+00:00", "symbol": "ETH-USD"}, {"trade_id": 667381622, "side": "buy", "size": "0.00090033", "price": "2990.08000000", "time": "2025-07-15T15:10:15.692844Z", "fetched_at": "2025-07-15T15:10:49.998407+00:00", "symbol": "ETH-USD"}, {"trade_id": 667381621, "side": "buy", "size": "2.00000000", "price": "2990.08000000", "time": "2025-07-15T15:10:15.675385Z", "fetched_at": "2025-07-15T15:10:49.998407+00:00", "symbol": "ETH-USD"}, {"trade_id": 667381620, "side": "sell", "size": "0.00460909", "price": "2990.09000000", "time": "2025-07-15T15:10:14.748658Z", "fetched_at": "2025-07-15T15:10:49.998407+00:00", "symbol": "ETH-USD"}, {"trade_id": 667381619, "side": "sell", "size": "0.02538471", "price": "2990.58000000", "time": "2025-07-15T15:10:13.884231Z", "fetched_at": "2025-07-15T15:10:49.998407+00:00", "symbol": "ETH-USD"}, {"trade_id": 667381618, "side": "sell", "size": "0.00444188", "price": "2990.09000000", "time": "2025-07-15T15:10:13.884231Z", "fetched_at": "2025-07-15T15:10:49.998407+00:00", "symbol": "ETH-USD"}, {"trade_id": 667381617, "side": "sell", "size": "0.00016721", "price": "2990.09000000", "time": "2025-07-15T15:10:13.876767Z", "fetched_at": "2025-07-15T15:10:49.998407+00:00", "symbol": "ETH-USD"}, {"trade_id": 667381616, "side": "buy", "size": "0.02211496", "price": "2990.08000000", "time": "2025-07-15T15:10:12.877570Z", "fetched_at": "2025-07-15T15:10:49.998407+00:00", "symbol": "ETH-USD"}, {"trade_id": 667381615, "side": "buy", "size": "0.03576779", "price": "2990.12000000", "time": "2025-07-15T15:10:12.877570Z", "fetched_at": "2025-07-15T15:10:49.998407+00:00", "symbol": "ETH-USD"}, {"trade_id": 667381614, "side": "buy", "size": "0.02309271", "price": "2990.12000000", "time": "2025-07-15T15:10:12.877570Z", "fetched_at": "2025-07-15T15:10:49.998407+00:00", "symbol": "ETH-USD"}, {"trade_id": 667381613, "side": "buy", "size": "0.00603320", "price": "2990.12000000", "time": "2025-07-15T15:10:12.877570Z", "fetched_at": "2025-07-15T15:10:49.998407+00:00", "symbol": "ETH-USD"}, {"trade_id": 667381612, "side": "buy", "size": "0.53267575", "price": "2990.15000000", "time": "2025-07-15T15:10:12.877570Z", "fetched_at": "2025-07-15T15:10:49.998407+00:00", "symbol": "ETH-USD"}, {"trade_id": 667381611, "side": "buy", "size": "0.04109158", "price": "2990.15000000", "time": "2025-07-15T15:10:12.877570Z", "fetched_at": "2025-07-15T15:10:49.998407+00:00", "symbol": "ETH-USD"}, {"trade_id": 667381610, "side": "sell", "size": "0.18722400", "price": "2990.67000000", "time": "2025-07-15T15:10:12.697870Z", "fetched_at": "2025-07-15T15:10:49.998407+00:00", "symbol": "ETH-USD"}, {"trade_id": 667381609, "side": "sell", "size": "0.37954483", "price": "2990.64000000", "time": "2025-07-15T15:10:12.697870Z", "fetched_at": "2025-07-15T15:10:49.998407+00:00", "symbol": "ETH-USD"}, {"trade_id": 667381608, "side": "sell", "size": "0.09368432", "price": "2990.63000000", "time": "2025-07-15T15:10:12.697870Z", "fetched_at": "2025-07-15T15:10:49.998407+00:00", "symbol": "ETH-USD"}, {"trade_id": 667381607, "side": "sell", "size": "0.00189986", "price": "2990.13000000", "time": "2025-07-15T15:10:12.697870Z", "fetched_at": "2025-07-15T15:10:49.998407+00:00", "symbol": "ETH-USD"}, {"trade_id": 667381606, "side": "buy", "size": "0.35459554", "price": "2990.46000000", "time": "2025-07-15T15:10:12.344195Z", "fetched_at": "2025-07-15T15:10:49.998407+00:00", "symbol": "ETH-USD"}, {"trade_id": 667381605, "side": "buy", "size": "0.15811182", "price": "2990.46000000", "time": "2025-07-15T15:10:12.343413Z", "fetched_at": "2025-07-15T15:10:49.998407+00:00", "symbol": "ETH-USD"}, {"trade_id": 667381604, "side": "buy", "size": "0.26763078", "price": "2990.46000000", "time": "2025-07-15T15:10:12.341940Z", "fetched_at": "2025-07-15T15:10:49.998407+00:00", "symbol": "ETH-USD"}, {"trade_id": 667381603, "side": "buy", "size": "0.09339313", "price": "2990.46000000", "time": "2025-07-15T15:10:12.341940Z", "fetched_at": "2025-07-15T15:10:49.998407+00:00", "symbol": "ETH-USD"}, {"trade_id": 667381602, "side": "sell", "size": "0.05361232", "price": "2990.47000000", "time": "2025-07-15T15:10:12.335414Z", "fetched_at": "2025-07-15T15:10:49.998407+00:00", "symbol": "ETH-USD"}, {"trade_id": 667381601, "side": "sell", "size": "0.10000000", "price": "2990.47000000", "time": "2025-07-15T15:10:12.335414Z", "fetched_at": "2025-07-15T15:10:49.998407+00:00", "symbol": "ETH-USD"}, {"trade_id": 667381600, "side": "sell", "size": "0.00073866", "price": "2990.47000000", "time": "2025-07-15T15:10:12.335414Z", "fetched_at": "2025-07-15T15:10:49.998407+00:00", "symbol": "ETH-USD"}, {"trade_id": 667381599, "side": "buy", "size": "0.00906936", "price": "2990.46000000", "time": "2025-07-15T15:10:12.156225Z", "fetched_at": "2025-07-15T15:10:49.998407+00:00", "symbol": "ETH-USD"}, {"trade_id": 667381598, "side": "buy", "size": "0.00754064", "price": "2990.46000000", "time": "2025-07-15T15:10:12.156225Z", "fetched_at": "2025-07-15T15:10:49.998407+00:00", "symbol": "ETH-USD"}, {"trade_id": 667381597, "side": "buy", "size": "0.00000375", "price": "2990.67000000", "time": "2025-07-15T15:10:12.141954Z", "fetched_at": "2025-07-15T15:10:49.998407+00:00", "symbol": "ETH-USD"}, {"trade_id": 667381596, "side": "buy", "size": "0.01621000", "price": "2990.67000000", "time": "2025-07-15T15:10:12.140911Z", "fetched_at": "2025-07-15T15:10:49.998407+00:00", "symbol": "ETH-USD"}, {"trade_id": 667381595, "side": "buy", "size": "0.00001756", "price": "2990.67000000", "time": "2025-07-15T15:10:12.130788Z", "fetched_at": "2025-07-15T15:10:49.998407+00:00", "symbol": "ETH-USD"}, {"trade_id": 667381594, "side": "buy", "size": "0.01279227", "price": "2990.67000000", "time": "2025-07-15T15:10:12.120376Z", "fetched_at": "2025-07-15T15:10:49.998407+00:00", "symbol": "ETH-USD"}, {"trade_id": 667381593, "side": "buy", "size": "0.00001773", "price": "2990.67000000", "time": "2025-07-15T15:10:12.120376Z", "fetched_at": "2025-07-15T15:10:49.998407+00:00", "symbol": "ETH-USD"}, {"trade_id": 667381592, "side": "buy", "size": "0.03574014", "price": "2990.67000000", "time": "2025-07-15T15:10:11.498480Z", "fetched_at": "2025-07-15T15:10:49.998407+00:00", "symbol": "ETH-USD"}, {"trade_id": 667381591, "side": "buy", "size": "0.01281986", "price": "2990.67000000", "time": "2025-07-15T15:10:11.498480Z", "fetched_at": "2025-07-15T15:10:49.998407+00:00", "symbol": "ETH-USD"}, {"trade_id": 667381590, "side": "buy", "size": "0.08079271", "price": "2990.74000000", "time": "2025-07-15T15:10:11.391351Z", "fetched_at": "2025-07-15T15:10:49.998407+00:00", "symbol": "ETH-USD"}, {"trade_id": 667381589, "side": "sell", "size": "0.01285885", "price": "2991.06000000", "time": "2025-07-15T15:10:10.905224Z", "fetched_at": "2025-07-15T15:10:49.998407+00:00", "symbol": "ETH-USD"}, {"trade_id": 667381588, "side": "sell", "size": "0.00141465", "price": "2990.90000000", "time": "2025-07-15T15:10:10.905224Z", "fetched_at": "2025-07-15T15:10:49.998407+00:00", "symbol": "ETH-USD"}, {"trade_id": 667381587, "side": "sell", "size": "0.09658535", "price": "2991.05000000", "time": "2025-07-15T15:10:10.850518Z", "fetched_at": "2025-07-15T15:10:49.998407+00:00", "symbol": "ETH-USD"}, {"trade_id": 667381586, "side": "sell", "size": "0.00100000", "price": "2990.90000000", "time": "2025-07-15T15:10:10.850518Z", "fetched_at": "2025-07-15T15:10:49.998407+00:00", "symbol": "ETH-USD"}, {"trade_id": 667381585, "side": "sell", "size": "0.00141465", "price": "2990.68000000", "time": "2025-07-15T15:10:10.850518Z", "fetched_at": "2025-07-15T15:10:49.998407+00:00", "symbol": "ETH-USD"}, {"trade_id": 667381584, "side": "sell", "size": "0.00100000", "price": "2990.68000000", "time": "2025-07-15T15:10:10.850518Z", "fetched_at": "2025-07-15T15:10:49.998407+00:00", "symbol": "ETH-USD"}, {"trade_id": 667381583, "side": "sell", "size": "0.00265915", "price": "2990.62000000", "time": "2025-07-15T15:10:10.240688Z", "fetched_at": "2025-07-15T15:10:49.998407+00:00", "symbol": "ETH-USD"}, {"trade_id": 667381582, "side": "sell", "size": "0.00011625", "price": "2990.62000000", "time": "2025-07-15T15:10:10.240688Z", "fetched_at": "2025-07-15T15:10:49.998407+00:00", "symbol": "ETH-USD"}, {"trade_id": 667381581, "side": "sell", "size": "0.00265915", "price": "2990.47000000", "time": "2025-07-15T15:10:10.168408Z", "fetched_at": "2025-07-15T15:10:49.998407+00:00", "symbol": "ETH-USD"}, {"trade_id": 667381580, "side": "buy", "size": "0.01351000", "price": "2990.43000000", "time": "2025-07-15T15:10:09.692221Z", "fetched_at": "2025-07-15T15:10:49.998407+00:00", "symbol": "ETH-USD"}, {"trade_id": 667381579, "side": "buy", "size": "0.08649000", "price": "2990.45000000", "time": "2025-07-15T15:10:09.692221Z", "fetched_at": "2025-07-15T15:10:49.998407+00:00", "symbol": "ETH-USD"}, {"trade_id": 667381578, "side": "sell", "size": "0.00316991", "price": "2990.09000000", "time": "2025-07-15T15:10:08.384820Z", "fetched_at": "2025-07-15T15:10:49.998407+00:00", "symbol": "ETH-USD"}, {"trade_id": 667381577, "side": "buy", "size": "0.86096202", "price": "2990.08000000", "time": "2025-07-15T15:10:08.325071Z", "fetched_at": "2025-07-15T15:10:49.998407+00:00", "symbol": "ETH-USD"}, {"trade_id": 667381576, "side": "buy", "size": "0.06926650", "price": "2990.19000000", "time": "2025-07-15T15:10:08.325071Z", "fetched_at": "2025-07-15T15:10:49.998407+00:00", "symbol": "ETH-USD"}, {"trade_id": 667381575, "side": "buy", "size": "0.00917667", "price": "2990.19000000", "time": "2025-07-15T15:10:08.325071Z", "fetched_at": "2025-07-15T15:10:49.998407+00:00", "symbol": "ETH-USD"}, {"trade_id": 667381574, "side": "buy", "size": "0.06059481", "price": "2990.19000000", "time": "2025-07-15T15:10:08.325071Z", "fetched_at": "2025-07-15T15:10:49.998407+00:00", "symbol": "ETH-USD"}, {"trade_id": 667381573, "side": "sell", "size": "0.00165551", "price": "2990.20000000", "time": "2025-07-15T15:10:08.313712Z", "fetched_at": "2025-07-15T15:10:49.998407+00:00", "symbol": "ETH-USD"}, {"trade_id": 667381572, "side": "sell", "size": "0.00559554", "price": "2990.21000000", "time": "2025-07-15T15:10:08.132207Z", "fetched_at": "2025-07-15T15:10:49.998407+00:00", "symbol": "ETH-USD"}, {"trade_id": 667381571, "side": "sell", "size": "0.00252756", "price": "2990.20000000", "time": "2025-07-15T15:10:08.132207Z", "fetched_at": "2025-07-15T15:10:49.998407+00:00", "symbol": "ETH-USD"}, {"trade_id": 667381570, "side": "sell", "size": "0.00740421", "price": "2990.40000000", "time": "2025-07-15T15:10:08.009690Z", "fetched_at": "2025-07-15T15:10:49.998407+00:00", "symbol": "ETH-USD"}, {"trade_id": 667381569, "side": "sell", "size": "0.00252756", "price": "2990.20000000", "time": "2025-07-15T15:10:08.009690Z", "fetched_at": "2025-07-15T15:10:49.998407+00:00", "symbol": "ETH-USD"}, {"trade_id": 667381568, "side": "buy", "size": "0.01995164", "price": "2990.23000000", "time": "2025-07-15T15:10:07.906749Z", "fetched_at": "2025-07-15T15:10:49.998407+00:00", "symbol": "ETH-USD"}, {"trade_id": 667381567, "side": "buy", "size": "0.62334669", "price": "2990.23000000", "time": "2025-07-15T15:10:07.906749Z", "fetched_at": "2025-07-15T15:10:49.998407+00:00", "symbol": "ETH-USD"}, {"trade_id": 667381566, "side": "buy", "size": "0.01376482", "price": "2990.23000000", "time": "2025-07-15T15:10:07.906749Z", "fetched_at": "2025-07-15T15:10:49.998407+00:00", "symbol": "ETH-USD"}, {"trade_id": 667381565, "side": "buy", "size": "0.06276893", "price": "2990.26000000", "time": "2025-07-15T15:10:07.896309Z", "fetched_at": "2025-07-15T15:10:49.998407+00:00", "symbol": "ETH-USD"}, {"trade_id": 667381564, "side": "buy", "size": "0.00088827", "price": "2990.31000000", "time": "2025-07-15T15:10:07.885405Z", "fetched_at": "2025-07-15T15:10:49.998407+00:00", "symbol": "ETH-USD"}, {"trade_id": 667381563, "side": "buy", "size": "0.20461449", "price": "2990.31000000", "time": "2025-07-15T15:10:07.885405Z", "fetched_at": "2025-07-15T15:10:49.998407+00:00", "symbol": "ETH-USD"}, {"trade_id": 667381562, "side": "buy", "size": "0.00316664", "price": "2990.31000000", "time": "2025-07-15T15:10:07.773630Z", "fetched_at": "2025-07-15T15:10:49.998407+00:00", "symbol": "ETH-USD"}, {"trade_id": 667381561, "side": "buy", "size": "0.03221642", "price": "2990.40000000", "time": "2025-07-15T15:10:07.697113Z", "fetched_at": "2025-07-15T15:10:49.998407+00:00", "symbol": "ETH-USD"}, {"trade_id": 667381560, "side": "buy", "size": "0.00444756", "price": "2990.40000000", "time": "2025-07-15T15:10:07.697113Z", "fetched_at": "2025-07-15T15:10:49.998407+00:00", "symbol": "ETH-USD"}, {"trade_id": 667381559, "side": "sell", "size": "0.12042442", "price": "2990.58000000", "time": "2025-07-15T15:10:06.821486Z", "fetched_at": "2025-07-15T15:10:49.998407+00:00", "symbol": "ETH-USD"}, {"trade_id": 667381558, "side": "sell", "size": "0.00509036", "price": "2990.46000000", "time": "2025-07-15T15:10:06.821486Z", "fetched_at": "2025-07-15T15:10:49.998407+00:00", "symbol": "ETH-USD"}, {"trade_id": 667381557, "side": "sell", "size": "0.00021478", "price": "2990.46000000", "time": "2025-07-15T15:10:06.821486Z", "fetched_at": "2025-07-15T15:10:49.998407+00:00", "symbol": "ETH-USD"}, {"trade_id": 667381556, "side": "sell", "size": "0.00004016", "price": "2990.46000000", "time": "2025-07-15T15:10:06.821486Z", "fetched_at": "2025-07-15T15:10:49.998407+00:00", "symbol": "ETH-USD"}, {"trade_id": 667381555, "side": "sell", "size": "0.00100000", "price": "2990.46000000", "time": "2025-07-15T15:10:06.821486Z", "fetched_at": "2025-07-15T15:10:49.998407+00:00", "symbol": "ETH-USD"}, {"trade_id": 667381554, "side": "sell", "size": "0.00522622", "price": "2990.24000000", "time": "2025-07-15T15:10:06.689632Z", "fetched_at": "2025-07-15T15:10:49.998407+00:00", "symbol": "ETH-USD"}, {"trade_id": 667381553, "side": "sell", "size": "0.00024003", "price": "2990.24000000", "time": "2025-07-15T15:10:06.689632Z", "fetched_at": "2025-07-15T15:10:49.998407+00:00", "symbol": "ETH-USD"}, {"trade_id": 667381552, "side": "sell", "size": "0.00010303", "price": "2990.24000000", "time": "2025-07-15T15:10:06.689632Z", "fetched_at": "2025-07-15T15:10:49.998407+00:00", "symbol": "ETH-USD"}, {"trade_id": 667381551, "side": "sell", "size": "0.00100000", "price": "2990.24000000", "time": "2025-07-15T15:10:06.689632Z", "fetched_at": "2025-07-15T15:10:49.998407+00:00", "symbol": "ETH-USD"}, {"trade_id": 667381550, "side": "buy", "size": "0.59205131", "price": "2990.23000000", "time": "2025-07-15T15:10:06.549889Z", "fetched_at": "2025-07-15T15:10:49.998407+00:00", "symbol": "ETH-USD"}, {"trade_id": 667381549, "side": "buy", "size": "0.00667520", "price": "2990.23000000", "time": "2025-07-15T15:10:06.549889Z", "fetched_at": "2025-07-15T15:10:49.998407+00:00", "symbol": "ETH-USD"}, {"trade_id": 667381548, "side": "buy", "size": "0.00805276", "price": "2990.23000000", "time": "2025-07-15T15:10:06.204994Z", "fetched_at": "2025-07-15T15:10:49.998407+00:00", "symbol": "ETH-USD"}, {"trade_id": 667381547, "side": "sell", "size": "0.00524494", "price": "2990.20000000", "time": "2025-07-15T15:10:05.204530Z", "fetched_at": "2025-07-15T15:10:49.998407+00:00", "symbol": "ETH-USD"}, {"trade_id": 667381546, "side": "sell", "size": "0.00100000", "price": "2990.02000000", "time": "2025-07-15T15:10:05.022172Z", "fetched_at": "2025-07-15T15:10:49.998407+00:00", "symbol": "ETH-USD"}, {"trade_id": 667381545, "side": "sell", "size": "0.39503515", "price": "2990.01000000", "time": "2025-07-15T15:10:05.022172Z", "fetched_at": "2025-07-15T15:10:49.998407+00:00", "symbol": "ETH-USD"}, {"trade_id": 667381544, "side": "sell", "size": "0.00524494", "price": "2989.82000000", "time": "2025-07-15T15:10:05.018079Z", "fetched_at": "2025-07-15T15:10:49.998407+00:00", "symbol": "ETH-USD"}, {"trade_id": 667381543, "side": "sell", "size": "0.00053804", "price": "2989.82000000", "time": "2025-07-15T15:10:05.018079Z", "fetched_at": "2025-07-15T15:10:49.998407+00:00", "symbol": "ETH-USD"}, {"trade_id": 667381542, "side": "buy", "size": "0.00429388", "price": "2989.27000000", "time": "2025-07-15T15:10:04.444308Z", "fetched_at": "2025-07-15T15:10:49.998407+00:00", "symbol": "ETH-USD"}, {"trade_id": 667381541, "side": "sell", "size": "0.00013809", "price": "2989.14000000", "time": "2025-07-15T15:10:04.426311Z", "fetched_at": "2025-07-15T15:10:49.998407+00:00", "symbol": "ETH-USD"}, {"trade_id": 667381540, "side": "sell", "size": "0.00100000", "price": "2989.14000000", "time": "2025-07-15T15:10:04.426311Z", "fetched_at": "2025-07-15T15:10:49.998407+00:00", "symbol": "ETH-USD"}, {"trade_id": 667381539, "side": "sell", "size": "0.00520143", "price": "2988.80000000", "time": "2025-07-15T15:10:04.297038Z", "fetched_at": "2025-07-15T15:10:49.998407+00:00", "symbol": "ETH-USD"}, {"trade_id": 667381538, "side": "sell", "size": "0.00005568", "price": "2988.80000000", "time": "2025-07-15T15:10:04.297038Z", "fetched_at": "2025-07-15T15:10:49.998407+00:00", "symbol": "ETH-USD"}, {"trade_id": 667381537, "side": "sell", "size": "0.00024001", "price": "2988.80000000", "time": "2025-07-15T15:10:04.297038Z", "fetched_at": "2025-07-15T15:10:49.998407+00:00", "symbol": "ETH-USD"}, {"trade_id": 667381536, "side": "sell", "size": "0.00005589", "price": "2988.80000000", "time": "2025-07-15T15:10:04.297038Z", "fetched_at": "2025-07-15T15:10:49.998407+00:00", "symbol": "ETH-USD"}, {"trade_id": 667381535, "side": "sell", "size": "0.01300767", "price": "2988.75000000", "time": "2025-07-15T15:10:03.789436Z", "fetched_at": "2025-07-15T15:10:49.998407+00:00", "symbol": "ETH-USD"}, {"trade_id": 667381534, "side": "sell", "size": "0.00524901", "price": "2988.38000000", "time": "2025-07-15T15:10:03.789436Z", "fetched_at": "2025-07-15T15:10:49.998407+00:00", "symbol": "ETH-USD"}, {"trade_id": 667381533, "side": "buy", "size": "0.17401760", "price": "2988.34000000", "time": "2025-07-15T15:10:03.501618Z", "fetched_at": "2025-07-15T15:10:49.998407+00:00", "symbol": "ETH-USD"}, {"trade_id": 667381532, "side": "buy", "size": "0.00334630", "price": "2988.37000000", "time": "2025-07-15T15:10:03.501618Z", "fetched_at": "2025-07-15T15:10:49.998407+00:00", "symbol": "ETH-USD"}, {"trade_id": 667381531, "side": "buy", "size": "0.97200000", "price": "2988.38000000", "time": "2025-07-15T15:10:03.501618Z", "fetched_at": "2025-07-15T15:10:49.998407+00:00", "symbol": "ETH-USD"}, {"trade_id": 667381530, "side": "buy", "size": "0.36385660", "price": "2988.43000000", "time": "2025-07-15T15:10:03.501618Z", "fetched_at": "2025-07-15T15:10:49.998407+00:00", "symbol": "ETH-USD"}, {"trade_id": 667381529, "side": "buy", "size": "0.57628286", "price": "2988.51000000", "time": "2025-07-15T15:10:03.501618Z", "fetched_at": "2025-07-15T15:10:49.998407+00:00", "symbol": "ETH-USD"}, {"trade_id": 667381528, "side": "buy", "size": "0.02948015", "price": "2988.79000000", "time": "2025-07-15T15:10:03.501618Z", "fetched_at": "2025-07-15T15:10:49.998407+00:00", "symbol": "ETH-USD"}, {"trade_id": 667381527, "side": "buy", "size": "0.00002007", "price": "2988.79000000", "time": "2025-07-15T15:10:03.501618Z", "fetched_at": "2025-07-15T15:10:49.998407+00:00", "symbol": "ETH-USD"}, {"trade_id": 667381526, "side": "buy", "size": "0.02563913", "price": "2988.79000000", "time": "2025-07-15T15:10:03.501618Z", "fetched_at": "2025-07-15T15:10:49.998407+00:00", "symbol": "ETH-USD"}, {"trade_id": 667381525, "side": "buy", "size": "0.14051985", "price": "2988.79000000", "time": "2025-07-15T15:10:02.553958Z", "fetched_at": "2025-07-15T15:10:49.998407+00:00", "symbol": "ETH-USD"}, {"trade_id": 667381524, "side": "buy", "size": "0.02948015", "price": "2988.79000000", "time": "2025-07-15T15:10:02.553958Z", "fetched_at": "2025-07-15T15:10:49.998407+00:00", "symbol": "ETH-USD"}, {"trade_id": 667381523, "side": "buy", "size": "0.00752483", "price": "2989.04000000", "time": "2025-07-15T15:10:02.482683Z", "fetched_at": "2025-07-15T15:10:49.998407+00:00", "symbol": "ETH-USD"}, {"trade_id": 667381522, "side": "buy", "size": "0.00740973", "price": "2989.04000000", "time": "2025-07-15T15:10:02.482677Z", "fetched_at": "2025-07-15T15:10:49.998407+00:00", "symbol": "ETH-USD"}, {"trade_id": 667381521, "side": "buy", "size": "0.00920027", "price": "2989.04000000", "time": "2025-07-15T15:10:02.482677Z", "fetched_at": "2025-07-15T15:10:49.998407+00:00", "symbol": "ETH-USD"}, {"trade_id": 667381520, "side": "buy", "size": "0.33906884", "price": "2988.43000000", "time": "2025-07-15T15:10:01.097443Z", "fetched_at": "2025-07-15T15:10:49.998407+00:00", "symbol": "ETH-USD"}, {"trade_id": 667381519, "side": "buy", "size": "0.74010000", "price": "2988.47000000", "time": "2025-07-15T15:10:01.097443Z", "fetched_at": "2025-07-15T15:10:49.998407+00:00", "symbol": "ETH-USD"}, {"trade_id": 667381518, "side": "buy", "size": "0.00100000", "price": "2988.48000000", "time": "2025-07-15T15:10:01.097443Z", "fetched_at": "2025-07-15T15:10:49.998407+00:00", "symbol": "ETH-USD"}, {"trade_id": 667381517, "side": "buy", "size": "0.00171086", "price": "2988.63000000", "time": "2025-07-15T15:10:01.097443Z", "fetched_at": "2025-07-15T15:10:49.998407+00:00", "symbol": "ETH-USD"}, {"trade_id": 667381516, "side": "buy", "size": "0.00100000", "price": "2988.70000000", "time": "2025-07-15T15:10:01.097443Z", "fetched_at": "2025-07-15T15:10:49.998407+00:00", "symbol": "ETH-USD"}, {"trade_id": 667381515, "side": "buy", "size": "0.09270723", "price": "2988.71000000", "time": "2025-07-15T15:10:01.097443Z", "fetched_at": "2025-07-15T15:10:49.998407+00:00", "symbol": "ETH-USD"}, {"trade_id": 667381514, "side": "buy", "size": "0.56696841", "price": "2988.88000000", "time": "2025-07-15T15:10:01.097443Z", "fetched_at": "2025-07-15T15:10:49.998407+00:00", "symbol": "ETH-USD"}, {"trade_id": 667381513, "side": "buy", "size": "0.00347372", "price": "2988.89000000", "time": "2025-07-15T15:10:01.097443Z", "fetched_at": "2025-07-15T15:10:49.998407+00:00", "symbol": "ETH-USD"}, {"trade_id": 667381512, "side": "buy", "size": "0.00100000", "price": "2988.92000000", "time": "2025-07-15T15:10:01.097443Z", "fetched_at": "2025-07-15T15:10:49.998407+00:00", "symbol": "ETH-USD"}, {"trade_id": 667381511, "side": "buy", "size": "0.00100000", "price": "2989.14000000", "time": "2025-07-15T15:10:01.097443Z", "fetched_at": "2025-07-15T15:10:49.998407+00:00", "symbol": "ETH-USD"}, {"trade_id": 667381510, "side": "buy", "size": "0.01493296", "price": "2989.36000000", "time": "2025-07-15T15:10:01.088954Z", "fetched_at": "2025-07-15T15:10:49.998407+00:00", "symbol": "ETH-USD"}, {"trade_id": 667381509, "side": "buy", "size": "0.00001003", "price": "2989.36000000", "time": "2025-07-15T15:10:01.077058Z", "fetched_at": "2025-07-15T15:10:49.998407+00:00", "symbol": "ETH-USD"}, {"trade_id": 667381508, "side": "buy", "size": "0.00100000", "price": "2989.36000000", "time": "2025-07-15T15:10:01.077058Z", "fetched_at": "2025-07-15T15:10:49.998407+00:00", "symbol": "ETH-USD"}, {"trade_id": 667381507, "side": "buy", "size": "0.00100000", "price": "2989.58000000", "time": "2025-07-15T15:10:00.897983Z", "fetched_at": "2025-07-15T15:10:49.998407+00:00", "symbol": "ETH-USD"}, {"trade_id": 667381506, "side": "buy", "size": "0.00003344", "price": "2989.80000000", "time": "2025-07-15T15:10:00.884138Z", "fetched_at": "2025-07-15T15:10:49.998407+00:00", "symbol": "ETH-USD"}, {"trade_id": 667381505, "side": "buy", "size": "0.00100000", "price": "2989.80000000", "time": "2025-07-15T15:10:00.884138Z", "fetched_at": "2025-07-15T15:10:49.998407+00:00", "symbol": "ETH-USD"}, {"trade_id": 667381504, "side": "buy", "size": "0.00334463", "price": "2989.86000000", "time": "2025-07-15T15:10:00.560765Z", "fetched_at": "2025-07-15T15:10:49.998407+00:00", "symbol": "ETH-USD"}, {"trade_id": 667381503, "side": "buy", "size": "0.00000334", "price": "2990.00000000", "time": "2025-07-15T15:10:00.549728Z", "fetched_at": "2025-07-15T15:10:49.998407+00:00", "symbol": "ETH-USD"}, {"trade_id": 667381502, "side": "buy", "size": "0.01189966", "price": "2990.00000000", "time": "2025-07-15T15:10:00.549728Z", "fetched_at": "2025-07-15T15:10:49.998407+00:00", "symbol": "ETH-USD"}, {"trade_id": 667381501, "side": "buy", "size": "0.09157859", "price": "2990.00000000", "time": "2025-07-15T15:10:00.549728Z", "fetched_at": "2025-07-15T15:10:49.998407+00:00", "symbol": "ETH-USD"}, {"trade_id": 667381500, "side": "buy", "size": "0.04822408", "price": "2990.00000000", "time": "2025-07-15T15:10:00.549728Z", "fetched_at": "2025-07-15T15:10:49.998407+00:00", "symbol": "ETH-USD"}, {"trade_id": 667381499, "side": "buy", "size": "0.00039872", "price": "2990.00000000", "time": "2025-07-15T15:10:00.549728Z", "fetched_at": "2025-07-15T15:10:49.998407+00:00", "symbol": "ETH-USD"}, {"trade_id": 667381498, "side": "buy", "size": "2.04614301", "price": "2990.00000000", "time": "2025-07-15T15:10:00.549728Z", "fetched_at": "2025-07-15T15:10:49.998407+00:00", "symbol": "ETH-USD"}, {"trade_id": 667381497, "side": "buy", "size": "3.40270058", "price": "2990.00000000", "time": "2025-07-15T15:09:59.942686Z", "fetched_at": "2025-07-15T15:10:49.998407+00:00", "symbol": "ETH-USD"}, {"trade_id": 667381496, "side": "buy", "size": "0.00135083", "price": "2990.00000000", "time": "2025-07-15T15:09:59.873228Z", "fetched_at": "2025-07-15T15:10:49.998407+00:00", "symbol": "ETH-USD"}, {"trade_id": 667381495, "side": "buy", "size": "1.28450406", "price": "2990.00000000", "time": "2025-07-15T15:09:59.525971Z", "fetched_at": "2025-07-15T15:10:49.998407+00:00", "symbol": "ETH-USD"}, {"trade_id": 667381494, "side": "buy", "size": "0.00100000", "price": "2990.02000000", "time": "2025-07-15T15:09:59.525971Z", "fetched_at": "2025-07-15T15:10:49.998407+00:00", "symbol": "ETH-USD"}, {"trade_id": 667381493, "side": "buy", "size": "0.01934763", "price": "2990.03000000", "time": "2025-07-15T15:09:59.525971Z", "fetched_at": "2025-07-15T15:10:49.998407+00:00", "symbol": "ETH-USD"}, {"trade_id": 667381492, "side": "buy", "size": "0.00001337", "price": "2990.06000000", "time": "2025-07-15T15:09:59.525971Z", "fetched_at": "2025-07-15T15:10:49.998407+00:00", "symbol": "ETH-USD"}, {"trade_id": 667381491, "side": "buy", "size": "0.18314348", "price": "2990.06000000", "time": "2025-07-15T15:09:59.525971Z", "fetched_at": "2025-07-15T15:10:49.998407+00:00", "symbol": "ETH-USD"}, {"trade_id": 667381490, "side": "buy", "size": "0.02887567", "price": "2990.06000000", "time": "2025-07-15T15:09:59.525971Z", "fetched_at": "2025-07-15T15:10:49.998407+00:00", "symbol": "ETH-USD"}, {"trade_id": 667381489, "side": "buy", "size": "0.05362283", "price": "2990.06000000", "time": "2025-07-15T15:09:59.525971Z", "fetched_at": "2025-07-15T15:10:49.998407+00:00", "symbol": "ETH-USD"}, {"trade_id": 667381488, "side": "buy", "size": "0.01312013", "price": "2990.06000000", "time": "2025-07-15T15:09:59.525971Z", "fetched_at": "2025-07-15T15:10:49.998407+00:00", "symbol": "ETH-USD"}, {"trade_id": 667381487, "side": "buy", "size": "0.00001003", "price": "2990.06000000", "time": "2025-07-15T15:09:59.525971Z", "fetched_at": "2025-07-15T15:10:49.998407+00:00", "symbol": "ETH-USD"}, {"trade_id": 667381486, "side": "buy", "size": "0.03012314", "price": "2990.06000000", "time": "2025-07-15T15:09:59.525971Z", "fetched_at": "2025-07-15T15:10:49.998407+00:00", "symbol": "ETH-USD"}, {"trade_id": 667381485, "side": "buy", "size": "0.00916369", "price": "2990.06000000", "time": "2025-07-15T15:09:59.525971Z", "fetched_at": "2025-07-15T15:10:49.998407+00:00", "symbol": "ETH-USD"}, {"trade_id": 667381484, "side": "buy", "size": "0.04707597", "price": "2990.06000000", "time": "2025-07-15T15:09:59.525971Z", "fetched_at": "2025-07-15T15:10:49.998407+00:00", "symbol": "ETH-USD"}, {"trade_id": 667381483, "side": "sell", "size": "0.00322666", "price": "2990.07000000", "time": "2025-07-15T15:09:58.817126Z", "fetched_at": "2025-07-15T15:10:49.998407+00:00", "symbol": "ETH-USD"}, {"trade_id": 667381482, "side": "buy", "size": "0.54940854", "price": "2990.07000000", "time": "2025-07-15T15:09:58.338898Z", "fetched_at": "2025-07-15T15:10:49.998407+00:00", "symbol": "ETH-USD"}, {"trade_id": 667381481, "side": "buy", "size": "0.00330000", "price": "2990.07000000", "time": "2025-07-15T15:09:58.020830Z", "fetched_at": "2025-07-15T15:10:49.998407+00:00", "symbol": "ETH-USD"}, {"trade_id": 667381480, "side": "sell", "size": "0.00029364", "price": "2990.48000000", "time": "2025-07-15T15:09:57.615932Z", "fetched_at": "2025-07-15T15:10:49.998407+00:00", "symbol": "ETH-USD"}, {"trade_id": 667381479, "side": "sell", "size": "0.00010334", "price": "2990.07000000", "time": "2025-07-15T15:09:57.615932Z", "fetched_at": "2025-07-15T15:10:49.998407+00:00", "symbol": "ETH-USD"}, {"trade_id": 667381478, "side": "sell", "size": "0.00026986", "price": "2990.07000000", "time": "2025-07-15T15:09:57.615932Z", "fetched_at": "2025-07-15T15:10:49.998407+00:00", "symbol": "ETH-USD"}, {"trade_id": 667381477, "side": "sell", "size": "0.25732378", "price": "2990.42000000", "time": "2025-07-15T15:09:55.731276Z", "fetched_at": "2025-07-15T15:10:49.998407+00:00", "symbol": "ETH-USD"}, {"trade_id": 667381476, "side": "sell", "size": "0.06225143", "price": "2990.41000000", "time": "2025-07-15T15:09:55.731276Z", "fetched_at": "2025-07-15T15:10:49.998407+00:00", "symbol": "ETH-USD"}, {"trade_id": 667381475, "side": "sell", "size": "0.00010335", "price": "2990.25000000", "time": "2025-07-15T15:09:55.731276Z", "fetched_at": "2025-07-15T15:10:49.998407+00:00", "symbol": "ETH-USD"}, {"trade_id": 667381474, "side": "sell", "size": "0.00024001", "price": "2990.25000000", "time": "2025-07-15T15:09:55.731276Z", "fetched_at": "2025-07-15T15:10:49.998407+00:00", "symbol": "ETH-USD"}, {"trade_id": 667381473, "side": "sell", "size": "0.00485388", "price": "2990.07000000", "time": "2025-07-15T15:09:55.731276Z", "fetched_at": "2025-07-15T15:10:49.998407+00:00", "symbol": "ETH-USD"}, {"trade_id": 667381472, "side": "buy", "size": "0.00397961", "price": "2990.24000000", "time": "2025-07-15T15:09:55.288813Z", "fetched_at": "2025-07-15T15:10:49.998407+00:00", "symbol": "ETH-USD"}, {"trade_id": 667381471, "side": "buy", "size": "0.00002006", "price": "2990.24000000", "time": "2025-07-15T15:09:55.288813Z", "fetched_at": "2025-07-15T15:10:49.998407+00:00", "symbol": "ETH-USD"}, {"trade_id": 667381470, "side": "buy", "size": "0.09412287", "price": "2990.24000000", "time": "2025-07-15T15:09:55.288813Z", "fetched_at": "2025-07-15T15:10:49.998407+00:00", "symbol": "ETH-USD"}, {"trade_id": 667381469, "side": "buy", "size": "0.01935296", "price": "2990.24000000", "time": "2025-07-15T15:09:55.288813Z", "fetched_at": "2025-07-15T15:10:49.998407+00:00", "symbol": "ETH-USD"}, {"trade_id": 667381468, "side": "buy", "size": "0.01197562", "price": "2990.24000000", "time": "2025-07-15T15:09:55.288813Z", "fetched_at": "2025-07-15T15:10:49.998407+00:00", "symbol": "ETH-USD"}, {"trade_id": 667381467, "side": "buy", "size": "0.00100000", "price": "2990.24000000", "time": "2025-07-15T15:09:55.288813Z", "fetched_at": "2025-07-15T15:10:49.998407+00:00", "symbol": "ETH-USD"}, {"trade_id": 667381466, "side": "sell", "size": "0.01327728", "price": "2990.25000000", "time": "2025-07-15T15:09:54.466384Z", "fetched_at": "2025-07-15T15:10:49.998407+00:00", "symbol": "ETH-USD"}, {"trade_id": 667381465, "side": "buy", "size": "0.01834165", "price": "2990.46000000", "time": "2025-07-15T15:09:54.191397Z", "fetched_at": "2025-07-15T15:10:49.998407+00:00", "symbol": "ETH-USD"}, {"trade_id": 667381464, "side": "buy", "size": "0.00922600", "price": "2990.46000000", "time": "2025-07-15T15:09:54.191397Z", "fetched_at": "2025-07-15T15:10:49.998407+00:00", "symbol": "ETH-USD"}, {"trade_id": 667381463, "side": "buy", "size": "0.00831942", "price": "2990.46000000", "time": "2025-07-15T15:09:54.191397Z", "fetched_at": "2025-07-15T15:10:49.998407+00:00", "symbol": "ETH-USD"}, {"trade_id": 667381462, "side": "buy", "size": "0.01561000", "price": "2990.46000000", "time": "2025-07-15T15:09:54.180521Z", "fetched_at": "2025-07-15T15:10:49.998407+00:00", "symbol": "ETH-USD"}, {"trade_id": 667381461, "side": "buy", "size": "0.00100000", "price": "2990.46000000", "time": "2025-07-15T15:09:54.180521Z", "fetched_at": "2025-07-15T15:10:49.998407+00:00", "symbol": "ETH-USD"}, {"trade_id": 667381460, "side": "sell", "size": "0.23292334", "price": "2990.76000000", "time": "2025-07-15T15:09:53.931724Z", "fetched_at": "2025-07-15T15:10:49.998407+00:00", "symbol": "ETH-USD"}, {"trade_id": 667381459, "side": "sell", "size": "0.10000000", "price": "2990.76000000", "time": "2025-07-15T15:09:53.931724Z", "fetched_at": "2025-07-15T15:10:49.998407+00:00", "symbol": "ETH-USD"}, {"trade_id": 667381458, "side": "sell", "size": "0.62446018", "price": "2990.75000000", "time": "2025-07-15T15:09:53.931724Z", "fetched_at": "2025-07-15T15:10:49.998407+00:00", "symbol": "ETH-USD"}, {"trade_id": 667381457, "side": "sell", "size": "0.53421778", "price": "2990.48000000", "time": "2025-07-15T15:09:53.931724Z", "fetched_at": "2025-07-15T15:10:49.998407+00:00", "symbol": "ETH-USD"}, {"trade_id": 667381456, "side": "sell", "size": "0.16876000", "price": "2990.48000000", "time": "2025-07-15T15:09:53.931724Z", "fetched_at": "2025-07-15T15:10:49.998407+00:00", "symbol": "ETH-USD"}, {"trade_id": 667381455, "side": "sell", "size": "0.00485905", "price": "2990.48000000", "time": "2025-07-15T15:09:53.931724Z", "fetched_at": "2025-07-15T15:10:49.998407+00:00", "symbol": "ETH-USD"}, {"trade_id": 667381454, "side": "buy", "size": "0.02946742", "price": "2990.76000000", "time": "2025-07-15T15:09:53.805265Z", "fetched_at": "2025-07-15T15:10:49.998407+00:00", "symbol": "ETH-USD"}, {"trade_id": 667381453, "side": "buy", "size": "0.56458224", "price": "2990.76000000", "time": "2025-07-15T15:09:53.805265Z", "fetched_at": "2025-07-15T15:10:49.998407+00:00", "symbol": "ETH-USD"}, {"trade_id": 667381452, "side": "buy", "size": "0.01833981", "price": "2990.76000000", "time": "2025-07-15T15:09:53.805265Z", "fetched_at": "2025-07-15T15:10:49.998407+00:00", "symbol": "ETH-USD"}, {"trade_id": 667381451, "side": "buy", "size": "0.06352565", "price": "2990.76000000", "time": "2025-07-15T15:09:53.805265Z", "fetched_at": "2025-07-15T15:10:49.998407+00:00", "symbol": "ETH-USD"}, {"trade_id": 667381450, "side": "sell", "size": "0.08670059", "price": "2990.77000000", "time": "2025-07-15T15:09:52.152957Z", "fetched_at": "2025-07-15T15:10:49.998407+00:00", "symbol": "ETH-USD"}, {"trade_id": 667381449, "side": "sell", "size": "0.00486507", "price": "2990.77000000", "time": "2025-07-15T15:09:52.152957Z", "fetched_at": "2025-07-15T15:10:49.998407+00:00", "symbol": "ETH-USD"}, {"trade_id": 667381448, "side": "buy", "size": "0.00670750", "price": "2990.68000000", "time": "2025-07-15T15:09:50.996654Z", "fetched_at": "2025-07-15T15:10:49.998407+00:00", "symbol": "ETH-USD"}, {"trade_id": 667381447, "side": "buy", "size": "0.00100000", "price": "2990.68000000", "time": "2025-07-15T15:09:50.996654Z", "fetched_at": "2025-07-15T15:10:49.998407+00:00", "symbol": "ETH-USD"}, {"trade_id": 667381446, "side": "buy", "size": "0.00283929", "price": "2990.90000000", "time": "2025-07-15T15:09:50.510183Z", "fetched_at": "2025-07-15T15:10:49.998407+00:00", "symbol": "ETH-USD"}, {"trade_id": 667381445, "side": "buy", "size": "0.01561000", "price": "2990.90000000", "time": "2025-07-15T15:09:50.502577Z", "fetched_at": "2025-07-15T15:10:49.998407+00:00", "symbol": "ETH-USD"}, {"trade_id": 667381444, "side": "buy", "size": "0.00100000", "price": "2990.90000000", "time": "2025-07-15T15:09:50.502577Z", "fetched_at": "2025-07-15T15:10:49.998407+00:00", "symbol": "ETH-USD"}, {"trade_id": 667381443, "side": "buy", "size": "0.00100000", "price": "2991.12000000", "time": "2025-07-15T15:09:50.253972Z", "fetched_at": "2025-07-15T15:10:49.998407+00:00", "symbol": "ETH-USD"}, {"trade_id": 667381442, "side": "buy", "size": "0.01340594", "price": "2991.21000000", "time": "2025-07-15T15:09:50.237976Z", "fetched_at": "2025-07-15T15:10:49.998407+00:00", "symbol": "ETH-USD"}, {"trade_id": 667381441, "side": "buy", "size": "0.19051821", "price": "2991.21000000", "time": "2025-07-15T15:09:50.237976Z", "fetched_at": "2025-07-15T15:10:49.998407+00:00", "symbol": "ETH-USD"}, {"trade_id": 667381440, "side": "buy", "size": "0.03032886", "price": "2991.21000000", "time": "2025-07-15T15:09:50.237976Z", "fetched_at": "2025-07-15T15:10:49.998407+00:00", "symbol": "ETH-USD"}, {"trade_id": 667381439, "side": "buy", "size": "0.57153125", "price": "2991.21000000", "time": "2025-07-15T15:09:50.237976Z", "fetched_at": "2025-07-15T15:10:49.998407+00:00", "symbol": "ETH-USD"}, {"trade_id": 667381438, "side": "buy", "size": "0.00653581", "price": "2991.21000000", "time": "2025-07-15T15:09:50.237976Z", "fetched_at": "2025-07-15T15:10:49.998407+00:00", "symbol": "ETH-USD"}, {"trade_id": 667381437, "side": "buy", "size": "0.01327556", "price": "2991.21000000", "time": "2025-07-15T15:09:50.237976Z", "fetched_at": "2025-07-15T15:10:49.998407+00:00", "symbol": "ETH-USD"}, {"trade_id": 667381436, "side": "sell", "size": "0.01887670", "price": "2991.53000000", "time": "2025-07-15T15:09:49.647889Z", "fetched_at": "2025-07-15T15:10:49.998407+00:00", "symbol": "ETH-USD"}, {"trade_id": 667381435, "side": "sell", "size": "0.00487569", "price": "2991.22000000", "time": "2025-07-15T15:09:49.647889Z", "fetched_at": "2025-07-15T15:10:49.998407+00:00", "symbol": "ETH-USD"}, {"trade_id": 667381434, "side": "sell", "size": "0.01095413", "price": "2991.53000000", "time": "2025-07-15T15:09:49.543307Z", "fetched_at": "2025-07-15T15:10:49.998407+00:00", "symbol": "ETH-USD"}, {"trade_id": 667381433, "side": "sell", "size": "0.00000875", "price": "2991.42000000", "time": "2025-07-15T15:09:49.543307Z", "fetched_at": "2025-07-15T15:10:49.998407+00:00", "symbol": "ETH-USD"}, {"trade_id": 667381432, "side": "sell", "size": "0.00488130", "price": "2991.22000000", "time": "2025-07-15T15:09:49.543307Z", "fetched_at": "2025-07-15T15:10:49.998407+00:00", "symbol": "ETH-USD"}, {"trade_id": 667381431, "side": "sell", "size": "0.16000157", "price": "2991.58000000", "time": "2025-07-15T15:09:48.883108Z", "fetched_at": "2025-07-15T15:10:49.998407+00:00", "symbol": "ETH-USD"}, {"trade_id": 667381430, "side": "sell", "size": "0.00488130", "price": "2991.22000000", "time": "2025-07-15T15:09:48.883108Z", "fetched_at": "2025-07-15T15:10:49.998407+00:00", "symbol": "ETH-USD"}, {"trade_id": 667381429, "side": "sell", "size": "0.00013989", "price": "2991.22000000", "time": "2025-07-15T15:09:48.883108Z", "fetched_at": "2025-07-15T15:10:49.998407+00:00", "symbol": "ETH-USD"}, {"trade_id": 667381428, "side": "sell", "size": "0.00025215", "price": "2991.22000000", "time": "2025-07-15T15:09:48.883108Z", "fetched_at": "2025-07-15T15:10:49.998407+00:00", "symbol": "ETH-USD"}, {"trade_id": 667381427, "side": "buy", "size": "0.00100000", "price": "2991.34000000", "time": "2025-07-15T15:09:47.772484Z", "fetched_at": "2025-07-15T15:10:49.998407+00:00", "symbol": "ETH-USD"}, {"trade_id": 667381426, "side": "buy", "size": "0.00334297", "price": "2991.35000000", "time": "2025-07-15T15:09:47.772484Z", "fetched_at": "2025-07-15T15:10:49.998407+00:00", "symbol": "ETH-USD"}, {"trade_id": 667381425, "side": "buy", "size": "0.00171086", "price": "2991.38000000", "time": "2025-07-15T15:09:47.772484Z", "fetched_at": "2025-07-15T15:10:49.998407+00:00", "symbol": "ETH-USD"}, {"trade_id": 667381424, "side": "buy", "size": "0.08588495", "price": "2991.56000000", "time": "2025-07-15T15:09:47.771590Z", "fetched_at": "2025-07-15T15:10:49.998407+00:00", "symbol": "ETH-USD"}, {"trade_id": 667381423, "side": "buy", "size": "0.00003008", "price": "2991.56000000", "time": "2025-07-15T15:09:47.771590Z", "fetched_at": "2025-07-15T15:10:49.998407+00:00", "symbol": "ETH-USD"}, {"trade_id": 667381422, "side": "buy", "size": "0.00886494", "price": "2991.56000000", "time": "2025-07-15T15:09:47.771590Z", "fetched_at": "2025-07-15T15:10:49.998407+00:00", "symbol": "ETH-USD"}, {"trade_id": 667381421, "side": "buy", "size": "0.02010990", "price": "2991.56000000", "time": "2025-07-15T15:09:47.771590Z", "fetched_at": "2025-07-15T15:10:49.998407+00:00", "symbol": "ETH-USD"}, {"trade_id": 667381420, "side": "buy", "size": "0.00100000", "price": "2991.56000000", "time": "2025-07-15T15:09:47.771590Z", "fetched_at": "2025-07-15T15:10:49.998407+00:00", "symbol": "ETH-USD"}, {"trade_id": 667381419, "side": "sell", "size": "0.00008356", "price": "2991.84000000", "time": "2025-07-15T15:09:47.504331Z", "fetched_at": "2025-07-15T15:10:49.998407+00:00", "symbol": "ETH-USD"}, {"trade_id": 667381418, "side": "buy", "size": "0.08590357", "price": "2991.61000000", "time": "2025-07-15T15:09:46.839209Z", "fetched_at": "2025-07-15T15:10:49.998407+00:00", "symbol": "ETH-USD"}, {"trade_id": 667381417, "side": "buy", "size": "0.01309996", "price": "2991.61000000", "time": "2025-07-15T15:09:46.839209Z", "fetched_at": "2025-07-15T15:10:49.998407+00:00", "symbol": "ETH-USD"}, {"trade_id": 667381416, "side": "buy", "size": "0.01770618", "price": "2991.61000000", "time": "2025-07-15T15:09:46.839209Z", "fetched_at": "2025-07-15T15:10:49.998407+00:00", "symbol": "ETH-USD"}, {"trade_id": 667381415, "side": "buy", "size": "0.53985711", "price": "2991.98000000", "time": "2025-07-15T15:09:45.939727Z", "fetched_at": "2025-07-15T15:10:49.998407+00:00", "symbol": "ETH-USD"}, {"trade_id": 667381414, "side": "buy", "size": "0.17175582", "price": "2991.98000000", "time": "2025-07-15T15:09:45.939727Z", "fetched_at": "2025-07-15T15:10:49.998407+00:00", "symbol": "ETH-USD"}, {"trade_id": 667381413, "side": "buy", "size": "0.01309834", "price": "2991.98000000", "time": "2025-07-15T15:09:45.939727Z", "fetched_at": "2025-07-15T15:10:49.998407+00:00", "symbol": "ETH-USD"}, {"trade_id": 667381412, "side": "buy", "size": "0.00003008", "price": "2991.98000000", "time": "2025-07-15T15:09:45.939727Z", "fetched_at": "2025-07-15T15:10:49.998407+00:00", "symbol": "ETH-USD"}, {"trade_id": 667381411, "side": "buy", "size": "0.01208898", "price": "2991.98000000", "time": "2025-07-15T15:09:45.939727Z", "fetched_at": "2025-07-15T15:10:49.998407+00:00", "symbol": "ETH-USD"}, {"trade_id": 667381410, "side": "sell", "size": "0.23665728", "price": "2992.18000000", "time": "2025-07-15T15:09:45.170978Z", "fetched_at": "2025-07-15T15:10:49.998407+00:00", "symbol": "ETH-USD"}, {"trade_id": 667381409, "side": "sell", "size": "0.09635494", "price": "2992.18000000", "time": "2025-07-15T15:09:45.170978Z", "fetched_at": "2025-07-15T15:10:49.998407+00:00", "symbol": "ETH-USD"}, {"trade_id": 667381408, "side": "sell", "size": "0.00010337", "price": "2991.99000000", "time": "2025-07-15T15:09:45.170978Z", "fetched_at": "2025-07-15T15:10:49.998407+00:00", "symbol": "ETH-USD"}, {"trade_id": 667381407, "side": "sell", "size": "0.00055421", "price": "2991.99000000", "time": "2025-07-15T15:09:45.170978Z", "fetched_at": "2025-07-15T15:10:49.998407+00:00", "symbol": "ETH-USD"}, {"trade_id": 667381406, "side": "sell", "size": "0.01661000", "price": "2991.74000000", "time": "2025-07-15T15:09:43.219697Z", "fetched_at": "2025-07-15T15:10:49.998407+00:00", "symbol": "ETH-USD"}, {"trade_id": 667381405, "side": "sell", "size": "0.03246447", "price": "2991.92000000", "time": "2025-07-15T15:09:42.996418Z", "fetched_at": "2025-07-15T15:10:49.998407+00:00", "symbol": "ETH-USD"}, {"trade_id": 667381404, "side": "buy", "size": "0.32495482", "price": "2991.57000000", "time": "2025-07-15T15:09:42.465658Z", "fetched_at": "2025-07-15T15:10:49.998407+00:00", "symbol": "ETH-USD"}, {"trade_id": 667381403, "side": "buy", "size": "5.96449507", "price": "2991.57000000", "time": "2025-07-15T15:09:42.465418Z", "fetched_at": "2025-07-15T15:10:49.998407+00:00", "symbol": "ETH-USD"}, {"trade_id": 667381402, "side": "buy", "size": "0.00244125", "price": "2991.72000000", "time": "2025-07-15T15:09:42.465418Z", "fetched_at": "2025-07-15T15:10:49.998407+00:00", "symbol": "ETH-USD"}, {"trade_id": 667381401, "side": "buy", "size": "0.08592121", "price": "2992.03000000", "time": "2025-07-15T15:09:42.465418Z", "fetched_at": "2025-07-15T15:10:49.998407+00:00", "symbol": "ETH-USD"}, {"trade_id": 667381400, "side": "buy", "size": "0.46790427", "price": "2991.71000000", "time": "2025-07-15T15:09:42.454590Z", "fetched_at": "2025-07-15T15:10:49.998407+00:00", "symbol": "ETH-USD"}, {"trade_id": 667381399, "side": "buy", "size": "0.00236232", "price": "2991.72000000", "time": "2025-07-15T15:09:42.454590Z", "fetched_at": "2025-07-15T15:10:49.998407+00:00", "symbol": "ETH-USD"}, {"trade_id": 667381398, "side": "buy", "size": "0.00100000", "price": "2991.78000000", "time": "2025-07-15T15:09:42.454590Z", "fetched_at": "2025-07-15T15:10:49.998407+00:00", "symbol": "ETH-USD"}, {"trade_id": 667381397, "side": "buy", "size": "0.27366310", "price": "2992.00000000", "time": "2025-07-15T15:09:42.453814Z", "fetched_at": "2025-07-15T15:10:49.998407+00:00", "symbol": "ETH-USD"}, {"trade_id": 667381396, "side": "buy", "size": "0.00100000", "price": "2992.00000000", "time": "2025-07-15T15:09:42.453814Z", "fetched_at": "2025-07-15T15:10:49.998407+00:00", "symbol": "ETH-USD"}, {"trade_id": 667381395, "side": "buy", "size": "0.03037747", "price": "2992.02000000", "time": "2025-07-15T15:09:42.453814Z", "fetched_at": "2025-07-15T15:10:49.998407+00:00", "symbol": "ETH-USD"}, {"trade_id": 667381394, "side": "buy", "size": "0.03228922", "price": "2992.02000000", "time": "2025-07-15T15:09:42.453814Z", "fetched_at": "2025-07-15T15:10:49.998407+00:00", "symbol": "ETH-USD"}, {"trade_id": 667381393, "side": "buy", "size": "0.01264697", "price": "2992.02000000", "time": "2025-07-15T15:09:42.453814Z", "fetched_at": "2025-07-15T15:10:49.998407+00:00", "symbol": "ETH-USD"}, {"trade_id": 667381392, "side": "buy", "size": "0.12128983", "price": "2992.02000000", "time": "2025-07-15T15:09:42.453814Z", "fetched_at": "2025-07-15T15:10:49.998407+00:00", "symbol": "ETH-USD"}, {"trade_id": 667381391, "side": "buy", "size": "0.03228145", "price": "2992.43000000", "time": "2025-07-15T15:09:41.766894Z", "fetched_at": "2025-07-15T15:10:49.998407+00:00", "symbol": "ETH-USD"}, {"trade_id": 667381390, "side": "buy", "size": "0.03037330", "price": "2992.43000000", "time": "2025-07-15T15:09:41.766894Z", "fetched_at": "2025-07-15T15:10:49.998407+00:00", "symbol": "ETH-USD"}, {"trade_id": 667381389, "side": "buy", "size": "0.02525706", "price": "2992.43000000", "time": "2025-07-15T15:09:41.766894Z", "fetched_at": "2025-07-15T15:10:49.998407+00:00", "symbol": "ETH-USD"}, {"trade_id": 667381388, "side": "buy", "size": "0.54722750", "price": "2992.43000000", "time": "2025-07-15T15:09:41.766894Z", "fetched_at": "2025-07-15T15:10:49.998407+00:00", "symbol": "ETH-USD"}, {"trade_id": 667381387, "side": "sell", "size": "0.01942811", "price": "2992.57000000", "time": "2025-07-15T15:09:41.285153Z", "fetched_at": "2025-07-15T15:10:49.998407+00:00", "symbol": "ETH-USD"}, {"trade_id": 667381386, "side": "sell", "size": "0.36250573", "price": "2992.47000000", "time": "2025-07-15T15:09:40.320114Z", "fetched_at": "2025-07-15T15:10:49.998407+00:00", "symbol": "ETH-USD"}, {"trade_id": 667381385, "side": "sell", "size": "0.00035288", "price": "2992.44000000", "time": "2025-07-15T15:09:40.320114Z", "fetched_at": "2025-07-15T15:10:49.998407+00:00", "symbol": "ETH-USD"}, {"trade_id": 667381384, "side": "sell", "size": "0.03297980", "price": "2992.55000000", "time": "2025-07-15T15:09:40.172345Z", "fetched_at": "2025-07-15T15:10:49.998407+00:00", "symbol": "ETH-USD"}, {"trade_id": 667381383, "side": "sell", "size": "0.00010335", "price": "2992.33000000", "time": "2025-07-15T15:09:40.172345Z", "fetched_at": "2025-07-15T15:10:49.998407+00:00", "symbol": "ETH-USD"}, {"trade_id": 667381382, "side": "buy", "size": "0.00100000", "price": "2992.22000000", "time": "2025-07-15T15:09:39.914962Z", "fetched_at": "2025-07-15T15:10:49.998407+00:00", "symbol": "ETH-USD"}, {"trade_id": 667381381, "side": "sell", "size": "0.01582567", "price": "2992.33000000", "time": "2025-07-15T15:09:39.914126Z", "fetched_at": "2025-07-15T15:10:49.998407+00:00", "symbol": "ETH-USD"}, {"trade_id": 667381380, "side": "buy", "size": "0.00100000", "price": "2992.44000000", "time": "2025-07-15T15:09:39.776584Z", "fetched_at": "2025-07-15T15:10:49.998407+00:00", "symbol": "ETH-USD"}, {"trade_id": 667381379, "side": "buy", "size": "0.01288576", "price": "2992.45000000", "time": "2025-07-15T15:09:39.776584Z", "fetched_at": "2025-07-15T15:10:49.998407+00:00", "symbol": "ETH-USD"}, {"trade_id": 667381378, "side": "buy", "size": "0.01079383", "price": "2992.45000000", "time": "2025-07-15T15:09:39.776584Z", "fetched_at": "2025-07-15T15:10:49.998407+00:00", "symbol": "ETH-USD"}, {"trade_id": 667381377, "side": "buy", "size": "0.54552958", "price": "2992.45000000", "time": "2025-07-15T15:09:39.776584Z", "fetched_at": "2025-07-15T15:10:49.998407+00:00", "symbol": "ETH-USD"}, {"trade_id": 667381376, "side": "buy", "size": "0.01068358", "price": "2992.45000000", "time": "2025-07-15T15:09:39.776584Z", "fetched_at": "2025-07-15T15:10:49.998407+00:00", "symbol": "ETH-USD"}, {"trade_id": 667381375, "side": "buy", "size": "0.00674695", "price": "2992.46000000", "time": "2025-07-15T15:09:39.776584Z", "fetched_at": "2025-07-15T15:10:49.998407+00:00", "symbol": "ETH-USD"}, {"trade_id": 667381374, "side": "buy", "size": "0.01003188", "price": "2992.46000000", "time": "2025-07-15T15:09:39.776584Z", "fetched_at": "2025-07-15T15:10:49.998407+00:00", "symbol": "ETH-USD"}, {"trade_id": 667381373, "side": "buy", "size": "0.00001336", "price": "2992.46000000", "time": "2025-07-15T15:09:39.776584Z", "fetched_at": "2025-07-15T15:10:49.998407+00:00", "symbol": "ETH-USD"}, {"trade_id": 667381372, "side": "buy", "size": "0.00100000", "price": "2992.66000000", "time": "2025-07-15T15:09:39.497236Z", "fetched_at": "2025-07-15T15:10:49.998407+00:00", "symbol": "ETH-USD"}, {"trade_id": 667381371, "side": "buy", "size": "0.00836348", "price": "2992.77000000", "time": "2025-07-15T15:09:39.388540Z", "fetched_at": "2025-07-15T15:10:49.998407+00:00", "symbol": "ETH-USD"}, {"trade_id": 667381370, "side": "buy", "size": "0.06061881", "price": "2992.80000000", "time": "2025-07-15T15:09:39.377353Z", "fetched_at": "2025-07-15T15:10:49.998407+00:00", "symbol": "ETH-USD"}, {"trade_id": 667381369, "side": "buy", "size": "0.00360295", "price": "2993.13000000", "time": "2025-07-15T15:09:38.704206Z", "fetched_at": "2025-07-15T15:10:49.998407+00:00", "symbol": "ETH-USD"}, {"trade_id": 667381368, "side": "buy", "size": "0.01660332", "price": "2993.13000000", "time": "2025-07-15T15:09:38.690942Z", "fetched_at": "2025-07-15T15:10:49.998407+00:00", "symbol": "ETH-USD"}, {"trade_id": 667381367, "side": "buy", "size": "0.00000668", "price": "2993.13000000", "time": "2025-07-15T15:09:38.690942Z", "fetched_at": "2025-07-15T15:10:49.998407+00:00", "symbol": "ETH-USD"}, {"trade_id": 667381366, "side": "sell", "size": "1.06526241", "price": "2993.21000000", "time": "2025-07-15T15:09:37.012164Z", "fetched_at": "2025-07-15T15:10:49.998407+00:00", "symbol": "ETH-USD"}, {"trade_id": 667381365, "side": "sell", "size": "2.45300772", "price": "2993.19000000", "time": "2025-07-15T15:09:37.012164Z", "fetched_at": "2025-07-15T15:10:49.998407+00:00", "symbol": "ETH-USD"}, {"trade_id": 667381364, "side": "sell", "size": "0.80347496", "price": "2993.18000000", "time": "2025-07-15T15:09:37.012164Z", "fetched_at": "2025-07-15T15:10:49.998407+00:00", "symbol": "ETH-USD"}, {"trade_id": 667381363, "side": "sell", "size": "0.49935936", "price": "2993.17000000", "time": "2025-07-15T15:09:37.012164Z", "fetched_at": "2025-07-15T15:10:49.998407+00:00", "symbol": "ETH-USD"}, {"trade_id": 667381362, "side": "sell", "size": "1.09762951", "price": "2993.16000000", "time": "2025-07-15T15:09:37.012164Z", "fetched_at": "2025-07-15T15:10:49.998407+00:00", "symbol": "ETH-USD"}, {"trade_id": 667381361, "side": "sell", "size": "2.25350522", "price": "2993.16000000", "time": "2025-07-15T15:09:37.012164Z", "fetched_at": "2025-07-15T15:10:49.998407+00:00", "symbol": "ETH-USD"}, {"trade_id": 667381360, "side": "sell", "size": "0.50584713", "price": "2993.12000000", "time": "2025-07-15T15:09:37.012164Z", "fetched_at": "2025-07-15T15:10:49.998407+00:00", "symbol": "ETH-USD"}, {"trade_id": 667381359, "side": "sell", "size": "0.16319251", "price": "2993.10000000", "time": "2025-07-15T15:09:37.012164Z", "fetched_at": "2025-07-15T15:10:49.998407+00:00", "symbol": "ETH-USD"}, {"trade_id": 667381358, "side": "sell", "size": "0.00100000", "price": "2993.10000000", "time": "2025-07-15T15:09:37.012164Z", "fetched_at": "2025-07-15T15:10:49.998407+00:00", "symbol": "ETH-USD"}, {"trade_id": 667381357, "side": "sell", "size": "0.49990318", "price": "2993.02000000", "time": "2025-07-15T15:09:37.012164Z", "fetched_at": "2025-07-15T15:10:49.998407+00:00", "symbol": "ETH-USD"}, {"trade_id": 667381356, "side": "sell", "size": "0.02906378", "price": "2993.02000000", "time": "2025-07-15T15:09:37.012164Z", "fetched_at": "2025-07-15T15:10:49.998407+00:00", "symbol": "ETH-USD"}, {"trade_id": 667381355, "side": "sell", "size": "0.41589568", "price": "2993.01000000", "time": "2025-07-15T15:09:37.012164Z", "fetched_at": "2025-07-15T15:10:49.998407+00:00", "symbol": "ETH-USD"}, {"trade_id": 667381354, "side": "sell", "size": "0.10662000", "price": "2992.94000000", "time": "2025-07-15T15:09:37.012164Z", "fetched_at": "2025-07-15T15:10:49.998407+00:00", "symbol": "ETH-USD"}, {"trade_id": 667381353, "side": "sell", "size": "0.00019803", "price": "2992.94000000", "time": "2025-07-15T15:09:37.012164Z", "fetched_at": "2025-07-15T15:10:49.998407+00:00", "symbol": "ETH-USD"}, {"trade_id": 667381352, "side": "sell", "size": "0.10321554", "price": "2992.93000000", "time": "2025-07-15T15:09:37.012164Z", "fetched_at": "2025-07-15T15:10:49.998407+00:00", "symbol": "ETH-USD"}, {"trade_id": 667381351, "side": "sell", "size": "0.03282497", "price": "2992.92000000", "time": "2025-07-15T15:09:37.012164Z", "fetched_at": "2025-07-15T15:10:49.998407+00:00", "symbol": "ETH-USD"}, {"trade_id": 667381350, "side": "buy", "size": "0.18182182", "price": "2992.93000000", "time": "2025-07-15T15:09:36.711709Z", "fetched_at": "2025-07-15T15:10:49.998407+00:00", "symbol": "ETH-USD"}, {"trade_id": 667381349, "side": "buy", "size": "0.06247389", "price": "2992.93000000", "time": "2025-07-15T15:09:36.711709Z", "fetched_at": "2025-07-15T15:10:49.998407+00:00", "symbol": "ETH-USD"}, {"trade_id": 667381348, "side": "buy", "size": "0.01504545", "price": "2992.93000000", "time": "2025-07-15T15:09:36.711709Z", "fetched_at": "2025-07-15T15:10:49.998407+00:00", "symbol": "ETH-USD"}, {"trade_id": 667381347, "side": "buy", "size": "0.01254289", "price": "2992.93000000", "time": "2025-07-15T15:09:36.711709Z", "fetched_at": "2025-07-15T15:10:49.998407+00:00", "symbol": "ETH-USD"}