[{"trade_id": 667350329, "side": "sell", "size": "0.25241271", "price": "3046.66000000", "time": "2025-07-15T14:23:19.915997Z", "fetched_at": "2025-07-15T14:23:24.798094+00:00", "symbol": "ETH-USD"}, {"trade_id": 667350328, "side": "sell", "size": "0.28429243", "price": "3046.65000000", "time": "2025-07-15T14:23:19.915997Z", "fetched_at": "2025-07-15T14:23:24.798094+00:00", "symbol": "ETH-USD"}, {"trade_id": 667350327, "side": "sell", "size": "0.30000000", "price": "3046.60000000", "time": "2025-07-15T14:23:19.915997Z", "fetched_at": "2025-07-15T14:23:24.798094+00:00", "symbol": "ETH-USD"}, {"trade_id": 667350326, "side": "sell", "size": "0.01182000", "price": "3046.59000000", "time": "2025-07-15T14:23:19.915997Z", "fetched_at": "2025-07-15T14:23:24.798094+00:00", "symbol": "ETH-USD"}, {"trade_id": 667350325, "side": "sell", "size": "0.10742937", "price": "3046.58000000", "time": "2025-07-15T14:23:19.915997Z", "fetched_at": "2025-07-15T14:23:24.798094+00:00", "symbol": "ETH-USD"}, {"trade_id": 667350324, "side": "sell", "size": "0.00119511", "price": "3046.57000000", "time": "2025-07-15T14:23:19.915997Z", "fetched_at": "2025-07-15T14:23:24.798094+00:00", "symbol": "ETH-USD"}, {"trade_id": 667350323, "side": "sell", "size": "0.00010192", "price": "3046.33000000", "time": "2025-07-15T14:23:19.915997Z", "fetched_at": "2025-07-15T14:23:24.798094+00:00", "symbol": "ETH-USD"}, {"trade_id": 667350322, "side": "buy", "size": "0.03464339", "price": "3046.32000000", "time": "2025-07-15T14:23:19.798313Z", "fetched_at": "2025-07-15T14:23:24.798094+00:00", "symbol": "ETH-USD"}, {"trade_id": 667350321, "side": "sell", "size": "0.01570757", "price": "3046.59000000", "time": "2025-07-15T14:23:19.704991Z", "fetched_at": "2025-07-15T14:23:24.798094+00:00", "symbol": "ETH-USD"}, {"trade_id": 667350320, "side": "sell", "size": "0.30000000", "price": "3046.50000000", "time": "2025-07-15T14:23:19.704991Z", "fetched_at": "2025-07-15T14:23:24.798094+00:00", "symbol": "ETH-USD"}, {"trade_id": 667350319, "side": "sell", "size": "0.00185190", "price": "3046.42000000", "time": "2025-07-15T14:23:19.704991Z", "fetched_at": "2025-07-15T14:23:24.798094+00:00", "symbol": "ETH-USD"}, {"trade_id": 667350318, "side": "sell", "size": "0.00005590", "price": "3046.42000000", "time": "2025-07-15T14:23:19.704991Z", "fetched_at": "2025-07-15T14:23:24.798094+00:00", "symbol": "ETH-USD"}, {"trade_id": 667350317, "side": "sell", "size": "0.00400618", "price": "3046.42000000", "time": "2025-07-15T14:23:19.704991Z", "fetched_at": "2025-07-15T14:23:24.798094+00:00", "symbol": "ETH-USD"}, {"trade_id": 667350316, "side": "sell", "size": "0.00010334", "price": "3046.42000000", "time": "2025-07-15T14:23:19.704991Z", "fetched_at": "2025-07-15T14:23:24.798094+00:00", "symbol": "ETH-USD"}, {"trade_id": 667350315, "side": "sell", "size": "0.24708000", "price": "3046.41000000", "time": "2025-07-15T14:23:19.704991Z", "fetched_at": "2025-07-15T14:23:24.798094+00:00", "symbol": "ETH-USD"}, {"trade_id": 667350314, "side": "sell", "size": "0.00119511", "price": "3046.40000000", "time": "2025-07-15T14:23:19.704991Z", "fetched_at": "2025-07-15T14:23:24.798094+00:00", "symbol": "ETH-USD"}, {"trade_id": 667350313, "side": "buy", "size": "0.02781972", "price": "3046.21000000", "time": "2025-07-15T14:23:19.412733Z", "fetched_at": "2025-07-15T14:23:24.798094+00:00", "symbol": "ETH-USD"}, {"trade_id": 667350312, "side": "buy", "size": "0.04218028", "price": "3046.21000000", "time": "2025-07-15T14:23:19.412733Z", "fetched_at": "2025-07-15T14:23:24.798094+00:00", "symbol": "ETH-USD"}, {"trade_id": 667350311, "side": "buy", "size": "0.02159029", "price": "3045.88000000", "time": "2025-07-15T14:23:18.896553Z", "fetched_at": "2025-07-15T14:23:24.798094+00:00", "symbol": "ETH-USD"}, {"trade_id": 667350310, "side": "buy", "size": "0.00100000", "price": "3045.89000000", "time": "2025-07-15T14:23:18.896553Z", "fetched_at": "2025-07-15T14:23:24.798094+00:00", "symbol": "ETH-USD"}, {"trade_id": 667350309, "side": "buy", "size": "0.03162294", "price": "3045.89000000", "time": "2025-07-15T14:23:18.896553Z", "fetched_at": "2025-07-15T14:23:24.798094+00:00", "symbol": "ETH-USD"}, {"trade_id": 667350308, "side": "buy", "size": "0.15000000", "price": "3046.01000000", "time": "2025-07-15T14:23:18.896553Z", "fetched_at": "2025-07-15T14:23:24.798094+00:00", "symbol": "ETH-USD"}, {"trade_id": 667350307, "side": "buy", "size": "0.00042671", "price": "3046.14000000", "time": "2025-07-15T14:23:18.896553Z", "fetched_at": "2025-07-15T14:23:24.798094+00:00", "symbol": "ETH-USD"}, {"trade_id": 667350306, "side": "buy", "size": "0.00000328", "price": "3046.19000000", "time": "2025-07-15T14:23:18.896553Z", "fetched_at": "2025-07-15T14:23:24.798094+00:00", "symbol": "ETH-USD"}, {"trade_id": 667350305, "side": "buy", "size": "0.01579678", "price": "3046.19000000", "time": "2025-07-15T14:23:18.896553Z", "fetched_at": "2025-07-15T14:23:24.798094+00:00", "symbol": "ETH-USD"}, {"trade_id": 667350304, "side": "buy", "size": "0.07956000", "price": "3046.41000000", "time": "2025-07-15T14:23:18.896553Z", "fetched_at": "2025-07-15T14:23:24.798094+00:00", "symbol": "ETH-USD"}, {"trade_id": 667350303, "side": "sell", "size": "0.09572189", "price": "3046.79000000", "time": "2025-07-15T14:23:17.276509Z", "fetched_at": "2025-07-15T14:23:24.798094+00:00", "symbol": "ETH-USD"}, {"trade_id": 667350302, "side": "sell", "size": "0.24587903", "price": "3046.60000000", "time": "2025-07-15T14:23:17.058291Z", "fetched_at": "2025-07-15T14:23:24.798094+00:00", "symbol": "ETH-USD"}, {"trade_id": 667350301, "side": "sell", "size": "0.01611888", "price": "3046.60000000", "time": "2025-07-15T14:23:17.058291Z", "fetched_at": "2025-07-15T14:23:24.798094+00:00", "symbol": "ETH-USD"}, {"trade_id": 667350300, "side": "sell", "size": "0.00024290", "price": "3046.58000000", "time": "2025-07-15T14:23:17.058291Z", "fetched_at": "2025-07-15T14:23:24.798094+00:00", "symbol": "ETH-USD"}, {"trade_id": 667350299, "side": "sell", "size": "0.00100000", "price": "3046.58000000", "time": "2025-07-15T14:23:17.058291Z", "fetched_at": "2025-07-15T14:23:24.798094+00:00", "symbol": "ETH-USD"}, {"trade_id": 667350298, "side": "sell", "size": "0.01332759", "price": "3046.57000000", "time": "2025-07-15T14:23:17.058291Z", "fetched_at": "2025-07-15T14:23:24.798094+00:00", "symbol": "ETH-USD"}, {"trade_id": 667350297, "side": "sell", "size": "0.00328288", "price": "3046.57000000", "time": "2025-07-15T14:23:17.058291Z", "fetched_at": "2025-07-15T14:23:24.798094+00:00", "symbol": "ETH-USD"}, {"trade_id": 667350296, "side": "buy", "size": "0.03761260", "price": "3046.15000000", "time": "2025-07-15T14:23:16.870120Z", "fetched_at": "2025-07-15T14:23:24.798094+00:00", "symbol": "ETH-USD"}, {"trade_id": 667350295, "side": "buy", "size": "0.05000000", "price": "3046.16000000", "time": "2025-07-15T14:23:16.870120Z", "fetched_at": "2025-07-15T14:23:24.798094+00:00", "symbol": "ETH-USD"}, {"trade_id": 667350294, "side": "buy", "size": "0.07956000", "price": "3046.57000000", "time": "2025-07-15T14:23:16.870120Z", "fetched_at": "2025-07-15T14:23:24.798094+00:00", "symbol": "ETH-USD"}, {"trade_id": 667350293, "side": "sell", "size": "0.43113489", "price": "3046.43000000", "time": "2025-07-15T14:23:16.494936Z", "fetched_at": "2025-07-15T14:23:24.798094+00:00", "symbol": "ETH-USD"}, {"trade_id": 667350292, "side": "sell", "size": "0.00328288", "price": "3046.41000000", "time": "2025-07-15T14:23:16.494936Z", "fetched_at": "2025-07-15T14:23:24.798094+00:00", "symbol": "ETH-USD"}, {"trade_id": 667350291, "side": "sell", "size": "0.00100000", "price": "3046.35000000", "time": "2025-07-15T14:23:16.482103Z", "fetched_at": "2025-07-15T14:23:24.798094+00:00", "symbol": "ETH-USD"}, {"trade_id": 667350290, "side": "sell", "size": "0.30000000", "price": "3046.30000000", "time": "2025-07-15T14:23:16.482103Z", "fetched_at": "2025-07-15T14:23:24.798094+00:00", "symbol": "ETH-USD"}, {"trade_id": 667350289, "side": "sell", "size": "0.30000000", "price": "3046.20000000", "time": "2025-07-15T14:23:16.479300Z", "fetched_at": "2025-07-15T14:23:24.798094+00:00", "symbol": "ETH-USD"}, {"trade_id": 667350288, "side": "sell", "size": "0.00406948", "price": "3046.16000000", "time": "2025-07-15T14:23:16.479300Z", "fetched_at": "2025-07-15T14:23:24.798094+00:00", "symbol": "ETH-USD"}, {"trade_id": 667350287, "side": "sell", "size": "0.00010335", "price": "3046.16000000", "time": "2025-07-15T14:23:16.479300Z", "fetched_at": "2025-07-15T14:23:24.798094+00:00", "symbol": "ETH-USD"}, {"trade_id": 667350286, "side": "sell", "size": "0.04778985", "price": "3046.16000000", "time": "2025-07-15T14:23:16.479300Z", "fetched_at": "2025-07-15T14:23:24.798094+00:00", "symbol": "ETH-USD"}, {"trade_id": 667350285, "side": "sell", "size": "0.00025836", "price": "3046.16000000", "time": "2025-07-15T14:23:16.479300Z", "fetched_at": "2025-07-15T14:23:24.798094+00:00", "symbol": "ETH-USD"}, {"trade_id": 667350284, "side": "buy", "size": "0.11814080", "price": "3046.15000000", "time": "2025-07-15T14:23:16.477773Z", "fetched_at": "2025-07-15T14:23:24.798094+00:00", "symbol": "ETH-USD"}, {"trade_id": 667350283, "side": "buy", "size": "0.08486000", "price": "3046.15000000", "time": "2025-07-15T14:23:16.477773Z", "fetched_at": "2025-07-15T14:23:24.798094+00:00", "symbol": "ETH-USD"}, {"trade_id": 667350282, "side": "buy", "size": "0.07956000", "price": "3046.15000000", "time": "2025-07-15T14:23:16.477773Z", "fetched_at": "2025-07-15T14:23:24.798094+00:00", "symbol": "ETH-USD"}, {"trade_id": 667350281, "side": "sell", "size": "0.30000000", "price": "3046.10000000", "time": "2025-07-15T14:23:15.303970Z", "fetched_at": "2025-07-15T14:23:24.798094+00:00", "symbol": "ETH-USD"}, {"trade_id": 667350280, "side": "sell", "size": "0.00185195", "price": "3046.07000000", "time": "2025-07-15T14:23:15.303970Z", "fetched_at": "2025-07-15T14:23:24.798094+00:00", "symbol": "ETH-USD"}, {"trade_id": 667350279, "side": "sell", "size": "0.00005588", "price": "3046.07000000", "time": "2025-07-15T14:23:15.303970Z", "fetched_at": "2025-07-15T14:23:24.798094+00:00", "symbol": "ETH-USD"}, {"trade_id": 667350278, "side": "buy", "size": "0.01392852", "price": "3046.06000000", "time": "2025-07-15T14:23:14.741121Z", "fetched_at": "2025-07-15T14:23:24.798094+00:00", "symbol": "ETH-USD"}, {"trade_id": 667350277, "side": "buy", "size": "0.17127687", "price": "3045.89000000", "time": "2025-07-15T14:23:13.055509Z", "fetched_at": "2025-07-15T14:23:24.798094+00:00", "symbol": "ETH-USD"}, {"trade_id": 667350276, "side": "buy", "size": "0.05969960", "price": "3045.30000000", "time": "2025-07-15T14:23:12.688680Z", "fetched_at": "2025-07-15T14:23:24.798094+00:00", "symbol": "ETH-USD"}, {"trade_id": 667350275, "side": "buy", "size": "0.00000328", "price": "3045.34000000", "time": "2025-07-15T14:23:12.688680Z", "fetched_at": "2025-07-15T14:23:24.798094+00:00", "symbol": "ETH-USD"}, {"trade_id": 667350274, "side": "buy", "size": "0.03162536", "price": "3045.34000000", "time": "2025-07-15T14:23:12.688680Z", "fetched_at": "2025-07-15T14:23:24.798094+00:00", "symbol": "ETH-USD"}, {"trade_id": 667350273, "side": "buy", "size": "0.82092261", "price": "3045.35000000", "time": "2025-07-15T14:23:12.688680Z", "fetched_at": "2025-07-15T14:23:24.798094+00:00", "symbol": "ETH-USD"}, {"trade_id": 667350272, "side": "buy", "size": "0.02721526", "price": "3045.35000000", "time": "2025-07-15T14:23:12.688680Z", "fetched_at": "2025-07-15T14:23:24.798094+00:00", "symbol": "ETH-USD"}, {"trade_id": 667350271, "side": "buy", "size": "0.97200000", "price": "3045.38000000", "time": "2025-07-15T14:23:12.688680Z", "fetched_at": "2025-07-15T14:23:24.798094+00:00", "symbol": "ETH-USD"}, {"trade_id": 667350270, "side": "buy", "size": "0.63101210", "price": "3045.43000000", "time": "2025-07-15T14:23:12.688680Z", "fetched_at": "2025-07-15T14:23:24.798094+00:00", "symbol": "ETH-USD"}, {"trade_id": 667350269, "side": "buy", "size": "1.49272542", "price": "3045.43000000", "time": "2025-07-15T14:23:12.688680Z", "fetched_at": "2025-07-15T14:23:24.798094+00:00", "symbol": "ETH-USD"}, {"trade_id": 667350268, "side": "buy", "size": "0.31017227", "price": "3045.45000000", "time": "2025-07-15T14:23:12.688680Z", "fetched_at": "2025-07-15T14:23:24.798094+00:00", "symbol": "ETH-USD"}, {"trade_id": 667350267, "side": "buy", "size": "0.26235170", "price": "3045.47000000", "time": "2025-07-15T14:23:12.688680Z", "fetched_at": "2025-07-15T14:23:24.798094+00:00", "symbol": "ETH-USD"}, {"trade_id": 667350266, "side": "buy", "size": "0.80460968", "price": "3045.50000000", "time": "2025-07-15T14:23:12.688680Z", "fetched_at": "2025-07-15T14:23:24.798094+00:00", "symbol": "ETH-USD"}, {"trade_id": 667350265, "side": "buy", "size": "0.54016512", "price": "3045.51000000", "time": "2025-07-15T14:23:12.688680Z", "fetched_at": "2025-07-15T14:23:24.798094+00:00", "symbol": "ETH-USD"}, {"trade_id": 667350264, "side": "buy", "size": "0.16417484", "price": "3045.53000000", "time": "2025-07-15T14:23:12.688680Z", "fetched_at": "2025-07-15T14:23:24.798094+00:00", "symbol": "ETH-USD"}, {"trade_id": 667350263, "side": "buy", "size": "0.36770325", "price": "3045.53000000", "time": "2025-07-15T14:23:12.688680Z", "fetched_at": "2025-07-15T14:23:24.798094+00:00", "symbol": "ETH-USD"}, {"trade_id": 667350262, "side": "buy", "size": "0.41038224", "price": "3045.55000000", "time": "2025-07-15T14:23:12.688680Z", "fetched_at": "2025-07-15T14:23:24.798094+00:00", "symbol": "ETH-USD"}, {"trade_id": 667350261, "side": "buy", "size": "0.09848259", "price": "3045.55000000", "time": "2025-07-15T14:23:12.688680Z", "fetched_at": "2025-07-15T14:23:24.798094+00:00", "symbol": "ETH-USD"}, {"trade_id": 667350260, "side": "buy", "size": "1.38652060", "price": "3045.56000000", "time": "2025-07-15T14:23:12.688680Z", "fetched_at": "2025-07-15T14:23:24.798094+00:00", "symbol": "ETH-USD"}, {"trade_id": 667350259, "side": "buy", "size": "0.32035104", "price": "3045.58000000", "time": "2025-07-15T14:23:12.688680Z", "fetched_at": "2025-07-15T14:23:24.798094+00:00", "symbol": "ETH-USD"}, {"trade_id": 667350258, "side": "buy", "size": "0.15427080", "price": "3045.59000000", "time": "2025-07-15T14:23:12.688680Z", "fetched_at": "2025-07-15T14:23:24.798094+00:00", "symbol": "ETH-USD"}, {"trade_id": 667350257, "side": "buy", "size": "0.00100000", "price": "3045.66000000", "time": "2025-07-15T14:23:12.688680Z", "fetched_at": "2025-07-15T14:23:24.798094+00:00", "symbol": "ETH-USD"}, {"trade_id": 667350256, "side": "buy", "size": "0.51408584", "price": "3045.83000000", "time": "2025-07-15T14:23:12.688680Z", "fetched_at": "2025-07-15T14:23:24.798094+00:00", "symbol": "ETH-USD"}, {"trade_id": 667350255, "side": "buy", "size": "0.15000000", "price": "3045.84000000", "time": "2025-07-15T14:23:12.688680Z", "fetched_at": "2025-07-15T14:23:24.798094+00:00", "symbol": "ETH-USD"}, {"trade_id": 667350254, "side": "buy", "size": "0.47962371", "price": "3045.88000000", "time": "2025-07-15T14:23:12.688680Z", "fetched_at": "2025-07-15T14:23:24.798094+00:00", "symbol": "ETH-USD"}, {"trade_id": 667350253, "side": "buy", "size": "0.00090269", "price": "3045.88000000", "time": "2025-07-15T14:23:12.688680Z", "fetched_at": "2025-07-15T14:23:24.798094+00:00", "symbol": "ETH-USD"}, {"trade_id": 667350252, "side": "buy", "size": "0.12729000", "price": "3046.32000000", "time": "2025-07-15T14:23:11.487423Z", "fetched_at": "2025-07-15T14:23:24.798094+00:00", "symbol": "ETH-USD"}, {"trade_id": 667350251, "side": "sell", "size": "0.40313804", "price": "3046.29000000", "time": "2025-07-15T14:23:11.480034Z", "fetched_at": "2025-07-15T14:23:24.798094+00:00", "symbol": "ETH-USD"}, {"trade_id": 667350250, "side": "sell", "size": "0.31057031", "price": "3046.22000000", "time": "2025-07-15T14:23:11.479828Z", "fetched_at": "2025-07-15T14:23:24.798094+00:00", "symbol": "ETH-USD"}, {"trade_id": 667350249, "side": "sell", "size": "0.09987989", "price": "3046.22000000", "time": "2025-07-15T14:23:11.479255Z", "fetched_at": "2025-07-15T14:23:24.798094+00:00", "symbol": "ETH-USD"}, {"trade_id": 667350248, "side": "sell", "size": "0.66136645", "price": "3046.20000000", "time": "2025-07-15T14:23:11.479255Z", "fetched_at": "2025-07-15T14:23:24.798094+00:00", "symbol": "ETH-USD"}, {"trade_id": 667350247, "side": "sell", "size": "0.52129968", "price": "3046.19000000", "time": "2025-07-15T14:23:11.479255Z", "fetched_at": "2025-07-15T14:23:24.798094+00:00", "symbol": "ETH-USD"}, {"trade_id": 667350246, "side": "sell", "size": "0.82070376", "price": "3046.17000000", "time": "2025-07-15T14:23:11.479255Z", "fetched_at": "2025-07-15T14:23:24.798094+00:00", "symbol": "ETH-USD"}, {"trade_id": 667350245, "side": "sell", "size": "2.09079282", "price": "3046.16000000", "time": "2025-07-15T14:23:11.479255Z", "fetched_at": "2025-07-15T14:23:24.798094+00:00", "symbol": "ETH-USD"}, {"trade_id": 667350244, "side": "sell", "size": "0.30000000", "price": "3046.15000000", "time": "2025-07-15T14:23:11.479255Z", "fetched_at": "2025-07-15T14:23:24.798094+00:00", "symbol": "ETH-USD"}, {"trade_id": 667350243, "side": "sell", "size": "0.00100000", "price": "3046.12000000", "time": "2025-07-15T14:23:11.479255Z", "fetched_at": "2025-07-15T14:23:24.798094+00:00", "symbol": "ETH-USD"}, {"trade_id": 667350242, "side": "sell", "size": "0.84825860", "price": "3046.08000000", "time": "2025-07-15T14:23:11.479255Z", "fetched_at": "2025-07-15T14:23:24.798094+00:00", "symbol": "ETH-USD"}, {"trade_id": 667350241, "side": "sell", "size": "0.11534711", "price": "3046.03000000", "time": "2025-07-15T14:23:11.479255Z", "fetched_at": "2025-07-15T14:23:24.798094+00:00", "symbol": "ETH-USD"}, {"trade_id": 667350240, "side": "sell", "size": "0.00100000", "price": "3045.89000000", "time": "2025-07-15T14:23:11.478573Z", "fetched_at": "2025-07-15T14:23:24.798094+00:00", "symbol": "ETH-USD"}, {"trade_id": 667350239, "side": "sell", "size": "0.34306666", "price": "3045.87000000", "time": "2025-07-15T14:23:11.478573Z", "fetched_at": "2025-07-15T14:23:24.798094+00:00", "symbol": "ETH-USD"}, {"trade_id": 667350238, "side": "sell", "size": "0.30000000", "price": "3045.80000000", "time": "2025-07-15T14:23:11.478573Z", "fetched_at": "2025-07-15T14:23:24.798094+00:00", "symbol": "ETH-USD"}, {"trade_id": 667350237, "side": "sell", "size": "0.00328363", "price": "3045.79000000", "time": "2025-07-15T14:23:11.478573Z", "fetched_at": "2025-07-15T14:23:24.798094+00:00", "symbol": "ETH-USD"}, {"trade_id": 667350236, "side": "sell", "size": "0.30000000", "price": "3045.70000000", "time": "2025-07-15T14:23:11.478322Z", "fetched_at": "2025-07-15T14:23:24.798094+00:00", "symbol": "ETH-USD"}, {"trade_id": 667350235, "side": "sell", "size": "0.00285525", "price": "3045.56000000", "time": "2025-07-15T14:23:11.478322Z", "fetched_at": "2025-07-15T14:23:24.798094+00:00", "symbol": "ETH-USD"}, {"trade_id": 667350234, "side": "sell", "size": "0.00007980", "price": "3045.56000000", "time": "2025-07-15T14:23:11.478322Z", "fetched_at": "2025-07-15T14:23:24.798094+00:00", "symbol": "ETH-USD"}, {"trade_id": 667350233, "side": "sell", "size": "0.00019385", "price": "3045.56000000", "time": "2025-07-15T14:23:11.478322Z", "fetched_at": "2025-07-15T14:23:24.798094+00:00", "symbol": "ETH-USD"}, {"trade_id": 667350232, "side": "sell", "size": "0.00012731", "price": "3045.56000000", "time": "2025-07-15T14:23:11.478322Z", "fetched_at": "2025-07-15T14:23:24.798094+00:00", "symbol": "ETH-USD"}, {"trade_id": 667350231, "side": "sell", "size": "0.03258225", "price": "3045.56000000", "time": "2025-07-15T14:23:11.478322Z", "fetched_at": "2025-07-15T14:23:24.798094+00:00", "symbol": "ETH-USD"}, {"trade_id": 667350230, "side": "sell", "size": "0.00010000", "price": "3045.55000000", "time": "2025-07-15T14:23:11.478322Z", "fetched_at": "2025-07-15T14:23:24.798094+00:00", "symbol": "ETH-USD"}, {"trade_id": 667350229, "side": "buy", "size": "0.19943652", "price": "3045.35000000", "time": "2025-07-15T14:23:10.153550Z", "fetched_at": "2025-07-15T14:23:24.798094+00:00", "symbol": "ETH-USD"}, {"trade_id": 667350228, "side": "buy", "size": "0.00094242", "price": "3045.35000000", "time": "2025-07-15T14:23:10.153550Z", "fetched_at": "2025-07-15T14:23:24.798094+00:00", "symbol": "ETH-USD"}, {"trade_id": 667350227, "side": "buy", "size": "0.00984864", "price": "3045.37000000", "time": "2025-07-15T14:23:09.469967Z", "fetched_at": "2025-07-15T14:23:24.798094+00:00", "symbol": "ETH-USD"}, {"trade_id": 667350226, "side": "buy", "size": "0.01273707", "price": "3045.44000000", "time": "2025-07-15T14:23:09.469967Z", "fetched_at": "2025-07-15T14:23:24.798094+00:00", "symbol": "ETH-USD"}, {"trade_id": 667350225, "side": "buy", "size": "0.03170199", "price": "3045.55000000", "time": "2025-07-15T14:23:09.469967Z", "fetched_at": "2025-07-15T14:23:24.798094+00:00", "symbol": "ETH-USD"}, {"trade_id": 667350224, "side": "buy", "size": "0.00023641", "price": "3045.55000000", "time": "2025-07-15T14:23:09.469967Z", "fetched_at": "2025-07-15T14:23:24.798094+00:00", "symbol": "ETH-USD"}, {"trade_id": 667350223, "side": "buy", "size": "0.00046953", "price": "3045.55000000", "time": "2025-07-15T14:23:09.469967Z", "fetched_at": "2025-07-15T14:23:24.798094+00:00", "symbol": "ETH-USD"}, {"trade_id": 667350222, "side": "sell", "size": "0.00934358", "price": "3045.56000000", "time": "2025-07-15T14:23:08.984444Z", "fetched_at": "2025-07-15T14:23:24.798094+00:00", "symbol": "ETH-USD"}, {"trade_id": 667350221, "side": "buy", "size": "0.33000000", "price": "3045.55000000", "time": "2025-07-15T14:23:08.604532Z", "fetched_at": "2025-07-15T14:23:24.798094+00:00", "symbol": "ETH-USD"}, {"trade_id": 667350220, "side": "sell", "size": "0.00547678", "price": "3045.56000000", "time": "2025-07-15T14:23:08.386755Z", "fetched_at": "2025-07-15T14:23:24.798094+00:00", "symbol": "ETH-USD"}, {"trade_id": 667350219, "side": "buy", "size": "0.05351668", "price": "3045.55000000", "time": "2025-07-15T14:23:06.864180Z", "fetched_at": "2025-07-15T14:23:24.798094+00:00", "symbol": "ETH-USD"}, {"trade_id": 667350218, "side": "sell", "size": "0.01088378", "price": "3045.56000000", "time": "2025-07-15T14:23:06.100317Z", "fetched_at": "2025-07-15T14:23:24.798094+00:00", "symbol": "ETH-USD"}, {"trade_id": 667350217, "side": "sell", "size": "0.00048003", "price": "3045.56000000", "time": "2025-07-15T14:23:06.100317Z", "fetched_at": "2025-07-15T14:23:24.798094+00:00", "symbol": "ETH-USD"}, {"trade_id": 667350216, "side": "sell", "size": "0.00328347", "price": "3045.53000000", "time": "2025-07-15T14:23:06.100317Z", "fetched_at": "2025-07-15T14:23:24.798094+00:00", "symbol": "ETH-USD"}, {"trade_id": 667350215, "side": "sell", "size": "0.29967235", "price": "3045.80000000", "time": "2025-07-15T14:23:05.792441Z", "fetched_at": "2025-07-15T14:23:24.798094+00:00", "symbol": "ETH-USD"}, {"trade_id": 667350214, "side": "sell", "size": "0.30450774", "price": "3045.79000000", "time": "2025-07-15T14:23:05.792441Z", "fetched_at": "2025-07-15T14:23:24.798094+00:00", "symbol": "ETH-USD"}, {"trade_id": 667350213, "side": "sell", "size": "0.75933937", "price": "3045.79000000", "time": "2025-07-15T14:23:05.792441Z", "fetched_at": "2025-07-15T14:23:24.798094+00:00", "symbol": "ETH-USD"}, {"trade_id": 667350212, "side": "sell", "size": "0.30000000", "price": "3045.70000000", "time": "2025-07-15T14:23:05.792441Z", "fetched_at": "2025-07-15T14:23:24.798094+00:00", "symbol": "ETH-USD"}, {"trade_id": 667350211, "side": "sell", "size": "0.01380076", "price": "3045.70000000", "time": "2025-07-15T14:23:05.792441Z", "fetched_at": "2025-07-15T14:23:24.798094+00:00", "symbol": "ETH-USD"}, {"trade_id": 667350210, "side": "sell", "size": "0.00024001", "price": "3045.66000000", "time": "2025-07-15T14:23:05.792441Z", "fetched_at": "2025-07-15T14:23:24.798094+00:00", "symbol": "ETH-USD"}, {"trade_id": 667350209, "side": "sell", "size": "0.82084357", "price": "3045.65000000", "time": "2025-07-15T14:23:05.792441Z", "fetched_at": "2025-07-15T14:23:24.798094+00:00", "symbol": "ETH-USD"}, {"trade_id": 667350208, "side": "sell", "size": "0.15624181", "price": "3045.64000000", "time": "2025-07-15T14:23:05.792441Z", "fetched_at": "2025-07-15T14:23:24.798094+00:00", "symbol": "ETH-USD"}, {"trade_id": 667350207, "side": "sell", "size": "0.00010334", "price": "3045.63000000", "time": "2025-07-15T14:23:05.792441Z", "fetched_at": "2025-07-15T14:23:24.798094+00:00", "symbol": "ETH-USD"}, {"trade_id": 667350206, "side": "sell", "size": "0.03584345", "price": "3045.62000000", "time": "2025-07-15T14:23:05.792441Z", "fetched_at": "2025-07-15T14:23:24.798094+00:00", "symbol": "ETH-USD"}, {"trade_id": 667350205, "side": "sell", "size": "0.00328347", "price": "3045.61000000", "time": "2025-07-15T14:23:05.792441Z", "fetched_at": "2025-07-15T14:23:24.798094+00:00", "symbol": "ETH-USD"}, {"trade_id": 667350204, "side": "sell", "size": "0.49550653", "price": "3045.60000000", "time": "2025-07-15T14:23:05.792441Z", "fetched_at": "2025-07-15T14:23:24.798094+00:00", "symbol": "ETH-USD"}, {"trade_id": 667350203, "side": "sell", "size": "0.11990060", "price": "3045.57000000", "time": "2025-07-15T14:23:05.374895Z", "fetched_at": "2025-07-15T14:23:24.798094+00:00", "symbol": "ETH-USD"}, {"trade_id": 667350202, "side": "sell", "size": "0.07168689", "price": "3045.51000000", "time": "2025-07-15T14:23:05.374895Z", "fetched_at": "2025-07-15T14:23:24.798094+00:00", "symbol": "ETH-USD"}, {"trade_id": 667350201, "side": "sell", "size": "0.00328347", "price": "3045.50000000", "time": "2025-07-15T14:23:05.374895Z", "fetched_at": "2025-07-15T14:23:24.798094+00:00", "symbol": "ETH-USD"}, {"trade_id": 667350200, "side": "buy", "size": "0.00188139", "price": "3045.62000000", "time": "2025-07-15T14:23:04.915744Z", "fetched_at": "2025-07-15T14:23:24.798094+00:00", "symbol": "ETH-USD"}, {"trade_id": 667350199, "side": "sell", "size": "0.01134601", "price": "3045.63000000", "time": "2025-07-15T14:23:04.764579Z", "fetched_at": "2025-07-15T14:23:24.798094+00:00", "symbol": "ETH-USD"}, {"trade_id": 667350198, "side": "sell", "size": "0.00328370", "price": "3045.63000000", "time": "2025-07-15T14:23:04.764579Z", "fetched_at": "2025-07-15T14:23:24.798094+00:00", "symbol": "ETH-USD"}, {"trade_id": 667350197, "side": "sell", "size": "0.00797021", "price": "3045.56000000", "time": "2025-07-15T14:23:03.033555Z", "fetched_at": "2025-07-15T14:23:24.798094+00:00", "symbol": "ETH-USD"}, {"trade_id": 667350196, "side": "buy", "size": "0.01910984", "price": "3045.55000000", "time": "2025-07-15T14:23:03.014665Z", "fetched_at": "2025-07-15T14:23:24.798094+00:00", "symbol": "ETH-USD"}, {"trade_id": 667350195, "side": "buy", "size": "0.09777434", "price": "3044.78000000", "time": "2025-07-15T14:23:02.672985Z", "fetched_at": "2025-07-15T14:23:24.798094+00:00", "symbol": "ETH-USD"}, {"trade_id": 667350194, "side": "buy", "size": "0.36770426", "price": "3044.81000000", "time": "2025-07-15T14:23:02.672985Z", "fetched_at": "2025-07-15T14:23:24.798094+00:00", "symbol": "ETH-USD"}, {"trade_id": 667350193, "side": "buy", "size": "0.05000000", "price": "3044.83000000", "time": "2025-07-15T14:23:02.672985Z", "fetched_at": "2025-07-15T14:23:24.798094+00:00", "symbol": "ETH-USD"}, {"trade_id": 667350192, "side": "buy", "size": "0.09486267", "price": "3044.85000000", "time": "2025-07-15T14:23:02.672985Z", "fetched_at": "2025-07-15T14:23:24.798094+00:00", "symbol": "ETH-USD"}, {"trade_id": 667350191, "side": "buy", "size": "0.06989276", "price": "3044.86000000", "time": "2025-07-15T14:23:02.672985Z", "fetched_at": "2025-07-15T14:23:24.798094+00:00", "symbol": "ETH-USD"}, {"trade_id": 667350190, "side": "buy", "size": "0.06459223", "price": "3044.87000000", "time": "2025-07-15T14:23:02.672985Z", "fetched_at": "2025-07-15T14:23:24.798094+00:00", "symbol": "ETH-USD"}, {"trade_id": 667350189, "side": "buy", "size": "0.08080826", "price": "3044.88000000", "time": "2025-07-15T14:23:02.672985Z", "fetched_at": "2025-07-15T14:23:24.798094+00:00", "symbol": "ETH-USD"}, {"trade_id": 667350188, "side": "buy", "size": "0.00100000", "price": "3044.97000000", "time": "2025-07-15T14:23:02.672985Z", "fetched_at": "2025-07-15T14:23:24.798094+00:00", "symbol": "ETH-USD"}, {"trade_id": 667350187, "side": "buy", "size": "0.00100000", "price": "3045.20000000", "time": "2025-07-15T14:23:02.672985Z", "fetched_at": "2025-07-15T14:23:24.798094+00:00", "symbol": "ETH-USD"}, {"trade_id": 667350186, "side": "buy", "size": "0.00000328", "price": "3045.43000000", "time": "2025-07-15T14:23:02.672985Z", "fetched_at": "2025-07-15T14:23:24.798094+00:00", "symbol": "ETH-USD"}, {"trade_id": 667350185, "side": "buy", "size": "0.00100000", "price": "3045.43000000", "time": "2025-07-15T14:23:02.672985Z", "fetched_at": "2025-07-15T14:23:24.798094+00:00", "symbol": "ETH-USD"}, {"trade_id": 667350184, "side": "sell", "size": "0.00850000", "price": "3045.52000000", "time": "2025-07-15T14:23:02.667147Z", "fetched_at": "2025-07-15T14:23:24.798094+00:00", "symbol": "ETH-USD"}, {"trade_id": 667350183, "side": "buy", "size": "0.01214847", "price": "3045.65000000", "time": "2025-07-15T14:23:01.910469Z", "fetched_at": "2025-07-15T14:23:24.798094+00:00", "symbol": "ETH-USD"}, {"trade_id": 667350182, "side": "buy", "size": "0.02866711", "price": "3045.65000000", "time": "2025-07-15T14:23:01.910469Z", "fetched_at": "2025-07-15T14:23:24.798094+00:00", "symbol": "ETH-USD"}, {"trade_id": 667350181, "side": "sell", "size": "0.07757129", "price": "3045.70000000", "time": "2025-07-15T14:23:01.127783Z", "fetched_at": "2025-07-15T14:23:24.798094+00:00", "symbol": "ETH-USD"}, {"trade_id": 667350180, "side": "sell", "size": "0.00210241", "price": "3045.66000000", "time": "2025-07-15T14:23:01.127783Z", "fetched_at": "2025-07-15T14:23:24.798094+00:00", "symbol": "ETH-USD"}, {"trade_id": 667350179, "side": "sell", "size": "0.00005732", "price": "3045.66000000", "time": "2025-07-15T14:23:01.127783Z", "fetched_at": "2025-07-15T14:23:24.798094+00:00", "symbol": "ETH-USD"}, {"trade_id": 667350178, "side": "sell", "size": "0.01661000", "price": "3045.52000000", "time": "2025-07-15T14:23:00.724056Z", "fetched_at": "2025-07-15T14:23:24.798094+00:00", "symbol": "ETH-USD"}, {"trade_id": 667350177, "side": "buy", "size": "0.00100000", "price": "3045.66000000", "time": "2025-07-15T14:23:00.699758Z", "fetched_at": "2025-07-15T14:23:24.798094+00:00", "symbol": "ETH-USD"}, {"trade_id": 667350176, "side": "buy", "size": "0.00100000", "price": "3045.89000000", "time": "2025-07-15T14:23:00.687384Z", "fetched_at": "2025-07-15T14:23:24.798094+00:00", "symbol": "ETH-USD"}, {"trade_id": 667350175, "side": "buy", "size": "0.07956000", "price": "3046.43000000", "time": "2025-07-15T14:23:00.130170Z", "fetched_at": "2025-07-15T14:23:24.798094+00:00", "symbol": "ETH-USD"}, {"trade_id": 667350174, "side": "sell", "size": "0.00336149", "price": "3046.45000000", "time": "2025-07-15T14:23:00.098256Z", "fetched_at": "2025-07-15T14:23:24.798094+00:00", "symbol": "ETH-USD"}, {"trade_id": 667350173, "side": "buy", "size": "0.07956000", "price": "3046.51000000", "time": "2025-07-15T14:23:00.010675Z", "fetched_at": "2025-07-15T14:23:24.798094+00:00", "symbol": "ETH-USD"}, {"trade_id": 667350172, "side": "buy", "size": "0.07956000", "price": "3046.55000000", "time": "2025-07-15T14:22:59.900953Z", "fetched_at": "2025-07-15T14:23:24.798094+00:00", "symbol": "ETH-USD"}, {"trade_id": 667350171, "side": "buy", "size": "0.03161916", "price": "3046.57000000", "time": "2025-07-15T14:22:59.879050Z", "fetched_at": "2025-07-15T14:23:24.798094+00:00", "symbol": "ETH-USD"}, {"trade_id": 667350170, "side": "buy", "size": "0.07956000", "price": "3046.55000000", "time": "2025-07-15T14:22:59.036911Z", "fetched_at": "2025-07-15T14:23:24.798094+00:00", "symbol": "ETH-USD"}, {"trade_id": 667350169, "side": "buy", "size": "0.07956000", "price": "3046.56000000", "time": "2025-07-15T14:22:59.026430Z", "fetched_at": "2025-07-15T14:23:24.798094+00:00", "symbol": "ETH-USD"}, {"trade_id": 667350168, "side": "buy", "size": "0.07956000", "price": "3046.57000000", "time": "2025-07-15T14:22:59.009263Z", "fetched_at": "2025-07-15T14:23:24.798094+00:00", "symbol": "ETH-USD"}, {"trade_id": 667350167, "side": "buy", "size": "0.07956000", "price": "3045.88000000", "time": "2025-07-15T14:22:58.212540Z", "fetched_at": "2025-07-15T14:23:24.798094+00:00", "symbol": "ETH-USD"}, {"trade_id": 667350166, "side": "buy", "size": "0.07956000", "price": "3045.69000000", "time": "2025-07-15T14:22:58.193945Z", "fetched_at": "2025-07-15T14:23:24.798094+00:00", "symbol": "ETH-USD"}, {"trade_id": 667350165, "side": "buy", "size": "0.04652752", "price": "3045.78000000", "time": "2025-07-15T14:22:58.173114Z", "fetched_at": "2025-07-15T14:23:24.798094+00:00", "symbol": "ETH-USD"}, {"trade_id": 667350164, "side": "buy", "size": "0.77427867", "price": "3045.78000000", "time": "2025-07-15T14:22:58.172920Z", "fetched_at": "2025-07-15T14:23:24.798094+00:00", "symbol": "ETH-USD"}, {"trade_id": 667350163, "side": "buy", "size": "0.06635466", "price": "3045.81000000", "time": "2025-07-15T14:22:58.172920Z", "fetched_at": "2025-07-15T14:23:24.798094+00:00", "symbol": "ETH-USD"}, {"trade_id": 667350162, "side": "buy", "size": "0.33932430", "price": "3045.82000000", "time": "2025-07-15T14:22:58.172920Z", "fetched_at": "2025-07-15T14:23:24.798094+00:00", "symbol": "ETH-USD"}, {"trade_id": 667350161, "side": "buy", "size": "0.20072953", "price": "3045.84000000", "time": "2025-07-15T14:22:58.171780Z", "fetched_at": "2025-07-15T14:23:24.798094+00:00", "symbol": "ETH-USD"}, {"trade_id": 667350160, "side": "buy", "size": "0.82669852", "price": "3045.85000000", "time": "2025-07-15T14:22:58.171366Z", "fetched_at": "2025-07-15T14:23:24.798094+00:00", "symbol": "ETH-USD"}, {"trade_id": 667350159, "side": "buy", "size": "0.97200000", "price": "3045.88000000", "time": "2025-07-15T14:22:58.171366Z", "fetched_at": "2025-07-15T14:23:24.798094+00:00", "symbol": "ETH-USD"}, {"trade_id": 667350158, "side": "buy", "size": "0.06867776", "price": "3045.89000000", "time": "2025-07-15T14:22:58.171366Z", "fetched_at": "2025-07-15T14:23:24.798094+00:00", "symbol": "ETH-USD"}, {"trade_id": 667350157, "side": "buy", "size": "0.00100000", "price": "3046.12000000", "time": "2025-07-15T14:22:58.171366Z", "fetched_at": "2025-07-15T14:23:24.798094+00:00", "symbol": "ETH-USD"}, {"trade_id": 667350156, "side": "buy", "size": "0.16414149", "price": "3046.15000000", "time": "2025-07-15T14:22:58.171366Z", "fetched_at": "2025-07-15T14:23:24.798094+00:00", "symbol": "ETH-USD"}, {"trade_id": 667350155, "side": "buy", "size": "0.00035151", "price": "3046.17000000", "time": "2025-07-15T14:22:58.170900Z", "fetched_at": "2025-07-15T14:23:24.798094+00:00", "symbol": "ETH-USD"}, {"trade_id": 667350154, "side": "buy", "size": "0.99900656", "price": "3046.17000000", "time": "2025-07-15T14:22:58.170900Z", "fetched_at": "2025-07-15T14:23:24.798094+00:00", "symbol": "ETH-USD"}, {"trade_id": 667350153, "side": "buy", "size": "0.50000000", "price": "3046.19000000", "time": "2025-07-15T14:22:58.170900Z", "fetched_at": "2025-07-15T14:23:24.798094+00:00", "symbol": "ETH-USD"}, {"trade_id": 667350152, "side": "buy", "size": "0.08486000", "price": "3046.37000000", "time": "2025-07-15T14:22:58.170900Z", "fetched_at": "2025-07-15T14:23:24.798094+00:00", "symbol": "ETH-USD"}, {"trade_id": 667350151, "side": "sell", "size": "0.25198293", "price": "3046.42000000", "time": "2025-07-15T14:22:57.006733Z", "fetched_at": "2025-07-15T14:23:24.798094+00:00", "symbol": "ETH-USD"}, {"trade_id": 667350150, "side": "sell", "size": "0.00024002", "price": "3046.41000000", "time": "2025-07-15T14:22:57.006733Z", "fetched_at": "2025-07-15T14:23:24.798094+00:00", "symbol": "ETH-USD"}, {"trade_id": 667350149, "side": "sell", "size": "0.01404317", "price": "3046.41000000", "time": "2025-07-15T14:22:57.006733Z", "fetched_at": "2025-07-15T14:23:24.798094+00:00", "symbol": "ETH-USD"}, {"trade_id": 667350148, "side": "sell", "size": "0.00100000", "price": "3046.35000000", "time": "2025-07-15T14:22:57.006733Z", "fetched_at": "2025-07-15T14:23:24.798094+00:00", "symbol": "ETH-USD"}, {"trade_id": 667350147, "side": "buy", "size": "0.01640705", "price": "3046.34000000", "time": "2025-07-15T14:22:56.518006Z", "fetched_at": "2025-07-15T14:23:24.798094+00:00", "symbol": "ETH-USD"}, {"trade_id": 667350146, "side": "sell", "size": "0.30000000", "price": "3046.20000000", "time": "2025-07-15T14:22:56.342906Z", "fetched_at": "2025-07-15T14:23:24.798094+00:00", "symbol": "ETH-USD"}, {"trade_id": 667350145, "side": "sell", "size": "0.00051456", "price": "3046.09000000", "time": "2025-07-15T14:22:56.342906Z", "fetched_at": "2025-07-15T14:23:24.798094+00:00", "symbol": "ETH-USD"}, {"trade_id": 667350144, "side": "sell", "size": "0.24986626", "price": "3046.09000000", "time": "2025-07-15T14:22:56.342906Z", "fetched_at": "2025-07-15T14:23:24.798094+00:00", "symbol": "ETH-USD"}, {"trade_id": 667350143, "side": "sell", "size": "0.02684762", "price": "3046.09000000", "time": "2025-07-15T14:22:56.342906Z", "fetched_at": "2025-07-15T14:23:24.798094+00:00", "symbol": "ETH-USD"}, {"trade_id": 667350142, "side": "sell", "size": "0.00798544", "price": "3046.09000000", "time": "2025-07-15T14:22:56.115001Z", "fetched_at": "2025-07-15T14:23:24.798094+00:00", "symbol": "ETH-USD"}, {"trade_id": 667350141, "side": "sell", "size": "0.00051456", "price": "3046.09000000", "time": "2025-07-15T14:22:56.115001Z", "fetched_at": "2025-07-15T14:23:24.798094+00:00", "symbol": "ETH-USD"}, {"trade_id": 667350140, "side": "sell", "size": "0.62625993", "price": "3045.89000000", "time": "2025-07-15T14:22:55.722087Z", "fetched_at": "2025-07-15T14:23:24.798094+00:00", "symbol": "ETH-USD"}, {"trade_id": 667350139, "side": "sell", "size": "0.81289102", "price": "3045.88000000", "time": "2025-07-15T14:22:55.722087Z", "fetched_at": "2025-07-15T14:23:24.798094+00:00", "symbol": "ETH-USD"}, {"trade_id": 667350138, "side": "sell", "size": "0.00203949", "price": "3045.87000000", "time": "2025-07-15T14:22:55.722087Z", "fetched_at": "2025-07-15T14:23:24.798094+00:00", "symbol": "ETH-USD"}, {"trade_id": 667350137, "side": "sell", "size": "0.00003053", "price": "3045.83000000", "time": "2025-07-15T14:22:55.722087Z", "fetched_at": "2025-07-15T14:23:24.798094+00:00", "symbol": "ETH-USD"}, {"trade_id": 667350136, "side": "sell", "size": "0.39229845", "price": "3045.83000000", "time": "2025-07-15T14:22:55.715972Z", "fetched_at": "2025-07-15T14:23:24.798094+00:00", "symbol": "ETH-USD"}, {"trade_id": 667350135, "side": "sell", "size": "0.30000000", "price": "3045.80000000", "time": "2025-07-15T14:22:55.676071Z", "fetched_at": "2025-07-15T14:23:24.798094+00:00", "symbol": "ETH-USD"}, {"trade_id": 667350134, "side": "sell", "size": "0.00005590", "price": "3045.79000000", "time": "2025-07-15T14:22:55.676071Z", "fetched_at": "2025-07-15T14:23:24.798094+00:00", "symbol": "ETH-USD"}, {"trade_id": 667350133, "side": "sell", "size": "0.00203949", "price": "3045.79000000", "time": "2025-07-15T14:22:55.676071Z", "fetched_at": "2025-07-15T14:23:24.798094+00:00", "symbol": "ETH-USD"}, {"trade_id": 667350132, "side": "sell", "size": "0.25119533", "price": "3045.79000000", "time": "2025-07-15T14:22:55.676071Z", "fetched_at": "2025-07-15T14:23:24.798094+00:00", "symbol": "ETH-USD"}, {"trade_id": 667350131, "side": "sell", "size": "0.43383868", "price": "3045.79000000", "time": "2025-07-15T14:22:55.676071Z", "fetched_at": "2025-07-15T14:23:24.798094+00:00", "symbol": "ETH-USD"}, {"trade_id": 667350130, "side": "sell", "size": "0.32962649", "price": "3045.58000000", "time": "2025-07-15T14:22:55.212181Z", "fetched_at": "2025-07-15T14:23:24.798094+00:00", "symbol": "ETH-USD"}, {"trade_id": 667350129, "side": "sell", "size": "0.00011178", "price": "3045.48000000", "time": "2025-07-15T14:22:55.212181Z", "fetched_at": "2025-07-15T14:23:24.798094+00:00", "symbol": "ETH-USD"}, {"trade_id": 667350128, "side": "sell", "size": "0.00206940", "price": "3045.46000000", "time": "2025-07-15T14:22:55.212181Z", "fetched_at": "2025-07-15T14:23:24.798094+00:00", "symbol": "ETH-USD"}, {"trade_id": 667350127, "side": "sell", "size": "0.24486992", "price": "3045.47000000", "time": "2025-07-15T14:22:55.194930Z", "fetched_at": "2025-07-15T14:23:24.798094+00:00", "symbol": "ETH-USD"}, {"trade_id": 667350126, "side": "sell", "size": "0.00059850", "price": "3045.46000000", "time": "2025-07-15T14:22:55.194930Z", "fetched_at": "2025-07-15T14:23:24.798094+00:00", "symbol": "ETH-USD"}, {"trade_id": 667350125, "side": "sell", "size": "0.00206940", "price": "3045.46000000", "time": "2025-07-15T14:22:55.194930Z", "fetched_at": "2025-07-15T14:23:24.798094+00:00", "symbol": "ETH-USD"}, {"trade_id": 667350124, "side": "sell", "size": "0.63953171", "price": "3045.46000000", "time": "2025-07-15T14:22:55.194930Z", "fetched_at": "2025-07-15T14:23:24.798094+00:00", "symbol": "ETH-USD"}, {"trade_id": 667350123, "side": "sell", "size": "0.15640070", "price": "3045.46000000", "time": "2025-07-15T14:22:55.125916Z", "fetched_at": "2025-07-15T14:23:24.798094+00:00", "symbol": "ETH-USD"}, {"trade_id": 667350122, "side": "sell", "size": "0.00185196", "price": "3045.46000000", "time": "2025-07-15T14:22:55.125916Z", "fetched_at": "2025-07-15T14:23:24.798094+00:00", "symbol": "ETH-USD"}, {"trade_id": 667350121, "side": "sell", "size": "0.00116073", "price": "3045.46000000", "time": "2025-07-15T14:22:55.125916Z", "fetched_at": "2025-07-15T14:23:24.798094+00:00", "symbol": "ETH-USD"}, {"trade_id": 667350120, "side": "buy", "size": "0.04040060", "price": "3045.45000000", "time": "2025-07-15T14:22:54.789123Z", "fetched_at": "2025-07-15T14:23:24.798094+00:00", "symbol": "ETH-USD"}, {"trade_id": 667350119, "side": "buy", "size": "0.00003940", "price": "3045.45000000", "time": "2025-07-15T14:22:54.789123Z", "fetched_at": "2025-07-15T14:23:24.798094+00:00", "symbol": "ETH-USD"}, {"trade_id": 667350118, "side": "buy", "size": "0.07956000", "price": "3045.45000000", "time": "2025-07-15T14:22:54.789123Z", "fetched_at": "2025-07-15T14:23:24.798094+00:00", "symbol": "ETH-USD"}, {"trade_id": 667350117, "side": "sell", "size": "0.60000000", "price": "3045.32000000", "time": "2025-07-15T14:22:54.441565Z", "fetched_at": "2025-07-15T14:23:24.798094+00:00", "symbol": "ETH-USD"}, {"trade_id": 667350116, "side": "sell", "size": "0.00208114", "price": "3045.31000000", "time": "2025-07-15T14:22:54.441565Z", "fetched_at": "2025-07-15T14:23:24.798094+00:00", "symbol": "ETH-USD"}, {"trade_id": 667350115, "side": "sell", "size": "0.25097382", "price": "3045.24000000", "time": "2025-07-15T14:22:54.229515Z", "fetched_at": "2025-07-15T14:23:24.798094+00:00", "symbol": "ETH-USD"}, {"trade_id": 667350114, "side": "sell", "size": "0.60000000", "price": "3045.23000000", "time": "2025-07-15T14:22:54.229515Z", "fetched_at": "2025-07-15T14:23:24.798094+00:00", "symbol": "ETH-USD"}, {"trade_id": 667350113, "side": "sell", "size": "0.00202939", "price": "3045.22000000", "time": "2025-07-15T14:22:54.229515Z", "fetched_at": "2025-07-15T14:23:24.798094+00:00", "symbol": "ETH-USD"}, {"trade_id": 667350112, "side": "buy", "size": "0.08486000", "price": "3045.22000000", "time": "2025-07-15T14:22:53.994471Z", "fetched_at": "2025-07-15T14:23:24.798094+00:00", "symbol": "ETH-USD"}, {"trade_id": 667350111, "side": "sell", "size": "0.01508617", "price": "3045.23000000", "time": "2025-07-15T14:22:53.898933Z", "fetched_at": "2025-07-15T14:23:24.798094+00:00", "symbol": "ETH-USD"}, {"trade_id": 667350110, "side": "sell", "size": "0.00202939", "price": "3045.22000000", "time": "2025-07-15T14:22:53.898933Z", "fetched_at": "2025-07-15T14:23:24.798094+00:00", "symbol": "ETH-USD"}, {"trade_id": 667350109, "side": "sell", "size": "0.32094798", "price": "3045.20000000", "time": "2025-07-15T14:22:53.880915Z", "fetched_at": "2025-07-15T14:23:24.798094+00:00", "symbol": "ETH-USD"}, {"trade_id": 667350108, "side": "sell", "size": "0.00185189", "price": "3045.12000000", "time": "2025-07-15T14:22:53.880915Z", "fetched_at": "2025-07-15T14:23:24.798094+00:00", "symbol": "ETH-USD"}, {"trade_id": 667350107, "side": "sell", "size": "0.00202939", "price": "3045.08000000", "time": "2025-07-15T14:22:53.880915Z", "fetched_at": "2025-07-15T14:23:24.798094+00:00", "symbol": "ETH-USD"}, {"trade_id": 667350106, "side": "sell", "size": "0.11861769", "price": "3045.09000000", "time": "2025-07-15T14:22:53.676821Z", "fetched_at": "2025-07-15T14:23:24.798094+00:00", "symbol": "ETH-USD"}, {"trade_id": 667350105, "side": "sell", "size": "0.00202939", "price": "3045.08000000", "time": "2025-07-15T14:22:53.676821Z", "fetched_at": "2025-07-15T14:23:24.798094+00:00", "symbol": "ETH-USD"}, {"trade_id": 667350104, "side": "sell", "size": "0.00007939", "price": "3045.06000000", "time": "2025-07-15T14:22:53.676821Z", "fetched_at": "2025-07-15T14:23:24.798094+00:00", "symbol": "ETH-USD"}, {"trade_id": 667350103, "side": "buy", "size": "0.00377354", "price": "3044.88000000", "time": "2025-07-15T14:22:53.655606Z", "fetched_at": "2025-07-15T14:23:24.798094+00:00", "symbol": "ETH-USD"}, {"trade_id": 667350102, "side": "buy", "size": "0.08486000", "price": "3045.01000000", "time": "2025-07-15T14:22:53.631896Z", "fetched_at": "2025-07-15T14:23:24.798094+00:00", "symbol": "ETH-USD"}, {"trade_id": 667350101, "side": "sell", "size": "0.00010337", "price": "3045.03000000", "time": "2025-07-15T14:22:53.611574Z", "fetched_at": "2025-07-15T14:23:24.798094+00:00", "symbol": "ETH-USD"}, {"trade_id": 667350100, "side": "sell", "size": "0.24269000", "price": "3045.03000000", "time": "2025-07-15T14:22:53.611574Z", "fetched_at": "2025-07-15T14:23:24.798094+00:00", "symbol": "ETH-USD"}, {"trade_id": 667350099, "side": "sell", "size": "0.42905360", "price": "3045.02000000", "time": "2025-07-15T14:22:53.611574Z", "fetched_at": "2025-07-15T14:23:24.798094+00:00", "symbol": "ETH-USD"}, {"trade_id": 667350098, "side": "sell", "size": "0.24708000", "price": "3044.99000000", "time": "2025-07-15T14:22:53.611574Z", "fetched_at": "2025-07-15T14:23:24.798094+00:00", "symbol": "ETH-USD"}, {"trade_id": 667350097, "side": "buy", "size": "0.18409769", "price": "3043.73000000", "time": "2025-07-15T14:22:53.565879Z", "fetched_at": "2025-07-15T14:23:24.798094+00:00", "symbol": "ETH-USD"}, {"trade_id": 667350096, "side": "buy", "size": "0.01077070", "price": "3043.77000000", "time": "2025-07-15T14:22:53.565879Z", "fetched_at": "2025-07-15T14:23:24.798094+00:00", "symbol": "ETH-USD"}, {"trade_id": 667350095, "side": "buy", "size": "0.14016771", "price": "3043.87000000", "time": "2025-07-15T14:22:53.565879Z", "fetched_at": "2025-07-15T14:23:24.798094+00:00", "symbol": "ETH-USD"}, {"trade_id": 667350094, "side": "buy", "size": "0.73112229", "price": "3043.87000000", "time": "2025-07-15T14:22:53.563958Z", "fetched_at": "2025-07-15T14:23:24.798094+00:00", "symbol": "ETH-USD"}, {"trade_id": 667350093, "side": "buy", "size": "0.26887771", "price": "3043.88000000", "time": "2025-07-15T14:22:53.563958Z", "fetched_at": "2025-07-15T14:23:24.798094+00:00", "symbol": "ETH-USD"}, {"trade_id": 667350092, "side": "buy", "size": "0.05884451", "price": "3043.88000000", "time": "2025-07-15T14:22:53.563958Z", "fetched_at": "2025-07-15T14:23:24.798094+00:00", "symbol": "ETH-USD"}, {"trade_id": 667350091, "side": "buy", "size": "0.00200000", "price": "3043.94000000", "time": "2025-07-15T14:22:53.563958Z", "fetched_at": "2025-07-15T14:23:24.798094+00:00", "symbol": "ETH-USD"}, {"trade_id": 667350090, "side": "buy", "size": "0.00049144", "price": "3043.95000000", "time": "2025-07-15T14:22:53.563958Z", "fetched_at": "2025-07-15T14:23:24.798094+00:00", "symbol": "ETH-USD"}, {"trade_id": 667350089, "side": "buy", "size": "0.11650332", "price": "3044.08000000", "time": "2025-07-15T14:22:53.563958Z", "fetched_at": "2025-07-15T14:23:24.798094+00:00", "symbol": "ETH-USD"}, {"trade_id": 667350088, "side": "buy", "size": "0.47558483", "price": "3044.09000000", "time": "2025-07-15T14:22:53.563958Z", "fetched_at": "2025-07-15T14:23:24.798094+00:00", "symbol": "ETH-USD"}, {"trade_id": 667350087, "side": "buy", "size": "0.14191807", "price": "3044.18000000", "time": "2025-07-15T14:22:53.563958Z", "fetched_at": "2025-07-15T14:23:24.798094+00:00", "symbol": "ETH-USD"}, {"trade_id": 667350086, "side": "buy", "size": "0.07956000", "price": "3044.18000000", "time": "2025-07-15T14:22:53.560364Z", "fetched_at": "2025-07-15T14:23:24.798094+00:00", "symbol": "ETH-USD"}, {"trade_id": 667350085, "side": "buy", "size": "0.02314000", "price": "3044.18000000", "time": "2025-07-15T14:22:53.560155Z", "fetched_at": "2025-07-15T14:23:24.798094+00:00", "symbol": "ETH-USD"}, {"trade_id": 667350084, "side": "buy", "size": "0.08486000", "price": "3044.45000000", "time": "2025-07-15T14:22:53.559842Z", "fetched_at": "2025-07-15T14:23:24.798094+00:00", "symbol": "ETH-USD"}, {"trade_id": 667350083, "side": "buy", "size": "0.51296193", "price": "3044.18000000", "time": "2025-07-15T14:22:53.559175Z", "fetched_at": "2025-07-15T14:23:24.798094+00:00", "symbol": "ETH-USD"}, {"trade_id": 667350082, "side": "buy", "size": "0.08486000", "price": "3044.60000000", "time": "2025-07-15T14:22:53.559175Z", "fetched_at": "2025-07-15T14:23:24.798094+00:00", "symbol": "ETH-USD"}, {"trade_id": 667350081, "side": "buy", "size": "0.07956000", "price": "3044.76000000", "time": "2025-07-15T14:22:53.559175Z", "fetched_at": "2025-07-15T14:23:24.798094+00:00", "symbol": "ETH-USD"}, {"trade_id": 667350080, "side": "buy", "size": "0.21442000", "price": "3044.18000000", "time": "2025-07-15T14:22:53.553116Z", "fetched_at": "2025-07-15T14:23:24.798094+00:00", "symbol": "ETH-USD"}, {"trade_id": 667350079, "side": "buy", "size": "0.07985558", "price": "3044.18000000", "time": "2025-07-15T14:22:53.552435Z", "fetched_at": "2025-07-15T14:23:24.798094+00:00", "symbol": "ETH-USD"}, {"trade_id": 667350078, "side": "buy", "size": "0.07956000", "price": "3044.54000000", "time": "2025-07-15T14:22:53.552435Z", "fetched_at": "2025-07-15T14:23:24.798094+00:00", "symbol": "ETH-USD"}, {"trade_id": 667350077, "side": "buy", "size": "0.27698510", "price": "3044.08000000", "time": "2025-07-15T14:22:53.547100Z", "fetched_at": "2025-07-15T14:23:24.798094+00:00", "symbol": "ETH-USD"}, {"trade_id": 667350076, "side": "buy", "size": "0.08486000", "price": "3044.08000000", "time": "2025-07-15T14:22:53.534762Z", "fetched_at": "2025-07-15T14:23:24.798094+00:00", "symbol": "ETH-USD"}, {"trade_id": 667350075, "side": "buy", "size": "0.04813502", "price": "3044.08000000", "time": "2025-07-15T14:22:53.534532Z", "fetched_at": "2025-07-15T14:23:24.798094+00:00", "symbol": "ETH-USD"}, {"trade_id": 667350074, "side": "buy", "size": "0.00328498", "price": "3044.16000000", "time": "2025-07-15T14:22:53.534532Z", "fetched_at": "2025-07-15T14:23:24.798094+00:00", "symbol": "ETH-USD"}, {"trade_id": 667350073, "side": "buy", "size": "0.86400000", "price": "3044.52000000", "time": "2025-07-15T14:22:53.534532Z", "fetched_at": "2025-07-15T14:23:24.798094+00:00", "symbol": "ETH-USD"}, {"trade_id": 667350072, "side": "buy", "size": "0.02314000", "price": "3044.52000000", "time": "2025-07-15T14:22:53.532978Z", "fetched_at": "2025-07-15T14:23:24.798094+00:00", "symbol": "ETH-USD"}, {"trade_id": 667350071, "side": "buy", "size": "0.08486000", "price": "3044.52000000", "time": "2025-07-15T14:22:53.530930Z", "fetched_at": "2025-07-15T14:23:24.798094+00:00", "symbol": "ETH-USD"}, {"trade_id": 667350070, "side": "buy", "size": "0.04900000", "price": "3044.17000000", "time": "2025-07-15T14:22:53.530028Z", "fetched_at": "2025-07-15T14:23:24.798094+00:00", "symbol": "ETH-USD"}, {"trade_id": 667350069, "side": "buy", "size": "0.00100000", "price": "3044.28000000", "time": "2025-07-15T14:22:53.530028Z", "fetched_at": "2025-07-15T14:23:24.798094+00:00", "symbol": "ETH-USD"}, {"trade_id": 667350068, "side": "buy", "size": "0.49282820", "price": "3044.40000000", "time": "2025-07-15T14:22:53.526979Z", "fetched_at": "2025-07-15T14:23:24.798094+00:00", "symbol": "ETH-USD"}, {"trade_id": 667350067, "side": "buy", "size": "0.11203526", "price": "3044.49000000", "time": "2025-07-15T14:22:53.526979Z", "fetched_at": "2025-07-15T14:23:24.798094+00:00", "symbol": "ETH-USD"}, {"trade_id": 667350066, "side": "buy", "size": "0.32274132", "price": "3044.52000000", "time": "2025-07-15T14:22:53.526979Z", "fetched_at": "2025-07-15T14:23:24.798094+00:00", "symbol": "ETH-USD"}, {"trade_id": 667350065, "side": "buy", "size": "0.21442000", "price": "3044.52000000", "time": "2025-07-15T14:22:53.526114Z", "fetched_at": "2025-07-15T14:23:24.798094+00:00", "symbol": "ETH-USD"}, {"trade_id": 667350064, "side": "sell", "size": "0.82102356", "price": "3044.98000000", "time": "2025-07-15T14:22:53.524140Z", "fetched_at": "2025-07-15T14:23:24.798094+00:00", "symbol": "ETH-USD"}, {"trade_id": 667350063, "side": "buy", "size": "0.13504474", "price": "3044.49000000", "time": "2025-07-15T14:22:53.523491Z", "fetched_at": "2025-07-15T14:23:24.798094+00:00", "symbol": "ETH-USD"}, {"trade_id": 667350062, "side": "buy", "size": "0.97200000", "price": "3044.51000000", "time": "2025-07-15T14:22:53.523491Z", "fetched_at": "2025-07-15T14:23:24.798094+00:00", "symbol": "ETH-USD"}, {"trade_id": 667350061, "side": "sell", "size": "0.66132480", "price": "3045.09000000", "time": "2025-07-15T14:22:53.486126Z", "fetched_at": "2025-07-15T14:23:24.798094+00:00", "symbol": "ETH-USD"}, {"trade_id": 667350060, "side": "sell", "size": "0.00403535", "price": "3045.06000000", "time": "2025-07-15T14:22:53.486126Z", "fetched_at": "2025-07-15T14:23:24.798094+00:00", "symbol": "ETH-USD"}, {"trade_id": 667350059, "side": "sell", "size": "0.35176660", "price": "3044.78000000", "time": "2025-07-15T14:22:53.480830Z", "fetched_at": "2025-07-15T14:23:24.798094+00:00", "symbol": "ETH-USD"}, {"trade_id": 667350058, "side": "sell", "size": "0.60695384", "price": "3044.80000000", "time": "2025-07-15T14:22:53.472462Z", "fetched_at": "2025-07-15T14:23:24.798094+00:00", "symbol": "ETH-USD"}, {"trade_id": 667350057, "side": "sell", "size": "0.01661000", "price": "3045.42000000", "time": "2025-07-15T14:22:53.460786Z", "fetched_at": "2025-07-15T14:23:24.798094+00:00", "symbol": "ETH-USD"}, {"trade_id": 667350056, "side": "buy", "size": "0.04154244", "price": "3044.33000000", "time": "2025-07-15T14:22:53.460191Z", "fetched_at": "2025-07-15T14:23:24.798094+00:00", "symbol": "ETH-USD"}, {"trade_id": 667350055, "side": "buy", "size": "0.00100000", "price": "3044.74000000", "time": "2025-07-15T14:22:53.458804Z", "fetched_at": "2025-07-15T14:23:24.798094+00:00", "symbol": "ETH-USD"}, {"trade_id": 667350054, "side": "buy", "size": "0.00170999", "price": "3044.75000000", "time": "2025-07-15T14:22:53.458804Z", "fetched_at": "2025-07-15T14:23:24.798094+00:00", "symbol": "ETH-USD"}, {"trade_id": 667350053, "side": "buy", "size": "0.23891900", "price": "3044.81000000", "time": "2025-07-15T14:22:53.458652Z", "fetched_at": "2025-07-15T14:23:24.798094+00:00", "symbol": "ETH-USD"}, {"trade_id": 667350052, "side": "buy", "size": "0.07956000", "price": "3044.82000000", "time": "2025-07-15T14:22:53.458652Z", "fetched_at": "2025-07-15T14:23:24.798094+00:00", "symbol": "ETH-USD"}, {"trade_id": 667350051, "side": "buy", "size": "0.07956000", "price": "3045.31000000", "time": "2025-07-15T14:22:53.448741Z", "fetched_at": "2025-07-15T14:23:24.798094+00:00", "symbol": "ETH-USD"}, {"trade_id": 667350050, "side": "buy", "size": "0.15035070", "price": "3045.59000000", "time": "2025-07-15T14:22:53.444821Z", "fetched_at": "2025-07-15T14:23:24.798094+00:00", "symbol": "ETH-USD"}, {"trade_id": 667350049, "side": "buy", "size": "0.09393768", "price": "3045.67000000", "time": "2025-07-15T14:22:53.442669Z", "fetched_at": "2025-07-15T14:23:24.798094+00:00", "symbol": "ETH-USD"}, {"trade_id": 667350048, "side": "buy", "size": "5.68595125", "price": "3044.81000000", "time": "2025-07-15T14:22:53.441901Z", "fetched_at": "2025-07-15T14:23:24.798094+00:00", "symbol": "ETH-USD"}, {"trade_id": 667350047, "side": "buy", "size": "0.00100000", "price": "3044.97000000", "time": "2025-07-15T14:22:53.441901Z", "fetched_at": "2025-07-15T14:23:24.798094+00:00", "symbol": "ETH-USD"}, {"trade_id": 667350046, "side": "buy", "size": "0.31819451", "price": "3045.00000000", "time": "2025-07-15T14:22:53.441901Z", "fetched_at": "2025-07-15T14:23:24.798094+00:00", "symbol": "ETH-USD"}, {"trade_id": 667350045, "side": "buy", "size": "0.24975474", "price": "3045.04000000", "time": "2025-07-15T14:22:53.441901Z", "fetched_at": "2025-07-15T14:23:24.798094+00:00", "symbol": "ETH-USD"}, {"trade_id": 667350044, "side": "buy", "size": "0.00100000", "price": "3045.20000000", "time": "2025-07-15T14:22:53.441901Z", "fetched_at": "2025-07-15T14:23:24.798094+00:00", "symbol": "ETH-USD"}, {"trade_id": 667350043, "side": "buy", "size": "0.13132731", "price": "3045.25000000", "time": "2025-07-15T14:22:53.441901Z", "fetched_at": "2025-07-15T14:23:24.798094+00:00", "symbol": "ETH-USD"}, {"trade_id": 667350042, "side": "buy", "size": "0.43500219", "price": "3045.30000000", "time": "2025-07-15T14:22:53.441901Z", "fetched_at": "2025-07-15T14:23:24.798094+00:00", "symbol": "ETH-USD"}, {"trade_id": 667350041, "side": "buy", "size": "0.06549551", "price": "3046.01000000", "time": "2025-07-15T14:22:53.440355Z", "fetched_at": "2025-07-15T14:23:24.798094+00:00", "symbol": "ETH-USD"}, {"trade_id": 667350040, "side": "buy", "size": "0.26241300", "price": "3046.07000000", "time": "2025-07-15T14:22:53.440058Z", "fetched_at": "2025-07-15T14:23:24.798094+00:00", "symbol": "ETH-USD"}, {"trade_id": 667350039, "side": "buy", "size": "0.00100000", "price": "3045.43000000", "time": "2025-07-15T14:22:53.438284Z", "fetched_at": "2025-07-15T14:23:24.798094+00:00", "symbol": "ETH-USD"}, {"trade_id": 667350038, "side": "buy", "size": "0.16922607", "price": "3045.46000000", "time": "2025-07-15T14:22:53.438284Z", "fetched_at": "2025-07-15T14:23:24.798094+00:00", "symbol": "ETH-USD"}, {"trade_id": 667350037, "side": "buy", "size": "0.01428000", "price": "3045.46000000", "time": "2025-07-15T14:22:53.437965Z", "fetched_at": "2025-07-15T14:23:24.798094+00:00", "symbol": "ETH-USD"}, {"trade_id": 667350036, "side": "buy", "size": "0.15035070", "price": "3045.59000000", "time": "2025-07-15T14:22:53.437609Z", "fetched_at": "2025-07-15T14:23:24.798094+00:00", "symbol": "ETH-USD"}, {"trade_id": 667350035, "side": "buy", "size": "0.01661000", "price": "3045.46000000", "time": "2025-07-15T14:22:53.437004Z", "fetched_at": "2025-07-15T14:23:24.798094+00:00", "symbol": "ETH-USD"}, {"trade_id": 667350034, "side": "buy", "size": "0.73523231", "price": "3045.65000000", "time": "2025-07-15T14:22:53.436895Z", "fetched_at": "2025-07-15T14:23:24.798094+00:00", "symbol": "ETH-USD"}, {"trade_id": 667350033, "side": "buy", "size": "0.60821041", "price": "3045.65000000", "time": "2025-07-15T14:22:53.436748Z", "fetched_at": "2025-07-15T14:23:24.798094+00:00", "symbol": "ETH-USD"}, {"trade_id": 667350032, "side": "buy", "size": "0.00100000", "price": "3045.66000000", "time": "2025-07-15T14:22:53.436748Z", "fetched_at": "2025-07-15T14:23:24.798094+00:00", "symbol": "ETH-USD"}, {"trade_id": 667350031, "side": "buy", "size": "0.00253629", "price": "3045.66000000", "time": "2025-07-15T14:22:53.436748Z", "fetched_at": "2025-07-15T14:23:24.798094+00:00", "symbol": "ETH-USD"}, {"trade_id": 667350030, "side": "buy", "size": "0.82515915", "price": "3045.66000000", "time": "2025-07-15T14:22:53.436702Z", "fetched_at": "2025-07-15T14:23:24.798094+00:00", "symbol": "ETH-USD"}, {"trade_id": 667350029, "side": "buy", "size": "0.00493456", "price": "3045.66000000", "time": "2025-07-15T14:22:53.435317Z", "fetched_at": "2025-07-15T14:23:24.798094+00:00", "symbol": "ETH-USD"}, {"trade_id": 667350028, "side": "buy", "size": "0.00328334", "price": "3045.68000000", "time": "2025-07-15T14:22:53.435317Z", "fetched_at": "2025-07-15T14:23:24.798094+00:00", "symbol": "ETH-USD"}, {"trade_id": 667350027, "side": "buy", "size": "0.02246729", "price": "3045.76000000", "time": "2025-07-15T14:22:53.435317Z", "fetched_at": "2025-07-15T14:23:24.798094+00:00", "symbol": "ETH-USD"}, {"trade_id": 667350026, "side": "buy", "size": "0.00170999", "price": "3045.81000000", "time": "2025-07-15T14:22:53.435317Z", "fetched_at": "2025-07-15T14:23:24.798094+00:00", "symbol": "ETH-USD"}, {"trade_id": 667350025, "side": "buy", "size": "0.00100000", "price": "3045.89000000", "time": "2025-07-15T14:22:53.435317Z", "fetched_at": "2025-07-15T14:23:24.798094+00:00", "symbol": "ETH-USD"}, {"trade_id": 667350024, "side": "buy", "size": "1.69985931", "price": "3045.91000000", "time": "2025-07-15T14:22:53.435317Z", "fetched_at": "2025-07-15T14:23:24.798094+00:00", "symbol": "ETH-USD"}, {"trade_id": 667350023, "side": "buy", "size": "3.99285514", "price": "3045.91000000", "time": "2025-07-15T14:22:53.435256Z", "fetched_at": "2025-07-15T14:23:24.798094+00:00", "symbol": "ETH-USD"}, {"trade_id": 667350022, "side": "buy", "size": "4.38328555", "price": "3045.91000000", "time": "2025-07-15T14:22:53.434851Z", "fetched_at": "2025-07-15T14:23:24.798094+00:00", "symbol": "ETH-USD"}, {"trade_id": 667350021, "side": "buy", "size": "9.25666762", "price": "3046.05000000", "time": "2025-07-15T14:22:53.433803Z", "fetched_at": "2025-07-15T14:23:24.798094+00:00", "symbol": "ETH-USD"}, {"trade_id": 667350020, "side": "buy", "size": "2.12770087", "price": "3046.07000000", "time": "2025-07-15T14:22:53.433803Z", "fetched_at": "2025-07-15T14:23:24.798094+00:00", "symbol": "ETH-USD"}, {"trade_id": 667350019, "side": "buy", "size": "1.27662052", "price": "3046.11000000", "time": "2025-07-15T14:22:53.433803Z", "fetched_at": "2025-07-15T14:23:24.798094+00:00", "symbol": "ETH-USD"}, {"trade_id": 667350018, "side": "buy", "size": "0.00100000", "price": "3046.12000000", "time": "2025-07-15T14:22:53.433803Z", "fetched_at": "2025-07-15T14:23:24.798094+00:00", "symbol": "ETH-USD"}, {"trade_id": 667350017, "side": "buy", "size": "1.28766826", "price": "3046.26000000", "time": "2025-07-15T14:22:53.433803Z", "fetched_at": "2025-07-15T14:23:24.798094+00:00", "symbol": "ETH-USD"}, {"trade_id": 667350016, "side": "buy", "size": "0.01007930", "price": "3046.32000000", "time": "2025-07-15T14:22:53.433134Z", "fetched_at": "2025-07-15T14:23:24.798094+00:00", "symbol": "ETH-USD"}, {"trade_id": 667350015, "side": "buy", "size": "0.00100000", "price": "3046.35000000", "time": "2025-07-15T14:22:53.432970Z", "fetched_at": "2025-07-15T14:23:24.798094+00:00", "symbol": "ETH-USD"}, {"trade_id": 667350014, "side": "buy", "size": "0.82064565", "price": "3046.38000000", "time": "2025-07-15T14:22:53.432970Z", "fetched_at": "2025-07-15T14:23:24.798094+00:00", "symbol": "ETH-USD"}, {"trade_id": 667350013, "side": "buy", "size": "2.12812016", "price": "3046.38000000", "time": "2025-07-15T14:22:53.432970Z", "fetched_at": "2025-07-15T14:23:24.798094+00:00", "symbol": "ETH-USD"}, {"trade_id": 667350012, "side": "buy", "size": "0.97200000", "price": "3046.38000000", "time": "2025-07-15T14:22:53.432970Z", "fetched_at": "2025-07-15T14:23:24.798094+00:00", "symbol": "ETH-USD"}, {"trade_id": 667350011, "side": "buy", "size": "5.63467810", "price": "3046.40000000", "time": "2025-07-15T14:22:53.432970Z", "fetched_at": "2025-07-15T14:23:24.798094+00:00", "symbol": "ETH-USD"}, {"trade_id": 667350010, "side": "buy", "size": "2.29497595", "price": "3046.40000000", "time": "2025-07-15T14:22:53.432902Z", "fetched_at": "2025-07-15T14:23:24.798094+00:00", "symbol": "ETH-USD"}, {"trade_id": 667350009, "side": "buy", "size": "1.46234595", "price": "3046.40000000", "time": "2025-07-15T14:22:53.432833Z", "fetched_at": "2025-07-15T14:23:24.798094+00:00", "symbol": "ETH-USD"}, {"trade_id": 667350008, "side": "buy", "size": "0.83263000", "price": "3046.44000000", "time": "2025-07-15T14:22:53.432833Z", "fetched_at": "2025-07-15T14:23:24.798094+00:00", "symbol": "ETH-USD"}, {"trade_id": 667350007, "side": "buy", "size": "0.15000000", "price": "3046.77000000", "time": "2025-07-15T14:22:53.432650Z", "fetched_at": "2025-07-15T14:23:24.798094+00:00", "symbol": "ETH-USD"}, {"trade_id": 667350006, "side": "buy", "size": "0.80446949", "price": "3046.47000000", "time": "2025-07-15T14:22:53.431872Z", "fetched_at": "2025-07-15T14:23:24.798094+00:00", "symbol": "ETH-USD"}, {"trade_id": 667350005, "side": "buy", "size": "0.31720088", "price": "3046.50000000", "time": "2025-07-15T14:22:53.431872Z", "fetched_at": "2025-07-15T14:23:24.798094+00:00", "symbol": "ETH-USD"}, {"trade_id": 667350004, "side": "buy", "size": "0.31775641", "price": "3046.52000000", "time": "2025-07-15T14:22:53.431872Z", "fetched_at": "2025-07-15T14:23:24.798094+00:00", "symbol": "ETH-USD"}, {"trade_id": 667350003, "side": "buy", "size": "0.00100000", "price": "3046.58000000", "time": "2025-07-15T14:22:53.431872Z", "fetched_at": "2025-07-15T14:23:24.798094+00:00", "symbol": "ETH-USD"}, {"trade_id": 667350002, "side": "buy", "size": "0.61174670", "price": "3046.64000000", "time": "2025-07-15T14:22:53.431523Z", "fetched_at": "2025-07-15T14:23:24.798094+00:00", "symbol": "ETH-USD"}, {"trade_id": 667350001, "side": "buy", "size": "0.82056542", "price": "3046.67000000", "time": "2025-07-15T14:22:53.430651Z", "fetched_at": "2025-07-15T14:23:24.798094+00:00", "symbol": "ETH-USD"}, {"trade_id": 667350000, "side": "buy", "size": "0.97200000", "price": "3046.75000000", "time": "2025-07-15T14:22:53.430651Z", "fetched_at": "2025-07-15T14:23:24.798094+00:00", "symbol": "ETH-USD"}, {"trade_id": 667349999, "side": "buy", "size": "0.05000000", "price": "3046.78000000", "time": "2025-07-15T14:22:53.430651Z", "fetched_at": "2025-07-15T14:23:24.798094+00:00", "symbol": "ETH-USD"}, {"trade_id": 667349998, "side": "buy", "size": "0.10619291", "price": "3046.79000000", "time": "2025-07-15T14:22:53.430651Z", "fetched_at": "2025-07-15T14:23:24.798094+00:00", "symbol": "ETH-USD"}, {"trade_id": 667349997, "side": "buy", "size": "0.00100000", "price": "3046.81000000", "time": "2025-07-15T14:22:53.430651Z", "fetched_at": "2025-07-15T14:23:24.798094+00:00", "symbol": "ETH-USD"}, {"trade_id": 667349996, "side": "buy", "size": "0.16410551", "price": "3046.82000000", "time": "2025-07-15T14:22:53.430651Z", "fetched_at": "2025-07-15T14:23:24.798094+00:00", "symbol": "ETH-USD"}, {"trade_id": 667349995, "side": "buy", "size": "0.00100000", "price": "3047.04000000", "time": "2025-07-15T14:22:53.429930Z", "fetched_at": "2025-07-15T14:23:24.798094+00:00", "symbol": "ETH-USD"}, {"trade_id": 667349994, "side": "buy", "size": "0.00042664", "price": "3047.05000000", "time": "2025-07-15T14:22:53.429930Z", "fetched_at": "2025-07-15T14:23:24.798094+00:00", "symbol": "ETH-USD"}, {"trade_id": 667349993, "side": "buy", "size": "0.01753493", "price": "3047.06000000", "time": "2025-07-15T14:22:53.429930Z", "fetched_at": "2025-07-15T14:23:24.798094+00:00", "symbol": "ETH-USD"}, {"trade_id": 667349992, "side": "buy", "size": "0.00239575", "price": "3047.06000000", "time": "2025-07-15T14:22:53.429930Z", "fetched_at": "2025-07-15T14:23:24.798094+00:00", "symbol": "ETH-USD"}, {"trade_id": 667349991, "side": "buy", "size": "0.00477181", "price": "3047.06000000", "time": "2025-07-15T14:22:53.429930Z", "fetched_at": "2025-07-15T14:23:24.798094+00:00", "symbol": "ETH-USD"}, {"trade_id": 667349990, "side": "buy", "size": "0.01053802", "price": "3047.06000000", "time": "2025-07-15T14:22:53.429930Z", "fetched_at": "2025-07-15T14:23:24.798094+00:00", "symbol": "ETH-USD"}, {"trade_id": 667349989, "side": "buy", "size": "0.07956000", "price": "3047.28000000", "time": "2025-07-15T14:22:53.429930Z", "fetched_at": "2025-07-15T14:23:24.798094+00:00", "symbol": "ETH-USD"}, {"trade_id": 667349988, "side": "sell", "size": "0.00401158", "price": "3047.45000000", "time": "2025-07-15T14:22:53.223994Z", "fetched_at": "2025-07-15T14:23:24.798094+00:00", "symbol": "ETH-USD"}, {"trade_id": 667349987, "side": "sell", "size": "0.00065724", "price": "3047.39000000", "time": "2025-07-15T14:22:53.223994Z", "fetched_at": "2025-07-15T14:23:24.798094+00:00", "symbol": "ETH-USD"}, {"trade_id": 667349986, "side": "buy", "size": "0.07956000", "price": "3047.54000000", "time": "2025-07-15T14:22:52.787370Z", "fetched_at": "2025-07-15T14:23:24.798094+00:00", "symbol": "ETH-USD"}, {"trade_id": 667349985, "side": "sell", "size": "0.30000000", "price": "3047.10000000", "time": "2025-07-15T14:22:52.577846Z", "fetched_at": "2025-07-15T14:23:24.798094+00:00", "symbol": "ETH-USD"}, {"trade_id": 667349984, "side": "sell", "size": "0.02112549", "price": "3047.07000000", "time": "2025-07-15T14:22:52.577846Z", "fetched_at": "2025-07-15T14:23:24.798094+00:00", "symbol": "ETH-USD"}, {"trade_id": 667349983, "side": "sell", "size": "0.00010334", "price": "3047.07000000", "time": "2025-07-15T14:22:52.577846Z", "fetched_at": "2025-07-15T14:23:24.798094+00:00", "symbol": "ETH-USD"}, {"trade_id": 667349982, "side": "buy", "size": "0.00579542", "price": "3047.23000000", "time": "2025-07-15T14:22:50.699017Z", "fetched_at": "2025-07-15T14:23:24.798094+00:00", "symbol": "ETH-USD"}, {"trade_id": 667349981, "side": "sell", "size": "0.01618334", "price": "3047.24000000", "time": "2025-07-15T14:22:50.629929Z", "fetched_at": "2025-07-15T14:23:24.798094+00:00", "symbol": "ETH-USD"}, {"trade_id": 667349980, "side": "buy", "size": "0.00052380", "price": "3047.08000000", "time": "2025-07-15T14:22:49.738967Z", "fetched_at": "2025-07-15T14:23:24.798094+00:00", "symbol": "ETH-USD"}, {"trade_id": 667349979, "side": "buy", "size": "0.00100000", "price": "3047.27000000", "time": "2025-07-15T14:22:49.738967Z", "fetched_at": "2025-07-15T14:23:24.798094+00:00", "symbol": "ETH-USD"}, {"trade_id": 667349978, "side": "buy", "size": "0.00100000", "price": "3047.50000000", "time": "2025-07-15T14:22:49.738967Z", "fetched_at": "2025-07-15T14:23:24.798094+00:00", "symbol": "ETH-USD"}, {"trade_id": 667349977, "side": "buy", "size": "0.00000656", "price": "3047.58000000", "time": "2025-07-15T14:22:49.738967Z", "fetched_at": "2025-07-15T14:23:24.798094+00:00", "symbol": "ETH-USD"}, {"trade_id": 667349976, "side": "buy", "size": "0.00000328", "price": "3047.66000000", "time": "2025-07-15T14:22:49.738967Z", "fetched_at": "2025-07-15T14:23:24.798094+00:00", "symbol": "ETH-USD"}, {"trade_id": 667349975, "side": "buy", "size": "0.00610231", "price": "3047.66000000", "time": "2025-07-15T14:22:49.738967Z", "fetched_at": "2025-07-15T14:23:24.798094+00:00", "symbol": "ETH-USD"}, {"trade_id": 667349974, "side": "sell", "size": "0.01810000", "price": "3047.67000000", "time": "2025-07-15T14:22:49.655929Z", "fetched_at": "2025-07-15T14:23:24.798094+00:00", "symbol": "ETH-USD"}, {"trade_id": 667349973, "side": "buy", "size": "0.01765916", "price": "3047.71000000", "time": "2025-07-15T14:22:49.409891Z", "fetched_at": "2025-07-15T14:23:24.798094+00:00", "symbol": "ETH-USD"}, {"trade_id": 667349972, "side": "buy", "size": "0.01579546", "price": "3047.71000000", "time": "2025-07-15T14:22:49.409891Z", "fetched_at": "2025-07-15T14:23:24.798094+00:00", "symbol": "ETH-USD"}, {"trade_id": 667349971, "side": "buy", "size": "0.00000656", "price": "3047.72000000", "time": "2025-07-15T14:22:49.409891Z", "fetched_at": "2025-07-15T14:23:24.798094+00:00", "symbol": "ETH-USD"}, {"trade_id": 667349970, "side": "sell", "size": "0.00186818", "price": "3047.89000000", "time": "2025-07-15T14:22:48.443992Z", "fetched_at": "2025-07-15T14:23:24.798094+00:00", "symbol": "ETH-USD"}, {"trade_id": 667349969, "side": "sell", "size": "0.00154327", "price": "3047.90000000", "time": "2025-07-15T14:22:48.389175Z", "fetched_at": "2025-07-15T14:23:24.798094+00:00", "symbol": "ETH-USD"}, {"trade_id": 667349968, "side": "buy", "size": "0.00068519", "price": "3047.72000000", "time": "2025-07-15T14:22:47.984322Z", "fetched_at": "2025-07-15T14:23:24.798094+00:00", "symbol": "ETH-USD"}, {"trade_id": 667349967, "side": "sell", "size": "0.00316748", "price": "3047.94000000", "time": "2025-07-15T14:22:47.004064Z", "fetched_at": "2025-07-15T14:23:24.798094+00:00", "symbol": "ETH-USD"}, {"trade_id": 667349966, "side": "buy", "size": "0.10948905", "price": "3047.67000000", "time": "2025-07-15T14:22:46.891722Z", "fetched_at": "2025-07-15T14:23:24.798094+00:00", "symbol": "ETH-USD"}, {"trade_id": 667349965, "side": "buy", "size": "0.00389769", "price": "3047.66000000", "time": "2025-07-15T14:22:46.660140Z", "fetched_at": "2025-07-15T14:23:24.798094+00:00", "symbol": "ETH-USD"}, {"trade_id": 667349964, "side": "buy", "size": "0.03160098", "price": "3047.69000000", "time": "2025-07-15T14:22:46.660140Z", "fetched_at": "2025-07-15T14:23:24.798094+00:00", "symbol": "ETH-USD"}, {"trade_id": 667349963, "side": "buy", "size": "0.00789052", "price": "3047.96000000", "time": "2025-07-15T14:22:46.660140Z", "fetched_at": "2025-07-15T14:23:24.798094+00:00", "symbol": "ETH-USD"}, {"trade_id": 667349962, "side": "buy", "size": "0.00419624", "price": "3047.96000000", "time": "2025-07-15T14:22:46.660140Z", "fetched_at": "2025-07-15T14:23:24.798094+00:00", "symbol": "ETH-USD"}, {"trade_id": 667349961, "side": "buy", "size": "0.00100000", "price": "3047.96000000", "time": "2025-07-15T14:22:46.660140Z", "fetched_at": "2025-07-15T14:23:24.798094+00:00", "symbol": "ETH-USD"}, {"trade_id": 667349960, "side": "buy", "size": "0.00418964", "price": "3047.99000000", "time": "2025-07-15T14:22:45.127995Z", "fetched_at": "2025-07-15T14:23:24.798094+00:00", "symbol": "ETH-USD"}, {"trade_id": 667349959, "side": "buy", "size": "0.01172247", "price": "3047.99000000", "time": "2025-07-15T14:22:45.127995Z", "fetched_at": "2025-07-15T14:23:24.798094+00:00", "symbol": "ETH-USD"}, {"trade_id": 667349958, "side": "buy", "size": "1.21407042", "price": "3047.99000000", "time": "2025-07-15T14:22:45.127995Z", "fetched_at": "2025-07-15T14:23:24.798094+00:00", "symbol": "ETH-USD"}, {"trade_id": 667349957, "side": "buy", "size": "0.70000000", "price": "3048.01000000", "time": "2025-07-15T14:22:44.522526Z", "fetched_at": "2025-07-15T14:23:24.798094+00:00", "symbol": "ETH-USD"}, {"trade_id": 667349956, "side": "buy", "size": "0.08592958", "price": "3047.99000000", "time": "2025-07-15T14:22:43.975790Z", "fetched_at": "2025-07-15T14:23:24.798094+00:00", "symbol": "ETH-USD"}, {"trade_id": 667349955, "side": "buy", "size": "0.15000000", "price": "3048.00000000", "time": "2025-07-15T14:22:43.975790Z", "fetched_at": "2025-07-15T14:23:24.798094+00:00", "symbol": "ETH-USD"}, {"trade_id": 667349954, "side": "sell", "size": "0.02822209", "price": "3048.20000000", "time": "2025-07-15T14:22:43.782665Z", "fetched_at": "2025-07-15T14:23:24.798094+00:00", "symbol": "ETH-USD"}, {"trade_id": 667349953, "side": "sell", "size": "0.00185193", "price": "3048.00000000", "time": "2025-07-15T14:22:43.782665Z", "fetched_at": "2025-07-15T14:23:24.798094+00:00", "symbol": "ETH-USD"}, {"trade_id": 667349952, "side": "sell", "size": "0.00328027", "price": "3048.00000000", "time": "2025-07-15T14:22:43.782665Z", "fetched_at": "2025-07-15T14:23:24.798094+00:00", "symbol": "ETH-USD"}, {"trade_id": 667349951, "side": "buy", "size": "0.00526215", "price": "3048.18000000", "time": "2025-07-15T14:22:43.381075Z", "fetched_at": "2025-07-15T14:23:24.798094+00:00", "symbol": "ETH-USD"}, {"trade_id": 667349950, "side": "sell", "size": "0.97200000", "price": "3048.29000000", "time": "2025-07-15T14:22:43.155975Z", "fetched_at": "2025-07-15T14:23:24.798094+00:00", "symbol": "ETH-USD"}, {"trade_id": 667349949, "side": "sell", "size": "0.30000000", "price": "3048.28000000", "time": "2025-07-15T14:22:43.155975Z", "fetched_at": "2025-07-15T14:23:24.798094+00:00", "symbol": "ETH-USD"}, {"trade_id": 667349948, "side": "sell", "size": "0.24708000", "price": "3048.25000000", "time": "2025-07-15T14:22:43.155975Z", "fetched_at": "2025-07-15T14:23:24.798094+00:00", "symbol": "ETH-USD"}, {"trade_id": 667349947, "side": "buy", "size": "0.90000000", "price": "3048.25000000", "time": "2025-07-15T14:22:43.140798Z", "fetched_at": "2025-07-15T14:23:24.798094+00:00", "symbol": "ETH-USD"}, {"trade_id": 667349946, "side": "sell", "size": "0.00324905", "price": "3048.54000000", "time": "2025-07-15T14:22:43.113342Z", "fetched_at": "2025-07-15T14:23:24.798094+00:00", "symbol": "ETH-USD"}, {"trade_id": 667349945, "side": "buy", "size": "0.12093743", "price": "3048.21000000", "time": "2025-07-15T14:22:42.732104Z", "fetched_at": "2025-07-15T14:23:24.798094+00:00", "symbol": "ETH-USD"}, {"trade_id": 667349944, "side": "buy", "size": "0.05000000", "price": "3048.22000000", "time": "2025-07-15T14:22:42.732104Z", "fetched_at": "2025-07-15T14:23:24.798094+00:00", "symbol": "ETH-USD"}, {"trade_id": 667349943, "side": "buy", "size": "0.00001640", "price": "3048.41000000", "time": "2025-07-15T14:22:42.732104Z", "fetched_at": "2025-07-15T14:23:24.798094+00:00", "symbol": "ETH-USD"}, {"trade_id": 667349942, "side": "buy", "size": "0.00263744", "price": "3048.41000000", "time": "2025-07-15T14:22:42.732104Z", "fetched_at": "2025-07-15T14:23:24.798094+00:00", "symbol": "ETH-USD"}, {"trade_id": 667349941, "side": "buy", "size": "0.01061536", "price": "3048.41000000", "time": "2025-07-15T14:22:42.732104Z", "fetched_at": "2025-07-15T14:23:24.798094+00:00", "symbol": "ETH-USD"}, {"trade_id": 667349940, "side": "buy", "size": "0.11957644", "price": "3048.58000000", "time": "2025-07-15T14:22:42.732104Z", "fetched_at": "2025-07-15T14:23:24.798094+00:00", "symbol": "ETH-USD"}, {"trade_id": 667349939, "side": "buy", "size": "0.01665693", "price": "3048.58000000", "time": "2025-07-15T14:22:42.732104Z", "fetched_at": "2025-07-15T14:23:24.798094+00:00", "symbol": "ETH-USD"}, {"trade_id": 667349938, "side": "buy", "size": "0.07956000", "price": "3048.58000000", "time": "2025-07-15T14:22:42.732104Z", "fetched_at": "2025-07-15T14:23:24.798094+00:00", "symbol": "ETH-USD"}, {"trade_id": 667349937, "side": "sell", "size": "0.00024003", "price": "3048.42000000", "time": "2025-07-15T14:22:42.117254Z", "fetched_at": "2025-07-15T14:23:24.798094+00:00", "symbol": "ETH-USD"}, {"trade_id": 667349936, "side": "sell", "size": "0.00328068", "price": "3048.42000000", "time": "2025-07-15T14:22:42.117254Z", "fetched_at": "2025-07-15T14:23:24.798094+00:00", "symbol": "ETH-USD"}, {"trade_id": 667349935, "side": "sell", "size": "0.00034944", "price": "3048.42000000", "time": "2025-07-15T14:22:42.061858Z", "fetched_at": "2025-07-15T14:23:24.798094+00:00", "symbol": "ETH-USD"}, {"trade_id": 667349934, "side": "sell", "size": "0.01925056", "price": "3048.42000000", "time": "2025-07-15T14:22:42.061858Z", "fetched_at": "2025-07-15T14:23:24.798094+00:00", "symbol": "ETH-USD"}, {"trade_id": 667349933, "side": "sell", "size": "0.00100000", "price": "3048.42000000", "time": "2025-07-15T14:22:42.061858Z", "fetched_at": "2025-07-15T14:23:24.798094+00:00", "symbol": "ETH-USD"}, {"trade_id": 667349932, "side": "buy", "size": "0.00572873", "price": "3048.41000000", "time": "2025-07-15T14:22:41.647471Z", "fetched_at": "2025-07-15T14:23:24.798094+00:00", "symbol": "ETH-USD"}, {"trade_id": 667349931, "side": "sell", "size": "0.00100000", "price": "3048.19000000", "time": "2025-07-15T14:22:40.926882Z", "fetched_at": "2025-07-15T14:23:24.798094+00:00", "symbol": "ETH-USD"}, {"trade_id": 667349930, "side": "buy", "size": "0.20137387", "price": "3048.18000000", "time": "2025-07-15T14:22:40.577486Z", "fetched_at": "2025-07-15T14:23:24.798094+00:00", "symbol": "ETH-USD"}, {"trade_id": 667349929, "side": "buy", "size": "0.48420613", "price": "3048.18000000", "time": "2025-07-15T14:22:40.577486Z", "fetched_at": "2025-07-15T14:23:24.798094+00:00", "symbol": "ETH-USD"}, {"trade_id": 667349928, "side": "buy", "size": "0.15000000", "price": "3048.18000000", "time": "2025-07-15T14:22:40.577486Z", "fetched_at": "2025-07-15T14:23:24.798094+00:00", "symbol": "ETH-USD"}, {"trade_id": 667349927, "side": "buy", "size": "0.07956000", "price": "3048.18000000", "time": "2025-07-15T14:22:40.577486Z", "fetched_at": "2025-07-15T14:23:24.798094+00:00", "symbol": "ETH-USD"}, {"trade_id": 667349926, "side": "buy", "size": "0.08486000", "price": "3048.18000000", "time": "2025-07-15T14:22:40.577486Z", "fetched_at": "2025-07-15T14:23:24.798094+00:00", "symbol": "ETH-USD"}, {"trade_id": 667349925, "side": "sell", "size": "0.01000000", "price": "3047.96000000", "time": "2025-07-15T14:22:40.279383Z", "fetched_at": "2025-07-15T14:23:24.798094+00:00", "symbol": "ETH-USD"}, {"trade_id": 667349924, "side": "sell", "size": "0.00100000", "price": "3047.96000000", "time": "2025-07-15T14:22:40.279383Z", "fetched_at": "2025-07-15T14:23:24.798094+00:00", "symbol": "ETH-USD"}, {"trade_id": 667349923, "side": "buy", "size": "0.03622356", "price": "3047.95000000", "time": "2025-07-15T14:22:40.112106Z", "fetched_at": "2025-07-15T14:23:24.798094+00:00", "symbol": "ETH-USD"}, {"trade_id": 667349922, "side": "buy", "size": "0.07956000", "price": "3047.95000000", "time": "2025-07-15T14:22:40.112106Z", "fetched_at": "2025-07-15T14:23:24.798094+00:00", "symbol": "ETH-USD"}, {"trade_id": 667349921, "side": "buy", "size": "0.08486000", "price": "3047.95000000", "time": "2025-07-15T14:22:40.112106Z", "fetched_at": "2025-07-15T14:23:24.798094+00:00", "symbol": "ETH-USD"}, {"trade_id": 667349920, "side": "sell", "size": "0.30000000", "price": "3047.80000000", "time": "2025-07-15T14:22:39.864753Z", "fetched_at": "2025-07-15T14:23:24.798094+00:00", "symbol": "ETH-USD"}, {"trade_id": 667349919, "side": "sell", "size": "0.00017700", "price": "3047.79000000", "time": "2025-07-15T14:22:39.864753Z", "fetched_at": "2025-07-15T14:23:24.798094+00:00", "symbol": "ETH-USD"}, {"trade_id": 667349918, "side": "sell", "size": "0.00345093", "price": "3047.79000000", "time": "2025-07-15T14:22:39.864753Z", "fetched_at": "2025-07-15T14:23:24.798094+00:00", "symbol": "ETH-USD"}, {"trade_id": 667349917, "side": "buy", "size": "0.00010000", "price": "3047.78000000", "time": "2025-07-15T14:22:39.052882Z", "fetched_at": "2025-07-15T14:23:24.798094+00:00", "symbol": "ETH-USD"}, {"trade_id": 667349916, "side": "sell", "size": "0.19110000", "price": "3047.70000000", "time": "2025-07-15T14:22:38.837401Z", "fetched_at": "2025-07-15T14:23:24.798094+00:00", "symbol": "ETH-USD"}, {"trade_id": 667349915, "side": "sell", "size": "0.00185227", "price": "3047.70000000", "time": "2025-07-15T14:22:38.837401Z", "fetched_at": "2025-07-15T14:23:24.798094+00:00", "symbol": "ETH-USD"}, {"trade_id": 667349914, "side": "sell", "size": "0.00621180", "price": "3047.70000000", "time": "2025-07-15T14:22:38.837401Z", "fetched_at": "2025-07-15T14:23:24.798094+00:00", "symbol": "ETH-USD"}, {"trade_id": 667349913, "side": "sell", "size": "0.00005589", "price": "3047.70000000", "time": "2025-07-15T14:22:38.837401Z", "fetched_at": "2025-07-15T14:23:24.798094+00:00", "symbol": "ETH-USD"}, {"trade_id": 667349912, "side": "sell", "size": "0.00723913", "price": "3047.70000000", "time": "2025-07-15T14:22:38.837401Z", "fetched_at": "2025-07-15T14:23:24.798094+00:00", "symbol": "ETH-USD"}, {"trade_id": 667349911, "side": "sell", "size": "0.00024002", "price": "3047.70000000", "time": "2025-07-15T14:22:38.837401Z", "fetched_at": "2025-07-15T14:23:24.798094+00:00", "symbol": "ETH-USD"}, {"trade_id": 667349910, "side": "sell", "size": "0.02860000", "price": "3047.70000000", "time": "2025-07-15T14:22:38.837401Z", "fetched_at": "2025-07-15T14:23:24.798094+00:00", "symbol": "ETH-USD"}, {"trade_id": 667349909, "side": "sell", "size": "0.08029490", "price": "3047.70000000", "time": "2025-07-15T14:22:38.837401Z", "fetched_at": "2025-07-15T14:23:24.798094+00:00", "symbol": "ETH-USD"}, {"trade_id": 667349908, "side": "buy", "size": "0.06453366", "price": "3047.69000000", "time": "2025-07-15T14:22:38.708848Z", "fetched_at": "2025-07-15T14:23:24.798094+00:00", "symbol": "ETH-USD"}, {"trade_id": 667349907, "side": "buy", "size": "0.00000328", "price": "3047.69000000", "time": "2025-07-15T14:22:38.708848Z", "fetched_at": "2025-07-15T14:23:24.798094+00:00", "symbol": "ETH-USD"}, {"trade_id": 667349906, "side": "buy", "size": "0.01578572", "price": "3047.69000000", "time": "2025-07-15T14:22:38.708848Z", "fetched_at": "2025-07-15T14:23:24.798094+00:00", "symbol": "ETH-USD"}, {"trade_id": 667349905, "side": "sell", "size": "0.03110510", "price": "3047.70000000", "time": "2025-07-15T14:22:37.550142Z", "fetched_at": "2025-07-15T14:23:24.798094+00:00", "symbol": "ETH-USD"}, {"trade_id": 667349904, "side": "sell", "size": "0.16000000", "price": "3047.70000000", "time": "2025-07-15T14:22:37.081135Z", "fetched_at": "2025-07-15T14:23:24.798094+00:00", "symbol": "ETH-USD"}, {"trade_id": 667349903, "side": "sell", "size": "0.00159354", "price": "3047.69000000", "time": "2025-07-15T14:22:36.616477Z", "fetched_at": "2025-07-15T14:23:24.798094+00:00", "symbol": "ETH-USD"}, {"trade_id": 667349902, "side": "sell", "size": "0.02497639", "price": "3047.59000000", "time": "2025-07-15T14:22:36.227581Z", "fetched_at": "2025-07-15T14:23:24.798094+00:00", "symbol": "ETH-USD"}, {"trade_id": 667349901, "side": "sell", "size": "0.00328190", "price": "3047.59000000", "time": "2025-07-15T14:22:36.227581Z", "fetched_at": "2025-07-15T14:23:24.798094+00:00", "symbol": "ETH-USD"}, {"trade_id": 667349900, "side": "sell", "size": "0.02860831", "price": "3047.60000000", "time": "2025-07-15T14:22:35.835403Z", "fetched_at": "2025-07-15T14:23:24.798094+00:00", "symbol": "ETH-USD"}, {"trade_id": 667349899, "side": "sell", "size": "0.00328190", "price": "3047.54000000", "time": "2025-07-15T14:22:35.835403Z", "fetched_at": "2025-07-15T14:23:24.798094+00:00", "symbol": "ETH-USD"}, {"trade_id": 667349898, "side": "buy", "size": "1.30000000", "price": "3047.78000000", "time": "2025-07-15T14:22:35.480619Z", "fetched_at": "2025-07-15T14:23:24.798094+00:00", "symbol": "ETH-USD"}, {"trade_id": 667349897, "side": "sell", "size": "0.00637651", "price": "3047.79000000", "time": "2025-07-15T14:22:35.438221Z", "fetched_at": "2025-07-15T14:23:24.798094+00:00", "symbol": "ETH-USD"}, {"trade_id": 667349896, "side": "buy", "size": "0.25855260", "price": "3047.78000000", "time": "2025-07-15T14:22:35.313501Z", "fetched_at": "2025-07-15T14:23:24.798094+00:00", "symbol": "ETH-USD"}, {"trade_id": 667349895, "side": "buy", "size": "0.07956000", "price": "3047.78000000", "time": "2025-07-15T14:22:35.313501Z", "fetched_at": "2025-07-15T14:23:24.798094+00:00", "symbol": "ETH-USD"}, {"trade_id": 667349894, "side": "sell", "size": "0.00100000", "price": "3047.73000000", "time": "2025-07-15T14:22:35.188156Z", "fetched_at": "2025-07-15T14:23:24.798094+00:00", "symbol": "ETH-USD"}, {"trade_id": 667349893, "side": "sell", "size": "0.16405993", "price": "3047.67000000", "time": "2025-07-15T14:22:35.188156Z", "fetched_at": "2025-07-15T14:23:24.798094+00:00", "symbol": "ETH-USD"}, {"trade_id": 667349892, "side": "sell", "size": "0.54074185", "price": "3047.64000000", "time": "2025-07-15T14:22:35.187931Z", "fetched_at": "2025-07-15T14:23:24.798094+00:00", "symbol": "ETH-USD"}, {"trade_id": 667349891, "side": "sell", "size": "0.39043792", "price": "3047.61000000", "time": "2025-07-15T14:22:35.185596Z", "fetched_at": "2025-07-15T14:23:24.798094+00:00", "symbol": "ETH-USD"}, {"trade_id": 667349890, "side": "sell", "size": "0.81038022", "price": "3047.60000000", "time": "2025-07-15T14:22:35.185596Z", "fetched_at": "2025-07-15T14:23:24.798094+00:00", "symbol": "ETH-USD"}, {"trade_id": 667349889, "side": "sell", "size": "0.82031819", "price": "3047.60000000", "time": "2025-07-15T14:22:35.185596Z", "fetched_at": "2025-07-15T14:23:24.798094+00:00", "symbol": "ETH-USD"}, {"trade_id": 667349888, "side": "sell", "size": "0.15000000", "price": "3047.59000000", "time": "2025-07-15T14:22:35.185596Z", "fetched_at": "2025-07-15T14:23:24.798094+00:00", "symbol": "ETH-USD"}, {"trade_id": 667349887, "side": "sell", "size": "0.11002521", "price": "3047.56000000", "time": "2025-07-15T14:22:35.185596Z", "fetched_at": "2025-07-15T14:23:24.798094+00:00", "symbol": "ETH-USD"}, {"trade_id": 667349886, "side": "sell", "size": "0.18575242", "price": "3047.56000000", "time": "2025-07-15T14:22:35.184264Z", "fetched_at": "2025-07-15T14:23:24.798094+00:00", "symbol": "ETH-USD"}, {"trade_id": 667349885, "side": "sell", "size": "0.00024002", "price": "3047.55000000", "time": "2025-07-15T14:22:35.184264Z", "fetched_at": "2025-07-15T14:23:24.798094+00:00", "symbol": "ETH-USD"}, {"trade_id": 667349884, "side": "sell", "size": "0.02271366", "price": "3047.35000000", "time": "2025-07-15T14:22:35.184264Z", "fetched_at": "2025-07-15T14:23:24.798094+00:00", "symbol": "ETH-USD"}, {"trade_id": 667349883, "side": "sell", "size": "0.00328187", "price": "3047.35000000", "time": "2025-07-15T14:22:35.184264Z", "fetched_at": "2025-07-15T14:23:24.798094+00:00", "symbol": "ETH-USD"}, {"trade_id": 667349882, "side": "sell", "size": "0.00580000", "price": "3047.03000000", "time": "2025-07-15T14:22:34.489427Z", "fetched_at": "2025-07-15T14:23:24.798094+00:00", "symbol": "ETH-USD"}, {"trade_id": 667349881, "side": "buy", "size": "0.00295695", "price": "3047.05000000", "time": "2025-07-15T14:22:34.247853Z", "fetched_at": "2025-07-15T14:23:24.798094+00:00", "symbol": "ETH-USD"}, {"trade_id": 667349880, "side": "buy", "size": "0.00360020", "price": "3047.05000000", "time": "2025-07-15T14:22:34.247853Z", "fetched_at": "2025-07-15T14:23:24.798094+00:00", "symbol": "ETH-USD"}, {"trade_id": 667349879, "side": "buy", "size": "0.03185672", "price": "3047.08000000", "time": "2025-07-15T14:22:34.247853Z", "fetched_at": "2025-07-15T14:23:24.798094+00:00", "symbol": "ETH-USD"}, {"trade_id": 667349878, "side": "buy", "size": "0.00074169", "price": "3047.08000000", "time": "2025-07-15T14:22:34.247853Z", "fetched_at": "2025-07-15T14:23:24.798094+00:00", "symbol": "ETH-USD"}, {"trade_id": 667349877, "side": "buy", "size": "0.01578888", "price": "3047.08000000", "time": "2025-07-15T14:22:34.247853Z", "fetched_at": "2025-07-15T14:23:24.798094+00:00", "symbol": "ETH-USD"}, {"trade_id": 667349876, "side": "buy", "size": "1.40000000", "price": "3047.08000000", "time": "2025-07-15T14:22:34.247853Z", "fetched_at": "2025-07-15T14:23:24.798094+00:00", "symbol": "ETH-USD"}, {"trade_id": 667349875, "side": "buy", "size": "0.57240193", "price": "3047.08000000", "time": "2025-07-15T14:22:34.247853Z", "fetched_at": "2025-07-15T14:23:24.798094+00:00", "symbol": "ETH-USD"}, {"trade_id": 667349874, "side": "sell", "size": "0.30000000", "price": "3047.10000000", "time": "2025-07-15T14:22:34.146911Z", "fetched_at": "2025-07-15T14:23:24.798094+00:00", "symbol": "ETH-USD"}, {"trade_id": 667349873, "side": "sell", "size": "0.00185193", "price": "3047.09000000", "time": "2025-07-15T14:22:34.146911Z", "fetched_at": "2025-07-15T14:23:24.798094+00:00", "symbol": "ETH-USD"}, {"trade_id": 667349872, "side": "sell", "size": "0.00005589", "price": "3047.09000000", "time": "2025-07-15T14:22:34.146911Z", "fetched_at": "2025-07-15T14:23:24.798094+00:00", "symbol": "ETH-USD"}, {"trade_id": 667349871, "side": "sell", "size": "0.00345034", "price": "3047.09000000", "time": "2025-07-15T14:22:34.146911Z", "fetched_at": "2025-07-15T14:23:24.798094+00:00", "symbol": "ETH-USD"}, {"trade_id": 667349870, "side": "buy", "size": "0.12759807", "price": "3047.08000000", "time": "2025-07-15T14:22:33.615718Z", "fetched_at": "2025-07-15T14:23:24.798094+00:00", "symbol": "ETH-USD"}, {"trade_id": 667349869, "side": "sell", "size": "0.00469067", "price": "3047.09000000", "time": "2025-07-15T14:22:33.223540Z", "fetched_at": "2025-07-15T14:23:24.798094+00:00", "symbol": "ETH-USD"}, {"trade_id": 667349868, "side": "sell", "size": "0.00328139", "price": "3047.09000000", "time": "2025-07-15T14:22:33.223540Z", "fetched_at": "2025-07-15T14:23:24.798094+00:00", "symbol": "ETH-USD"}, {"trade_id": 667349867, "side": "sell", "size": "0.16408684", "price": "3047.17000000", "time": "2025-07-15T14:22:32.298014Z", "fetched_at": "2025-07-15T14:23:24.798094+00:00", "symbol": "ETH-USD"}, {"trade_id": 667349866, "side": "buy", "size": "0.00147988", "price": "3047.54000000", "time": "2025-07-15T14:22:32.255574Z", "fetched_at": "2025-07-15T14:23:24.798094+00:00", "symbol": "ETH-USD"}, {"trade_id": 667349865, "side": "buy", "size": "0.00002296", "price": "3047.54000000", "time": "2025-07-15T14:22:32.255574Z", "fetched_at": "2025-07-15T14:23:24.798094+00:00", "symbol": "ETH-USD"}, {"trade_id": 667349864, "side": "sell", "size": "0.14037327", "price": "3047.56000000", "time": "2025-07-15T14:22:31.983557Z", "fetched_at": "2025-07-15T14:23:24.798094+00:00", "symbol": "ETH-USD"}, {"trade_id": 667349863, "side": "sell", "size": "0.00328193", "price": "3047.55000000", "time": "2025-07-15T14:22:31.983557Z", "fetched_at": "2025-07-15T14:23:24.798094+00:00", "symbol": "ETH-USD"}, {"trade_id": 667349862, "side": "sell", "size": "0.01571706", "price": "3047.55000000", "time": "2025-07-15T14:22:31.983557Z", "fetched_at": "2025-07-15T14:23:24.798094+00:00", "symbol": "ETH-USD"}, {"trade_id": 667349861, "side": "sell", "size": "0.00909586", "price": "3047.55000000", "time": "2025-07-15T14:22:31.962090Z", "fetched_at": "2025-07-15T14:23:24.798094+00:00", "symbol": "ETH-USD"}, {"trade_id": 667349860, "side": "sell", "size": "0.01332807", "price": "3047.55000000", "time": "2025-07-15T14:22:31.910259Z", "fetched_at": "2025-07-15T14:23:24.798094+00:00", "symbol": "ETH-USD"}, {"trade_id": 667349859, "side": "sell", "size": "0.00328193", "price": "3047.55000000", "time": "2025-07-15T14:22:31.910259Z", "fetched_at": "2025-07-15T14:23:24.798094+00:00", "symbol": "ETH-USD"}, {"trade_id": 667349858, "side": "sell", "size": "0.35528621", "price": "3047.36000000", "time": "2025-07-15T14:22:31.390644Z", "fetched_at": "2025-07-15T14:23:24.798094+00:00", "symbol": "ETH-USD"}, {"trade_id": 667349857, "side": "sell", "size": "0.00328193", "price": "3047.31000000", "time": "2025-07-15T14:22:31.390644Z", "fetched_at": "2025-07-15T14:23:24.798094+00:00", "symbol": "ETH-USD"}, {"trade_id": 667349856, "side": "sell", "size": "0.15941903", "price": "3047.31000000", "time": "2025-07-15T14:22:31.390644Z", "fetched_at": "2025-07-15T14:23:24.798094+00:00", "symbol": "ETH-USD"}, {"trade_id": 667349855, "side": "sell", "size": "0.00466025", "price": "3047.31000000", "time": "2025-07-15T14:22:31.360169Z", "fetched_at": "2025-07-15T14:23:24.798094+00:00", "symbol": "ETH-USD"}, {"trade_id": 667349854, "side": "sell", "size": "0.00328193", "price": "3047.30000000", "time": "2025-07-15T14:22:31.360169Z", "fetched_at": "2025-07-15T14:23:24.798094+00:00", "symbol": "ETH-USD"}, {"trade_id": 667349853, "side": "sell", "size": "0.00002969", "price": "3047.10000000", "time": "2025-07-15T14:22:31.360169Z", "fetched_at": "2025-07-15T14:23:24.798094+00:00", "symbol": "ETH-USD"}, {"trade_id": 667349852, "side": "sell", "size": "0.00328193", "price": "3047.09000000", "time": "2025-07-15T14:22:31.206636Z", "fetched_at": "2025-07-15T14:23:24.798094+00:00", "symbol": "ETH-USD"}, {"trade_id": 667349851, "side": "sell", "size": "0.00010335", "price": "3047.06000000", "time": "2025-07-15T14:22:31.206636Z", "fetched_at": "2025-07-15T14:23:24.798094+00:00", "symbol": "ETH-USD"}, {"trade_id": 667349850, "side": "sell", "size": "0.13956934", "price": "3047.06000000", "time": "2025-07-15T14:22:30.921850Z", "fetched_at": "2025-07-15T14:23:24.798094+00:00", "symbol": "ETH-USD"}, {"trade_id": 667349849, "side": "sell", "size": "0.01650073", "price": "3047.06000000", "time": "2025-07-15T14:22:30.921850Z", "fetched_at": "2025-07-15T14:23:24.798094+00:00", "symbol": "ETH-USD"}, {"trade_id": 667349848, "side": "sell", "size": "0.00328184", "price": "3047.06000000", "time": "2025-07-15T14:22:30.921850Z", "fetched_at": "2025-07-15T14:23:24.798094+00:00", "symbol": "ETH-USD"}, {"trade_id": 667349847, "side": "buy", "size": "0.00537988", "price": "3046.85000000", "time": "2025-07-15T14:22:30.435489Z", "fetched_at": "2025-07-15T14:23:24.798094+00:00", "symbol": "ETH-USD"}, {"trade_id": 667349846, "side": "buy", "size": "0.64654761", "price": "3046.35000000", "time": "2025-07-15T14:22:30.000521Z", "fetched_at": "2025-07-15T14:23:24.798094+00:00", "symbol": "ETH-USD"}, {"trade_id": 667349845, "side": "buy", "size": "0.00100000", "price": "3046.35000000", "time": "2025-07-15T14:22:30.000521Z", "fetched_at": "2025-07-15T14:23:24.798094+00:00", "symbol": "ETH-USD"}, {"trade_id": 667349844, "side": "buy", "size": "0.43781216", "price": "3046.41000000", "time": "2025-07-15T14:22:30.000521Z", "fetched_at": "2025-07-15T14:23:24.798094+00:00", "symbol": "ETH-USD"}, {"trade_id": 667349843, "side": "buy", "size": "1.34387947", "price": "3046.42000000", "time": "2025-07-15T14:22:30.000521Z", "fetched_at": "2025-07-15T14:23:24.798094+00:00", "symbol": "ETH-USD"}, {"trade_id": 667349842, "side": "buy", "size": "0.82063398", "price": "3046.42000000", "time": "2025-07-15T14:22:30.000521Z", "fetched_at": "2025-07-15T14:23:24.798094+00:00", "symbol": "ETH-USD"}, {"trade_id": 667349841, "side": "buy", "size": "2.07137973", "price": "3046.43000000", "time": "2025-07-15T14:22:30.000521Z", "fetched_at": "2025-07-15T14:23:24.798094+00:00", "symbol": "ETH-USD"}, {"trade_id": 667349840, "side": "buy", "size": "0.83891334", "price": "3046.50000000", "time": "2025-07-15T14:22:30.000521Z", "fetched_at": "2025-07-15T14:23:24.798094+00:00", "symbol": "ETH-USD"}, {"trade_id": 667349839, "side": "buy", "size": "0.00100000", "price": "3046.58000000", "time": "2025-07-15T14:22:30.000521Z", "fetched_at": "2025-07-15T14:23:24.798094+00:00", "symbol": "ETH-USD"}, {"trade_id": 667349838, "side": "buy", "size": "0.33217931", "price": "3046.60000000", "time": "2025-07-15T14:22:30.000521Z", "fetched_at": "2025-07-15T14:23:24.798094+00:00", "symbol": "ETH-USD"}, {"trade_id": 667349837, "side": "buy", "size": "0.00002035", "price": "3046.72000000", "time": "2025-07-15T14:22:29.996686Z", "fetched_at": "2025-07-15T14:23:24.798094+00:00", "symbol": "ETH-USD"}, {"trade_id": 667349836, "side": "buy", "size": "0.49971419", "price": "3046.74000000", "time": "2025-07-15T14:22:29.996686Z", "fetched_at": "2025-07-15T14:23:24.798094+00:00", "symbol": "ETH-USD"}, {"trade_id": 667349835, "side": "buy", "size": "0.97200000", "price": "3046.78000000", "time": "2025-07-15T14:22:29.996686Z", "fetched_at": "2025-07-15T14:23:24.798094+00:00", "symbol": "ETH-USD"}, {"trade_id": 667349834, "side": "buy", "size": "0.57684054", "price": "3046.80000000", "time": "2025-07-15T14:22:29.996686Z", "fetched_at": "2025-07-15T14:23:24.798094+00:00", "symbol": "ETH-USD"}, {"trade_id": 667349833, "side": "buy", "size": "0.00100000", "price": "3046.81000000", "time": "2025-07-15T14:22:29.996686Z", "fetched_at": "2025-07-15T14:23:24.798094+00:00", "symbol": "ETH-USD"}, {"trade_id": 667349832, "side": "buy", "size": "0.16410468", "price": "3046.83000000", "time": "2025-07-15T14:22:29.996686Z", "fetched_at": "2025-07-15T14:23:24.798094+00:00", "symbol": "ETH-USD"}, {"trade_id": 667349831, "side": "buy", "size": "0.18896426", "price": "3046.84000000", "time": "2025-07-15T14:22:29.996686Z", "fetched_at": "2025-07-15T14:23:24.798094+00:00", "symbol": "ETH-USD"}, {"trade_id": 667349830, "side": "buy", "size": "0.30323304", "price": "3046.86000000", "time": "2025-07-15T14:22:29.996686Z", "fetched_at": "2025-07-15T14:23:24.798094+00:00", "symbol": "ETH-USD"}, {"trade_id": 667349829, "side": "buy", "size": "0.34931246", "price": "3046.88000000", "time": "2025-07-15T14:22:29.996686Z", "fetched_at": "2025-07-15T14:23:24.798094+00:00", "symbol": "ETH-USD"}, {"trade_id": 667349828, "side": "buy", "size": "0.00294629", "price": "3046.92000000", "time": "2025-07-15T14:22:29.996686Z", "fetched_at": "2025-07-15T14:23:24.798094+00:00", "symbol": "ETH-USD"}, {"trade_id": 667349827, "side": "buy", "size": "0.05211678", "price": "3046.93000000", "time": "2025-07-15T14:22:29.996686Z", "fetched_at": "2025-07-15T14:23:24.798094+00:00", "symbol": "ETH-USD"}