[{"trade_id": 667424604, "side": "buy", "size": "0.00100000", "price": "3050.03000000", "time": "2025-07-15T16:23:20.095628Z", "fetched_at": "2025-07-15T16:23:25.034579+00:00", "symbol": "ETH-USD"}, {"trade_id": 667424603, "side": "sell", "size": "0.00160686", "price": "3050.04000000", "time": "2025-07-15T16:23:19.900747Z", "fetched_at": "2025-07-15T16:23:25.034579+00:00", "symbol": "ETH-USD"}, {"trade_id": 667424602, "side": "buy", "size": "0.03157107", "price": "3050.26000000", "time": "2025-07-15T16:23:19.115621Z", "fetched_at": "2025-07-15T16:23:25.034579+00:00", "symbol": "ETH-USD"}, {"trade_id": 667424601, "side": "buy", "size": "0.00083267", "price": "3050.26000000", "time": "2025-07-15T16:23:19.115621Z", "fetched_at": "2025-07-15T16:23:25.034579+00:00", "symbol": "ETH-USD"}, {"trade_id": 667424600, "side": "buy", "size": "0.00000327", "price": "3050.26000000", "time": "2025-07-15T16:23:19.115621Z", "fetched_at": "2025-07-15T16:23:25.034579+00:00", "symbol": "ETH-USD"}, {"trade_id": 667424599, "side": "buy", "size": "0.02366355", "price": "3050.26000000", "time": "2025-07-15T16:23:19.115621Z", "fetched_at": "2025-07-15T16:23:25.034579+00:00", "symbol": "ETH-USD"}, {"trade_id": 667424598, "side": "buy", "size": "0.00000983", "price": "3050.26000000", "time": "2025-07-15T16:23:19.115621Z", "fetched_at": "2025-07-15T16:23:25.034579+00:00", "symbol": "ETH-USD"}, {"trade_id": 667424597, "side": "buy", "size": "0.00001071", "price": "3050.26000000", "time": "2025-07-15T16:23:19.115621Z", "fetched_at": "2025-07-15T16:23:25.034579+00:00", "symbol": "ETH-USD"}, {"trade_id": 667424596, "side": "sell", "size": "0.57806330", "price": "3050.44000000", "time": "2025-07-15T16:23:18.230932Z", "fetched_at": "2025-07-15T16:23:25.034579+00:00", "symbol": "ETH-USD"}, {"trade_id": 667424595, "side": "sell", "size": "0.00202016", "price": "3050.27000000", "time": "2025-07-15T16:23:18.230932Z", "fetched_at": "2025-07-15T16:23:25.034579+00:00", "symbol": "ETH-USD"}, {"trade_id": 667424594, "side": "sell", "size": "0.18563000", "price": "3050.27000000", "time": "2025-07-15T16:23:18.230932Z", "fetched_at": "2025-07-15T16:23:25.034579+00:00", "symbol": "ETH-USD"}, {"trade_id": 667424593, "side": "sell", "size": "0.00024002", "price": "3050.27000000", "time": "2025-07-15T16:23:18.230932Z", "fetched_at": "2025-07-15T16:23:25.034579+00:00", "symbol": "ETH-USD"}, {"trade_id": 667424592, "side": "sell", "size": "0.00185186", "price": "3050.27000000", "time": "2025-07-15T16:23:18.230932Z", "fetched_at": "2025-07-15T16:23:25.034579+00:00", "symbol": "ETH-USD"}, {"trade_id": 667424591, "side": "sell", "size": "0.16391991", "price": "3050.27000000", "time": "2025-07-15T16:23:18.230932Z", "fetched_at": "2025-07-15T16:23:25.034579+00:00", "symbol": "ETH-USD"}, {"trade_id": 667424590, "side": "sell", "size": "0.48027946", "price": "3050.27000000", "time": "2025-07-15T16:23:18.230932Z", "fetched_at": "2025-07-15T16:23:25.034579+00:00", "symbol": "ETH-USD"}, {"trade_id": 667424589, "side": "sell", "size": "0.00063130", "price": "3050.27000000", "time": "2025-07-15T16:23:18.230932Z", "fetched_at": "2025-07-15T16:23:25.034579+00:00", "symbol": "ETH-USD"}, {"trade_id": 667424588, "side": "sell", "size": "0.57724356", "price": "3050.27000000", "time": "2025-07-15T16:23:18.230932Z", "fetched_at": "2025-07-15T16:23:25.034579+00:00", "symbol": "ETH-USD"}, {"trade_id": 667424587, "side": "buy", "size": "0.02389544", "price": "3050.26000000", "time": "2025-07-15T16:23:17.313101Z", "fetched_at": "2025-07-15T16:23:25.034579+00:00", "symbol": "ETH-USD"}, {"trade_id": 667424586, "side": "buy", "size": "0.00372456", "price": "3050.26000000", "time": "2025-07-15T16:23:17.313101Z", "fetched_at": "2025-07-15T16:23:25.034579+00:00", "symbol": "ETH-USD"}, {"trade_id": 667424585, "side": "buy", "size": "0.00296667", "price": "3050.26000000", "time": "2025-07-15T16:23:17.179182Z", "fetched_at": "2025-07-15T16:23:25.034579+00:00", "symbol": "ETH-USD"}, {"trade_id": 667424584, "side": "buy", "size": "0.00100000", "price": "3050.26000000", "time": "2025-07-15T16:23:17.179182Z", "fetched_at": "2025-07-15T16:23:25.034579+00:00", "symbol": "ETH-USD"}, {"trade_id": 667424583, "side": "sell", "size": "0.00093084", "price": "3050.27000000", "time": "2025-07-15T16:23:16.786677Z", "fetched_at": "2025-07-15T16:23:25.034579+00:00", "symbol": "ETH-USD"}, {"trade_id": 667424582, "side": "sell", "size": "0.03110561", "price": "3050.27000000", "time": "2025-07-15T16:23:16.597519Z", "fetched_at": "2025-07-15T16:23:25.034579+00:00", "symbol": "ETH-USD"}, {"trade_id": 667424581, "side": "buy", "size": "0.00073466", "price": "3050.34000000", "time": "2025-07-15T16:23:16.025215Z", "fetched_at": "2025-07-15T16:23:25.034579+00:00", "symbol": "ETH-USD"}, {"trade_id": 667424580, "side": "buy", "size": "0.00073466", "price": "3050.34000000", "time": "2025-07-15T16:23:16.014354Z", "fetched_at": "2025-07-15T16:23:25.034579+00:00", "symbol": "ETH-USD"}, {"trade_id": 667424579, "side": "sell", "size": "0.06360978", "price": "3050.35000000", "time": "2025-07-15T16:23:16.004255Z", "fetched_at": "2025-07-15T16:23:25.034579+00:00", "symbol": "ETH-USD"}, {"trade_id": 667424578, "side": "buy", "size": "0.00100000", "price": "3050.49000000", "time": "2025-07-15T16:23:15.970593Z", "fetched_at": "2025-07-15T16:23:25.034579+00:00", "symbol": "ETH-USD"}, {"trade_id": 667424577, "side": "buy", "size": "0.00000592", "price": "3050.74000000", "time": "2025-07-15T16:23:15.832795Z", "fetched_at": "2025-07-15T16:23:25.034579+00:00", "symbol": "ETH-USD"}, {"trade_id": 667424576, "side": "buy", "size": "0.33600000", "price": "3050.74000000", "time": "2025-07-15T16:23:15.832612Z", "fetched_at": "2025-07-15T16:23:25.034579+00:00", "symbol": "ETH-USD"}, {"trade_id": 667424575, "side": "buy", "size": "0.00074558", "price": "3050.75000000", "time": "2025-07-15T16:23:15.821832Z", "fetched_at": "2025-07-15T16:23:25.034579+00:00", "symbol": "ETH-USD"}, {"trade_id": 667424574, "side": "buy", "size": "1.38589789", "price": "3050.67000000", "time": "2025-07-15T16:23:15.772567Z", "fetched_at": "2025-07-15T16:23:25.034579+00:00", "symbol": "ETH-USD"}, {"trade_id": 667424573, "side": "buy", "size": "0.30000000", "price": "3050.72000000", "time": "2025-07-15T16:23:15.767384Z", "fetched_at": "2025-07-15T16:23:25.034579+00:00", "symbol": "ETH-USD"}, {"trade_id": 667424572, "side": "buy", "size": "0.00074557", "price": "3050.78000000", "time": "2025-07-15T16:23:15.767384Z", "fetched_at": "2025-07-15T16:23:25.034579+00:00", "symbol": "ETH-USD"}, {"trade_id": 667424571, "side": "buy", "size": "0.10221000", "price": "3050.78000000", "time": "2025-07-15T16:23:15.767384Z", "fetched_at": "2025-07-15T16:23:25.034579+00:00", "symbol": "ETH-USD"}, {"trade_id": 667424570, "side": "buy", "size": "0.53661381", "price": "3050.68000000", "time": "2025-07-15T16:23:15.716257Z", "fetched_at": "2025-07-15T16:23:25.034579+00:00", "symbol": "ETH-USD"}, {"trade_id": 667424569, "side": "buy", "size": "0.00100000", "price": "3050.72000000", "time": "2025-07-15T16:23:15.716257Z", "fetched_at": "2025-07-15T16:23:25.034579+00:00", "symbol": "ETH-USD"}, {"trade_id": 667424568, "side": "buy", "size": "0.40000000", "price": "3050.75000000", "time": "2025-07-15T16:23:15.716257Z", "fetched_at": "2025-07-15T16:23:25.034579+00:00", "symbol": "ETH-USD"}, {"trade_id": 667424567, "side": "buy", "size": "0.20000000", "price": "3050.75000000", "time": "2025-07-15T16:23:15.716257Z", "fetched_at": "2025-07-15T16:23:25.034579+00:00", "symbol": "ETH-USD"}, {"trade_id": 667424566, "side": "buy", "size": "1.34076454", "price": "3050.84000000", "time": "2025-07-15T16:23:15.715328Z", "fetched_at": "2025-07-15T16:23:25.034579+00:00", "symbol": "ETH-USD"}, {"trade_id": 667424565, "side": "buy", "size": "0.04327717", "price": "3050.86000000", "time": "2025-07-15T16:23:15.715328Z", "fetched_at": "2025-07-15T16:23:25.034579+00:00", "symbol": "ETH-USD"}, {"trade_id": 667424564, "side": "buy", "size": "0.00100000", "price": "3050.95000000", "time": "2025-07-15T16:23:15.715328Z", "fetched_at": "2025-07-15T16:23:25.034579+00:00", "symbol": "ETH-USD"}, {"trade_id": 667424563, "side": "buy", "size": "0.33856587", "price": "3050.99000000", "time": "2025-07-15T16:23:15.715328Z", "fetched_at": "2025-07-15T16:23:25.034579+00:00", "symbol": "ETH-USD"}, {"trade_id": 667424562, "side": "buy", "size": "0.41546361", "price": "3051.02000000", "time": "2025-07-15T16:23:15.715328Z", "fetched_at": "2025-07-15T16:23:25.034579+00:00", "symbol": "ETH-USD"}, {"trade_id": 667424561, "side": "buy", "size": "0.04585051", "price": "3051.22000000", "time": "2025-07-15T16:23:15.715328Z", "fetched_at": "2025-07-15T16:23:25.034579+00:00", "symbol": "ETH-USD"}, {"trade_id": 667424560, "side": "buy", "size": "0.00074546", "price": "3051.22000000", "time": "2025-07-15T16:23:15.715328Z", "fetched_at": "2025-07-15T16:23:25.034579+00:00", "symbol": "ETH-USD"}, {"trade_id": 667424559, "side": "buy", "size": "0.00000983", "price": "3051.22000000", "time": "2025-07-15T16:23:15.715328Z", "fetched_at": "2025-07-15T16:23:25.034579+00:00", "symbol": "ETH-USD"}, {"trade_id": 667424558, "side": "buy", "size": "0.00033444", "price": "3051.14000000", "time": "2025-07-15T16:23:14.716976Z", "fetched_at": "2025-07-15T16:23:25.034579+00:00", "symbol": "ETH-USD"}, {"trade_id": 667424557, "side": "buy", "size": "0.00033278", "price": "3051.18000000", "time": "2025-07-15T16:23:14.716976Z", "fetched_at": "2025-07-15T16:23:25.034579+00:00", "symbol": "ETH-USD"}, {"trade_id": 667424556, "side": "buy", "size": "0.00066722", "price": "3051.43000000", "time": "2025-07-15T16:23:14.716824Z", "fetched_at": "2025-07-15T16:23:25.034579+00:00", "symbol": "ETH-USD"}, {"trade_id": 667424555, "side": "buy", "size": "0.00066722", "price": "3051.43000000", "time": "2025-07-15T16:23:14.702783Z", "fetched_at": "2025-07-15T16:23:25.034579+00:00", "symbol": "ETH-USD"}, {"trade_id": 667424554, "side": "buy", "size": "0.00066722", "price": "3051.46000000", "time": "2025-07-15T16:23:14.662686Z", "fetched_at": "2025-07-15T16:23:25.034579+00:00", "symbol": "ETH-USD"}, {"trade_id": 667424553, "side": "buy", "size": "0.00066722", "price": "3051.18000000", "time": "2025-07-15T16:23:14.648431Z", "fetched_at": "2025-07-15T16:23:25.034579+00:00", "symbol": "ETH-USD"}, {"trade_id": 667424552, "side": "buy", "size": "0.00066722", "price": "3051.46000000", "time": "2025-07-15T16:23:14.648070Z", "fetched_at": "2025-07-15T16:23:25.034579+00:00", "symbol": "ETH-USD"}, {"trade_id": 667424551, "side": "buy", "size": "0.00066722", "price": "3051.46000000", "time": "2025-07-15T16:23:14.633337Z", "fetched_at": "2025-07-15T16:23:25.034579+00:00", "symbol": "ETH-USD"}, {"trade_id": 667424550, "side": "buy", "size": "0.00066722", "price": "3051.46000000", "time": "2025-07-15T16:23:14.619309Z", "fetched_at": "2025-07-15T16:23:25.034579+00:00", "symbol": "ETH-USD"}, {"trade_id": 667424549, "side": "buy", "size": "0.00066722", "price": "3051.46000000", "time": "2025-07-15T16:23:14.604867Z", "fetched_at": "2025-07-15T16:23:25.034579+00:00", "symbol": "ETH-USD"}, {"trade_id": 667424548, "side": "buy", "size": "0.00066722", "price": "3051.46000000", "time": "2025-07-15T16:23:14.590939Z", "fetched_at": "2025-07-15T16:23:25.034579+00:00", "symbol": "ETH-USD"}, {"trade_id": 667424547, "side": "buy", "size": "0.00066722", "price": "3051.46000000", "time": "2025-07-15T16:23:14.577007Z", "fetched_at": "2025-07-15T16:23:25.034579+00:00", "symbol": "ETH-USD"}, {"trade_id": 667424546, "side": "buy", "size": "0.00066722", "price": "3051.46000000", "time": "2025-07-15T16:23:14.562142Z", "fetched_at": "2025-07-15T16:23:25.034579+00:00", "symbol": "ETH-USD"}, {"trade_id": 667424545, "side": "buy", "size": "4.27944518", "price": "3051.21000000", "time": "2025-07-15T16:23:14.532214Z", "fetched_at": "2025-07-15T16:23:25.034579+00:00", "symbol": "ETH-USD"}, {"trade_id": 667424544, "side": "buy", "size": "0.84063087", "price": "3051.21000000", "time": "2025-07-15T16:23:14.532214Z", "fetched_at": "2025-07-15T16:23:25.034579+00:00", "symbol": "ETH-USD"}, {"trade_id": 667424543, "side": "buy", "size": "0.00100000", "price": "3051.41000000", "time": "2025-07-15T16:23:14.532214Z", "fetched_at": "2025-07-15T16:23:25.034579+00:00", "symbol": "ETH-USD"}, {"trade_id": 667424542, "side": "buy", "size": "0.29870064", "price": "3051.42000000", "time": "2025-07-15T16:23:14.532214Z", "fetched_at": "2025-07-15T16:23:25.034579+00:00", "symbol": "ETH-USD"}, {"trade_id": 667424541, "side": "buy", "size": "0.06667861", "price": "3051.43000000", "time": "2025-07-15T16:23:14.532214Z", "fetched_at": "2025-07-15T16:23:25.034579+00:00", "symbol": "ETH-USD"}, {"trade_id": 667424540, "side": "buy", "size": "0.01165972", "price": "3051.53000000", "time": "2025-07-15T16:23:14.532214Z", "fetched_at": "2025-07-15T16:23:25.034579+00:00", "symbol": "ETH-USD"}, {"trade_id": 667424539, "side": "buy", "size": "0.07027622", "price": "3051.53000000", "time": "2025-07-15T16:23:14.532214Z", "fetched_at": "2025-07-15T16:23:25.034579+00:00", "symbol": "ETH-USD"}, {"trade_id": 667424538, "side": "buy", "size": "0.00066759", "price": "3051.64000000", "time": "2025-07-15T16:23:14.530650Z", "fetched_at": "2025-07-15T16:23:25.034579+00:00", "symbol": "ETH-USD"}, {"trade_id": 667424537, "side": "buy", "size": "0.11840846", "price": "3051.64000000", "time": "2025-07-15T16:23:14.530650Z", "fetched_at": "2025-07-15T16:23:25.034579+00:00", "symbol": "ETH-USD"}, {"trade_id": 667424536, "side": "buy", "size": "0.00100000", "price": "3051.64000000", "time": "2025-07-15T16:23:14.530650Z", "fetched_at": "2025-07-15T16:23:25.034579+00:00", "symbol": "ETH-USD"}, {"trade_id": 667424535, "side": "sell", "size": "0.14919071", "price": "3051.68000000", "time": "2025-07-15T16:23:12.934257Z", "fetched_at": "2025-07-15T16:23:25.034579+00:00", "symbol": "ETH-USD"}, {"trade_id": 667424534, "side": "buy", "size": "0.00100000", "price": "3051.87000000", "time": "2025-07-15T16:23:12.712164Z", "fetched_at": "2025-07-15T16:23:25.034579+00:00", "symbol": "ETH-USD"}, {"trade_id": 667424533, "side": "buy", "size": "0.00101302", "price": "3052.01000000", "time": "2025-07-15T16:23:12.600497Z", "fetched_at": "2025-07-15T16:23:25.034579+00:00", "symbol": "ETH-USD"}, {"trade_id": 667424532, "side": "buy", "size": "0.00101300", "price": "3052.09000000", "time": "2025-07-15T16:23:12.550959Z", "fetched_at": "2025-07-15T16:23:25.034579+00:00", "symbol": "ETH-USD"}, {"trade_id": 667424531, "side": "buy", "size": "0.00100872", "price": "3052.24000000", "time": "2025-07-15T16:23:12.485317Z", "fetched_at": "2025-07-15T16:23:25.034579+00:00", "symbol": "ETH-USD"}, {"trade_id": 667424530, "side": "sell", "size": "0.00631005", "price": "3052.27000000", "time": "2025-07-15T16:23:12.060524Z", "fetched_at": "2025-07-15T16:23:25.034579+00:00", "symbol": "ETH-USD"}, {"trade_id": 667424529, "side": "sell", "size": "0.00063131", "price": "3052.00000000", "time": "2025-07-15T16:23:11.316240Z", "fetched_at": "2025-07-15T16:23:25.034579+00:00", "symbol": "ETH-USD"}, {"trade_id": 667424528, "side": "sell", "size": "0.00024002", "price": "3051.99000000", "time": "2025-07-15T16:23:11.316240Z", "fetched_at": "2025-07-15T16:23:25.034579+00:00", "symbol": "ETH-USD"}, {"trade_id": 667424527, "side": "sell", "size": "0.00185188", "price": "3051.99000000", "time": "2025-07-15T16:23:11.316240Z", "fetched_at": "2025-07-15T16:23:25.034579+00:00", "symbol": "ETH-USD"}, {"trade_id": 667424526, "side": "sell", "size": "0.00000843", "price": "3051.92000000", "time": "2025-07-15T16:23:11.264696Z", "fetched_at": "2025-07-15T16:23:25.034579+00:00", "symbol": "ETH-USD"}, {"trade_id": 667424525, "side": "sell", "size": "0.15295000", "price": "3051.92000000", "time": "2025-07-15T16:23:11.261260Z", "fetched_at": "2025-07-15T16:23:25.034579+00:00", "symbol": "ETH-USD"}, {"trade_id": 667424524, "side": "sell", "size": "0.21998000", "price": "3051.92000000", "time": "2025-07-15T16:23:11.260450Z", "fetched_at": "2025-07-15T16:23:25.034579+00:00", "symbol": "ETH-USD"}, {"trade_id": 667424523, "side": "sell", "size": "0.19962158", "price": "3051.92000000", "time": "2025-07-15T16:23:11.260324Z", "fetched_at": "2025-07-15T16:23:25.034579+00:00", "symbol": "ETH-USD"}, {"trade_id": 667424522, "side": "sell", "size": "0.00010336", "price": "3051.92000000", "time": "2025-07-15T16:23:11.260324Z", "fetched_at": "2025-07-15T16:23:25.034579+00:00", "symbol": "ETH-USD"}, {"trade_id": 667424521, "side": "sell", "size": "0.00027506", "price": "3051.92000000", "time": "2025-07-15T16:23:11.260324Z", "fetched_at": "2025-07-15T16:23:25.034579+00:00", "symbol": "ETH-USD"}, {"trade_id": 667424520, "side": "sell", "size": "0.00150149", "price": "3051.92000000", "time": "2025-07-15T16:23:09.794221Z", "fetched_at": "2025-07-15T16:23:25.034579+00:00", "symbol": "ETH-USD"}, {"trade_id": 667424519, "side": "sell", "size": "0.00005589", "price": "3051.92000000", "time": "2025-07-15T16:23:09.794221Z", "fetched_at": "2025-07-15T16:23:25.034579+00:00", "symbol": "ETH-USD"}, {"trade_id": 667424518, "side": "sell", "size": "0.00908411", "price": "3051.92000000", "time": "2025-07-15T16:23:08.542514Z", "fetched_at": "2025-07-15T16:23:25.034579+00:00", "symbol": "ETH-USD"}, {"trade_id": 667424517, "side": "sell", "size": "0.14950993", "price": "3051.98000000", "time": "2025-07-15T16:23:08.240547Z", "fetched_at": "2025-07-15T16:23:25.034579+00:00", "symbol": "ETH-USD"}, {"trade_id": 667424516, "side": "sell", "size": "0.01872992", "price": "3051.99000000", "time": "2025-07-15T16:23:07.594752Z", "fetched_at": "2025-07-15T16:23:25.034579+00:00", "symbol": "ETH-USD"}, {"trade_id": 667424515, "side": "buy", "size": "0.11855925", "price": "3051.70000000", "time": "2025-07-15T16:23:05.984724Z", "fetched_at": "2025-07-15T16:23:25.034579+00:00", "symbol": "ETH-USD"}, {"trade_id": 667424514, "side": "buy", "size": "0.03113413", "price": "3051.88000000", "time": "2025-07-15T16:23:05.984724Z", "fetched_at": "2025-07-15T16:23:25.034579+00:00", "symbol": "ETH-USD"}, {"trade_id": 667424513, "side": "buy", "size": "0.00975717", "price": "3051.89000000", "time": "2025-07-15T16:23:05.984724Z", "fetched_at": "2025-07-15T16:23:25.034579+00:00", "symbol": "ETH-USD"}, {"trade_id": 667424512, "side": "buy", "size": "0.00083516", "price": "3051.90000000", "time": "2025-07-15T16:23:05.984724Z", "fetched_at": "2025-07-15T16:23:25.034579+00:00", "symbol": "ETH-USD"}, {"trade_id": 667424511, "side": "buy", "size": "0.30095346", "price": "3051.79000000", "time": "2025-07-15T16:23:05.951781Z", "fetched_at": "2025-07-15T16:23:25.034579+00:00", "symbol": "ETH-USD"}, {"trade_id": 667424510, "side": "buy", "size": "0.15000000", "price": "3051.87000000", "time": "2025-07-15T16:23:05.951781Z", "fetched_at": "2025-07-15T16:23:25.034579+00:00", "symbol": "ETH-USD"}, {"trade_id": 667424509, "side": "buy", "size": "0.18563000", "price": "3051.87000000", "time": "2025-07-15T16:23:05.951781Z", "fetched_at": "2025-07-15T16:23:25.034579+00:00", "symbol": "ETH-USD"}, {"trade_id": 667424508, "side": "buy", "size": "0.00082974", "price": "3051.87000000", "time": "2025-07-15T16:23:05.951781Z", "fetched_at": "2025-07-15T16:23:25.034579+00:00", "symbol": "ETH-USD"}, {"trade_id": 667424507, "side": "buy", "size": "0.49176745", "price": "3051.87000000", "time": "2025-07-15T16:23:05.951781Z", "fetched_at": "2025-07-15T16:23:25.034579+00:00", "symbol": "ETH-USD"}, {"trade_id": 667424506, "side": "buy", "size": "0.00100000", "price": "3051.87000000", "time": "2025-07-15T16:23:05.951781Z", "fetched_at": "2025-07-15T16:23:25.034579+00:00", "symbol": "ETH-USD"}, {"trade_id": 667424505, "side": "sell", "size": "0.82849457", "price": "3052.68000000", "time": "2025-07-15T16:23:05.950215Z", "fetched_at": "2025-07-15T16:23:25.034579+00:00", "symbol": "ETH-USD"}, {"trade_id": 667424504, "side": "sell", "size": "0.21888392", "price": "3052.67000000", "time": "2025-07-15T16:23:05.950215Z", "fetched_at": "2025-07-15T16:23:25.034579+00:00", "symbol": "ETH-USD"}, {"trade_id": 667424503, "side": "sell", "size": "0.00100000", "price": "3052.56000000", "time": "2025-07-15T16:23:05.950215Z", "fetched_at": "2025-07-15T16:23:25.034579+00:00", "symbol": "ETH-USD"}, {"trade_id": 667424502, "side": "sell", "size": "0.00000583", "price": "3052.47000000", "time": "2025-07-15T16:23:05.950215Z", "fetched_at": "2025-07-15T16:23:25.034579+00:00", "symbol": "ETH-USD"}, {"trade_id": 667424501, "side": "sell", "size": "0.51856138", "price": "3052.43000000", "time": "2025-07-15T16:23:05.950215Z", "fetched_at": "2025-07-15T16:23:25.034579+00:00", "symbol": "ETH-USD"}, {"trade_id": 667424500, "side": "sell", "size": "0.97200000", "price": "3052.36000000", "time": "2025-07-15T16:23:05.950215Z", "fetched_at": "2025-07-15T16:23:25.034579+00:00", "symbol": "ETH-USD"}, {"trade_id": 667424499, "side": "sell", "size": "0.00027517", "price": "3052.35000000", "time": "2025-07-15T16:23:05.950215Z", "fetched_at": "2025-07-15T16:23:25.034579+00:00", "symbol": "ETH-USD"}, {"trade_id": 667424498, "side": "sell", "size": "0.00010334", "price": "3052.34000000", "time": "2025-07-15T16:23:05.950215Z", "fetched_at": "2025-07-15T16:23:25.034579+00:00", "symbol": "ETH-USD"}, {"trade_id": 667424497, "side": "sell", "size": "0.06451196", "price": "3052.31000000", "time": "2025-07-15T16:23:05.950215Z", "fetched_at": "2025-07-15T16:23:25.034579+00:00", "symbol": "ETH-USD"}, {"trade_id": 667424496, "side": "sell", "size": "0.81905448", "price": "3052.30000000", "time": "2025-07-15T16:23:05.950215Z", "fetched_at": "2025-07-15T16:23:25.034579+00:00", "symbol": "ETH-USD"}, {"trade_id": 667424495, "side": "sell", "size": "0.00321713", "price": "3052.29000000", "time": "2025-07-15T16:23:05.950215Z", "fetched_at": "2025-07-15T16:23:25.034579+00:00", "symbol": "ETH-USD"}, {"trade_id": 667424494, "side": "sell", "size": "0.61064001", "price": "3051.88000000", "time": "2025-07-15T16:23:05.950215Z", "fetched_at": "2025-07-15T16:23:25.034579+00:00", "symbol": "ETH-USD"}, {"trade_id": 667424493, "side": "buy", "size": "0.00081320", "price": "3052.31000000", "time": "2025-07-15T16:23:05.623146Z", "fetched_at": "2025-07-15T16:23:25.034579+00:00", "symbol": "ETH-USD"}, {"trade_id": 667424492, "side": "buy", "size": "0.06249385", "price": "3052.46000000", "time": "2025-07-15T16:23:04.521157Z", "fetched_at": "2025-07-15T16:23:25.034579+00:00", "symbol": "ETH-USD"}, {"trade_id": 667424491, "side": "buy", "size": "0.00105801", "price": "3052.46000000", "time": "2025-07-15T16:23:04.521157Z", "fetched_at": "2025-07-15T16:23:25.034579+00:00", "symbol": "ETH-USD"}, {"trade_id": 667424490, "side": "buy", "size": "0.14415696", "price": "3052.46000000", "time": "2025-07-15T16:23:03.840638Z", "fetched_at": "2025-07-15T16:23:25.034579+00:00", "symbol": "ETH-USD"}, {"trade_id": 667424489, "side": "buy", "size": "0.10221000", "price": "3052.46000000", "time": "2025-07-15T16:23:03.840638Z", "fetched_at": "2025-07-15T16:23:25.034579+00:00", "symbol": "ETH-USD"}, {"trade_id": 667424488, "side": "sell", "size": "0.00005588", "price": "3052.10000000", "time": "2025-07-15T16:23:03.430073Z", "fetched_at": "2025-07-15T16:23:25.034579+00:00", "symbol": "ETH-USD"}, {"trade_id": 667424487, "side": "sell", "size": "0.00100000", "price": "3052.10000000", "time": "2025-07-15T16:23:03.430073Z", "fetched_at": "2025-07-15T16:23:25.034579+00:00", "symbol": "ETH-USD"}, {"trade_id": 667424486, "side": "sell", "size": "0.00063129", "price": "3051.66000000", "time": "2025-07-15T16:23:03.279851Z", "fetched_at": "2025-07-15T16:23:25.034579+00:00", "symbol": "ETH-USD"}, {"trade_id": 667424485, "side": "sell", "size": "0.00185190", "price": "3051.62000000", "time": "2025-07-15T16:23:03.279851Z", "fetched_at": "2025-07-15T16:23:25.034579+00:00", "symbol": "ETH-USD"}, {"trade_id": 667424484, "side": "sell", "size": "0.00024002", "price": "3051.54000000", "time": "2025-07-15T16:23:03.258006Z", "fetched_at": "2025-07-15T16:23:25.034579+00:00", "symbol": "ETH-USD"}, {"trade_id": 667424483, "side": "sell", "size": "0.16845352", "price": "3051.49000000", "time": "2025-07-15T16:23:02.603692Z", "fetched_at": "2025-07-15T16:23:25.034579+00:00", "symbol": "ETH-USD"}, {"trade_id": 667424482, "side": "sell", "size": "0.15000000", "price": "3051.49000000", "time": "2025-07-15T16:23:02.603692Z", "fetched_at": "2025-07-15T16:23:25.034579+00:00", "symbol": "ETH-USD"}, {"trade_id": 667424481, "side": "buy", "size": "0.00100000", "price": "3051.64000000", "time": "2025-07-15T16:23:01.965233Z", "fetched_at": "2025-07-15T16:23:25.034579+00:00", "symbol": "ETH-USD"}, {"trade_id": 667424480, "side": "buy", "size": "0.01576524", "price": "3051.65000000", "time": "2025-07-15T16:23:01.965233Z", "fetched_at": "2025-07-15T16:23:25.034579+00:00", "symbol": "ETH-USD"}, {"trade_id": 667424479, "side": "buy", "size": "0.03155997", "price": "3051.65000000", "time": "2025-07-15T16:23:01.965233Z", "fetched_at": "2025-07-15T16:23:25.034579+00:00", "symbol": "ETH-USD"}, {"trade_id": 667424478, "side": "buy", "size": "0.00321760", "price": "3051.81000000", "time": "2025-07-15T16:23:01.442549Z", "fetched_at": "2025-07-15T16:23:25.034579+00:00", "symbol": "ETH-USD"}, {"trade_id": 667424477, "side": "buy", "size": "0.33204920", "price": "3051.80000000", "time": "2025-07-15T16:23:01.421314Z", "fetched_at": "2025-07-15T16:23:25.034579+00:00", "symbol": "ETH-USD"}, {"trade_id": 667424476, "side": "buy", "size": "1.69815415", "price": "3051.90000000", "time": "2025-07-15T16:23:01.407321Z", "fetched_at": "2025-07-15T16:23:25.034579+00:00", "symbol": "ETH-USD"}, {"trade_id": 667424475, "side": "buy", "size": "0.00321746", "price": "3051.95000000", "time": "2025-07-15T16:23:01.407321Z", "fetched_at": "2025-07-15T16:23:25.034579+00:00", "symbol": "ETH-USD"}, {"trade_id": 667424474, "side": "buy", "size": "0.03152028", "price": "3052.32000000", "time": "2025-07-15T16:23:01.399814Z", "fetched_at": "2025-07-15T16:23:25.034579+00:00", "symbol": "ETH-USD"}, {"trade_id": 667424473, "side": "buy", "size": "0.08162204", "price": "3052.32000000", "time": "2025-07-15T16:23:01.399814Z", "fetched_at": "2025-07-15T16:23:25.034579+00:00", "symbol": "ETH-USD"}, {"trade_id": 667424472, "side": "buy", "size": "0.04754200", "price": "3052.32000000", "time": "2025-07-15T16:23:01.364936Z", "fetched_at": "2025-07-15T16:23:25.034579+00:00", "symbol": "ETH-USD"}, {"trade_id": 667424471, "side": "sell", "size": "0.01569080", "price": "3052.42000000", "time": "2025-07-15T16:23:00.958601Z", "fetched_at": "2025-07-15T16:23:25.034579+00:00", "symbol": "ETH-USD"}, {"trade_id": 667424470, "side": "buy", "size": "0.00630729", "price": "3052.33000000", "time": "2025-07-15T16:23:00.882191Z", "fetched_at": "2025-07-15T16:23:25.034579+00:00", "symbol": "ETH-USD"}, {"trade_id": 667424469, "side": "buy", "size": "0.52127452", "price": "3052.34000000", "time": "2025-07-15T16:23:00.882191Z", "fetched_at": "2025-07-15T16:23:25.034579+00:00", "symbol": "ETH-USD"}, {"trade_id": 667424468, "side": "buy", "size": "1.52847364", "price": "3052.35000000", "time": "2025-07-15T16:23:00.882191Z", "fetched_at": "2025-07-15T16:23:25.034579+00:00", "symbol": "ETH-USD"}, {"trade_id": 667424467, "side": "buy", "size": "0.02596921", "price": "3052.36000000", "time": "2025-07-15T16:23:00.882191Z", "fetched_at": "2025-07-15T16:23:25.034579+00:00", "symbol": "ETH-USD"}, {"trade_id": 667424466, "side": "buy", "size": "0.25131540", "price": "3052.46000000", "time": "2025-07-15T16:23:00.881545Z", "fetched_at": "2025-07-15T16:23:25.034579+00:00", "symbol": "ETH-USD"}, {"trade_id": 667424465, "side": "buy", "size": "0.00321692", "price": "3052.46000000", "time": "2025-07-15T16:23:00.881545Z", "fetched_at": "2025-07-15T16:23:25.034579+00:00", "symbol": "ETH-USD"}, {"trade_id": 667424464, "side": "buy", "size": "0.10612000", "price": "3052.46000000", "time": "2025-07-15T16:23:00.881545Z", "fetched_at": "2025-07-15T16:23:25.034579+00:00", "symbol": "ETH-USD"}, {"trade_id": 667424463, "side": "buy", "size": "0.10221000", "price": "3052.46000000", "time": "2025-07-15T16:23:00.881545Z", "fetched_at": "2025-07-15T16:23:25.034579+00:00", "symbol": "ETH-USD"}, {"trade_id": 667424462, "side": "sell", "size": "0.11984000", "price": "3052.47000000", "time": "2025-07-15T16:23:00.765612Z", "fetched_at": "2025-07-15T16:23:25.034579+00:00", "symbol": "ETH-USD"}, {"trade_id": 667424461, "side": "sell", "size": "0.08014755", "price": "3052.47000000", "time": "2025-07-15T16:23:00.673108Z", "fetched_at": "2025-07-15T16:23:25.034579+00:00", "symbol": "ETH-USD"}, {"trade_id": 667424460, "side": "sell", "size": "0.00100000", "price": "3052.33000000", "time": "2025-07-15T16:23:00.673108Z", "fetched_at": "2025-07-15T16:23:25.034579+00:00", "symbol": "ETH-USD"}, {"trade_id": 667424459, "side": "sell", "size": "0.00100000", "price": "3052.10000000", "time": "2025-07-15T16:23:00.498701Z", "fetched_at": "2025-07-15T16:23:25.034579+00:00", "symbol": "ETH-USD"}, {"trade_id": 667424458, "side": "sell", "size": "0.17858296", "price": "3052.01000000", "time": "2025-07-15T16:23:00.498701Z", "fetched_at": "2025-07-15T16:23:25.034579+00:00", "symbol": "ETH-USD"}, {"trade_id": 667424457, "side": "sell", "size": "0.07755656", "price": "3052.00000000", "time": "2025-07-15T16:23:00.496519Z", "fetched_at": "2025-07-15T16:23:25.034579+00:00", "symbol": "ETH-USD"}, {"trade_id": 667424456, "side": "sell", "size": "1.21791736", "price": "3052.00000000", "time": "2025-07-15T16:23:00.495853Z", "fetched_at": "2025-07-15T16:23:25.034579+00:00", "symbol": "ETH-USD"}, {"trade_id": 667424455, "side": "sell", "size": "1.42897669", "price": "3052.00000000", "time": "2025-07-15T16:23:00.494990Z", "fetched_at": "2025-07-15T16:23:25.034579+00:00", "symbol": "ETH-USD"}, {"trade_id": 667424454, "side": "sell", "size": "0.00010335", "price": "3051.92000000", "time": "2025-07-15T16:23:00.494990Z", "fetched_at": "2025-07-15T16:23:25.034579+00:00", "symbol": "ETH-USD"}, {"trade_id": 667424453, "side": "sell", "size": "0.00027509", "price": "3051.92000000", "time": "2025-07-15T16:23:00.494990Z", "fetched_at": "2025-07-15T16:23:25.034579+00:00", "symbol": "ETH-USD"}, {"trade_id": 667424452, "side": "sell", "size": "0.00250029", "price": "3051.99000000", "time": "2025-07-15T16:22:59.509053Z", "fetched_at": "2025-07-15T16:23:25.034579+00:00", "symbol": "ETH-USD"}, {"trade_id": 667424451, "side": "sell", "size": "0.00063131", "price": "3051.91000000", "time": "2025-07-15T16:22:59.509053Z", "fetched_at": "2025-07-15T16:23:25.034579+00:00", "symbol": "ETH-USD"}, {"trade_id": 667424450, "side": "sell", "size": "0.00005589", "price": "3051.87000000", "time": "2025-07-15T16:22:59.509053Z", "fetched_at": "2025-07-15T16:23:25.034579+00:00", "symbol": "ETH-USD"}, {"trade_id": 667424449, "side": "sell", "size": "0.01151923", "price": "3051.90000000", "time": "2025-07-15T16:22:57.782911Z", "fetched_at": "2025-07-15T16:23:25.034579+00:00", "symbol": "ETH-USD"}, {"trade_id": 667424448, "side": "sell", "size": "0.00321740", "price": "3051.89000000", "time": "2025-07-15T16:22:57.782911Z", "fetched_at": "2025-07-15T16:23:25.034579+00:00", "symbol": "ETH-USD"}, {"trade_id": 667424447, "side": "sell", "size": "0.00024001", "price": "3051.88000000", "time": "2025-07-15T16:22:57.782911Z", "fetched_at": "2025-07-15T16:23:25.034579+00:00", "symbol": "ETH-USD"}, {"trade_id": 667424446, "side": "sell", "size": "0.00119620", "price": "3051.88000000", "time": "2025-07-15T16:22:57.782911Z", "fetched_at": "2025-07-15T16:23:25.034579+00:00", "symbol": "ETH-USD"}, {"trade_id": 667424445, "side": "sell", "size": "0.00065569", "price": "3051.88000000", "time": "2025-07-15T16:22:57.673010Z", "fetched_at": "2025-07-15T16:23:25.034579+00:00", "symbol": "ETH-USD"}, {"trade_id": 667424444, "side": "sell", "size": "0.00181854", "price": "3051.89000000", "time": "2025-07-15T16:22:57.270665Z", "fetched_at": "2025-07-15T16:23:25.034579+00:00", "symbol": "ETH-USD"}, {"trade_id": 667424443, "side": "buy", "size": "0.00321742", "price": "3051.98000000", "time": "2025-07-15T16:22:56.731349Z", "fetched_at": "2025-07-15T16:23:25.034579+00:00", "symbol": "ETH-USD"}, {"trade_id": 667424442, "side": "buy", "size": "1.38353563", "price": "3051.98000000", "time": "2025-07-15T16:22:56.716682Z", "fetched_at": "2025-07-15T16:23:25.034579+00:00", "symbol": "ETH-USD"}, {"trade_id": 667424441, "side": "sell", "size": "0.00100000", "price": "3051.87000000", "time": "2025-07-15T16:22:56.082452Z", "fetched_at": "2025-07-15T16:23:25.034579+00:00", "symbol": "ETH-USD"}, {"trade_id": 667424440, "side": "sell", "size": "0.00102765", "price": "3051.86000000", "time": "2025-07-15T16:22:56.082452Z", "fetched_at": "2025-07-15T16:23:25.034579+00:00", "symbol": "ETH-USD"}, {"trade_id": 667424439, "side": "sell", "size": "0.39633276", "price": "3051.86000000", "time": "2025-07-15T16:22:56.082452Z", "fetched_at": "2025-07-15T16:23:25.034579+00:00", "symbol": "ETH-USD"}, {"trade_id": 667424438, "side": "sell", "size": "0.01295595", "price": "3051.84000000", "time": "2025-07-15T16:22:55.485451Z", "fetched_at": "2025-07-15T16:23:25.034579+00:00", "symbol": "ETH-USD"}, {"trade_id": 667424437, "side": "sell", "size": "0.00098450", "price": "3051.79000000", "time": "2025-07-15T16:22:55.485451Z", "fetched_at": "2025-07-15T16:23:25.034579+00:00", "symbol": "ETH-USD"}, {"trade_id": 667424436, "side": "sell", "size": "0.00100000", "price": "3051.64000000", "time": "2025-07-15T16:22:55.485451Z", "fetched_at": "2025-07-15T16:23:25.034579+00:00", "symbol": "ETH-USD"}, {"trade_id": 667424435, "side": "sell", "size": "0.00100000", "price": "3051.41000000", "time": "2025-07-15T16:22:55.485451Z", "fetched_at": "2025-07-15T16:23:25.034579+00:00", "symbol": "ETH-USD"}, {"trade_id": 667424434, "side": "sell", "size": "0.00100000", "price": "3051.18000000", "time": "2025-07-15T16:22:55.342111Z", "fetched_at": "2025-07-15T16:23:25.034579+00:00", "symbol": "ETH-USD"}, {"trade_id": 667424433, "side": "sell", "size": "0.00010335", "price": "3051.12000000", "time": "2025-07-15T16:22:55.298936Z", "fetched_at": "2025-07-15T16:23:25.034579+00:00", "symbol": "ETH-USD"}, {"trade_id": 667424432, "side": "sell", "size": "0.00027507", "price": "3051.12000000", "time": "2025-07-15T16:22:55.298936Z", "fetched_at": "2025-07-15T16:23:25.034579+00:00", "symbol": "ETH-USD"}, {"trade_id": 667424431, "side": "sell", "size": "0.10151190", "price": "3051.12000000", "time": "2025-07-15T16:22:55.223205Z", "fetched_at": "2025-07-15T16:23:25.034579+00:00", "symbol": "ETH-USD"}, {"trade_id": 667424430, "side": "sell", "size": "0.00169289", "price": "3051.12000000", "time": "2025-07-15T16:22:55.223205Z", "fetched_at": "2025-07-15T16:23:25.034579+00:00", "symbol": "ETH-USD"}, {"trade_id": 667424429, "side": "buy", "size": "0.00659992", "price": "3051.11000000", "time": "2025-07-15T16:22:54.729121Z", "fetched_at": "2025-07-15T16:23:25.034579+00:00", "symbol": "ETH-USD"}, {"trade_id": 667424428, "side": "sell", "size": "0.00100000", "price": "3050.95000000", "time": "2025-07-15T16:22:54.442331Z", "fetched_at": "2025-07-15T16:23:25.034579+00:00", "symbol": "ETH-USD"}, {"trade_id": 667424427, "side": "sell", "size": "0.34991838", "price": "3050.84000000", "time": "2025-07-15T16:22:54.376784Z", "fetched_at": "2025-07-15T16:23:25.034579+00:00", "symbol": "ETH-USD"}, {"trade_id": 667424426, "side": "sell", "size": "0.00100000", "price": "3050.72000000", "time": "2025-07-15T16:22:54.374963Z", "fetched_at": "2025-07-15T16:23:25.034579+00:00", "symbol": "ETH-USD"}, {"trade_id": 667424425, "side": "sell", "size": "0.11343151", "price": "3050.71000000", "time": "2025-07-15T16:22:54.316551Z", "fetched_at": "2025-07-15T16:23:25.034579+00:00", "symbol": "ETH-USD"}, {"trade_id": 667424424, "side": "sell", "size": "0.81948273", "price": "3050.71000000", "time": "2025-07-15T16:22:54.316551Z", "fetched_at": "2025-07-15T16:23:25.034579+00:00", "symbol": "ETH-USD"}, {"trade_id": 667424423, "side": "sell", "size": "1.70608998", "price": "3050.70000000", "time": "2025-07-15T16:22:54.316551Z", "fetched_at": "2025-07-15T16:23:25.034579+00:00", "symbol": "ETH-USD"}, {"trade_id": 667424422, "side": "sell", "size": "0.24849578", "price": "3050.57000000", "time": "2025-07-15T16:22:54.316551Z", "fetched_at": "2025-07-15T16:23:25.034579+00:00", "symbol": "ETH-USD"}, {"trade_id": 667424421, "side": "sell", "size": "0.36184300", "price": "3050.57000000", "time": "2025-07-15T16:22:54.316029Z", "fetched_at": "2025-07-15T16:23:25.034579+00:00", "symbol": "ETH-USD"}, {"trade_id": 667424420, "side": "sell", "size": "0.38247813", "price": "3050.51000000", "time": "2025-07-15T16:22:54.315942Z", "fetched_at": "2025-07-15T16:23:25.034579+00:00", "symbol": "ETH-USD"}, {"trade_id": 667424419, "side": "sell", "size": "0.83234445", "price": "3050.50000000", "time": "2025-07-15T16:22:54.315942Z", "fetched_at": "2025-07-15T16:23:25.034579+00:00", "symbol": "ETH-USD"}, {"trade_id": 667424418, "side": "sell", "size": "0.00100000", "price": "3050.49000000", "time": "2025-07-15T16:22:54.315942Z", "fetched_at": "2025-07-15T16:23:25.034579+00:00", "symbol": "ETH-USD"}, {"trade_id": 667424417, "side": "sell", "size": "0.02425665", "price": "3050.42000000", "time": "2025-07-15T16:22:54.315942Z", "fetched_at": "2025-07-15T16:23:25.034579+00:00", "symbol": "ETH-USD"}, {"trade_id": 667424416, "side": "sell", "size": "0.81957895", "price": "3050.35000000", "time": "2025-07-15T16:22:54.313359Z", "fetched_at": "2025-07-15T16:23:25.034579+00:00", "symbol": "ETH-USD"}, {"trade_id": 667424415, "side": "sell", "size": "0.49174737", "price": "3050.34000000", "time": "2025-07-15T16:22:54.313359Z", "fetched_at": "2025-07-15T16:23:25.034579+00:00", "symbol": "ETH-USD"}, {"trade_id": 667424414, "side": "sell", "size": "0.00100000", "price": "3050.26000000", "time": "2025-07-15T16:22:54.313359Z", "fetched_at": "2025-07-15T16:23:25.034579+00:00", "symbol": "ETH-USD"}, {"trade_id": 667424413, "side": "sell", "size": "0.00100000", "price": "3050.03000000", "time": "2025-07-15T16:22:54.312539Z", "fetched_at": "2025-07-15T16:23:25.034579+00:00", "symbol": "ETH-USD"}, {"trade_id": 667424412, "side": "sell", "size": "0.22658012", "price": "3050.00000000", "time": "2025-07-15T16:22:54.312507Z", "fetched_at": "2025-07-15T16:23:25.034579+00:00", "symbol": "ETH-USD"}, {"trade_id": 667424411, "side": "sell", "size": "1.28142228", "price": "3050.00000000", "time": "2025-07-15T16:22:54.312470Z", "fetched_at": "2025-07-15T16:23:25.034579+00:00", "symbol": "ETH-USD"}, {"trade_id": 667424410, "side": "sell", "size": "1.49199760", "price": "3050.00000000", "time": "2025-07-15T16:22:54.312392Z", "fetched_at": "2025-07-15T16:23:25.034579+00:00", "symbol": "ETH-USD"}, {"trade_id": 667424409, "side": "sell", "size": "0.93967113", "price": "3050.00000000", "time": "2025-07-15T16:22:54.312392Z", "fetched_at": "2025-07-15T16:23:25.034579+00:00", "symbol": "ETH-USD"}, {"trade_id": 667424408, "side": "sell", "size": "0.00321987", "price": "3049.99000000", "time": "2025-07-15T16:22:54.312392Z", "fetched_at": "2025-07-15T16:23:25.034579+00:00", "symbol": "ETH-USD"}, {"trade_id": 667424407, "side": "sell", "size": "0.00000327", "price": "3049.97000000", "time": "2025-07-15T16:22:54.091543Z", "fetched_at": "2025-07-15T16:23:25.034579+00:00", "symbol": "ETH-USD"}, {"trade_id": 667424406, "side": "sell", "size": "0.00000983", "price": "3049.97000000", "time": "2025-07-15T16:22:54.073959Z", "fetched_at": "2025-07-15T16:23:25.034579+00:00", "symbol": "ETH-USD"}, {"trade_id": 667424405, "side": "sell", "size": "0.01857242", "price": "3050.00000000", "time": "2025-07-15T16:22:54.050634Z", "fetched_at": "2025-07-15T16:23:25.034579+00:00", "symbol": "ETH-USD"}, {"trade_id": 667424404, "side": "sell", "size": "0.00321975", "price": "3049.99000000", "time": "2025-07-15T16:22:54.050634Z", "fetched_at": "2025-07-15T16:23:25.034579+00:00", "symbol": "ETH-USD"}, {"trade_id": 667424403, "side": "sell", "size": "0.00063129", "price": "3049.97000000", "time": "2025-07-15T16:22:54.050634Z", "fetched_at": "2025-07-15T16:23:25.034579+00:00", "symbol": "ETH-USD"}, {"trade_id": 667424402, "side": "sell", "size": "0.00185201", "price": "3049.85000000", "time": "2025-07-15T16:22:54.050634Z", "fetched_at": "2025-07-15T16:23:25.034579+00:00", "symbol": "ETH-USD"}, {"trade_id": 667424401, "side": "sell", "size": "0.00005589", "price": "3049.76000000", "time": "2025-07-15T16:22:54.050634Z", "fetched_at": "2025-07-15T16:23:25.034579+00:00", "symbol": "ETH-USD"}, {"trade_id": 667424400, "side": "buy", "size": "0.00028170", "price": "3049.68000000", "time": "2025-07-15T16:22:53.056167Z", "fetched_at": "2025-07-15T16:23:25.034579+00:00", "symbol": "ETH-USD"}, {"trade_id": 667424399, "side": "sell", "size": "0.02864977", "price": "3049.72000000", "time": "2025-07-15T16:22:52.759061Z", "fetched_at": "2025-07-15T16:23:25.034579+00:00", "symbol": "ETH-USD"}, {"trade_id": 667424398, "side": "sell", "size": "0.00321970", "price": "3049.71000000", "time": "2025-07-15T16:22:52.759061Z", "fetched_at": "2025-07-15T16:23:25.034579+00:00", "symbol": "ETH-USD"}, {"trade_id": 667424397, "side": "sell", "size": "0.13529112", "price": "3049.76000000", "time": "2025-07-15T16:22:52.617501Z", "fetched_at": "2025-07-15T16:23:25.034579+00:00", "symbol": "ETH-USD"}, {"trade_id": 667424396, "side": "sell", "size": "0.00321970", "price": "3049.75000000", "time": "2025-07-15T16:22:52.617501Z", "fetched_at": "2025-07-15T16:23:25.034579+00:00", "symbol": "ETH-USD"}, {"trade_id": 667424395, "side": "sell", "size": "0.16395485", "price": "3049.62000000", "time": "2025-07-15T16:22:52.617501Z", "fetched_at": "2025-07-15T16:23:25.034579+00:00", "symbol": "ETH-USD"}, {"trade_id": 667424394, "side": "sell", "size": "0.00024002", "price": "3049.61000000", "time": "2025-07-15T16:22:52.617501Z", "fetched_at": "2025-07-15T16:23:25.034579+00:00", "symbol": "ETH-USD"}, {"trade_id": 667424393, "side": "sell", "size": "0.01271726", "price": "3049.85000000", "time": "2025-07-15T16:22:52.336395Z", "fetched_at": "2025-07-15T16:23:25.034579+00:00", "symbol": "ETH-USD"}, {"trade_id": 667424392, "side": "sell", "size": "0.00321966", "price": "3049.84000000", "time": "2025-07-15T16:22:52.336395Z", "fetched_at": "2025-07-15T16:23:25.034579+00:00", "symbol": "ETH-USD"}, {"trade_id": 667424391, "side": "sell", "size": "0.01271511", "price": "3049.98000000", "time": "2025-07-15T16:22:51.813837Z", "fetched_at": "2025-07-15T16:23:25.034579+00:00", "symbol": "ETH-USD"}, {"trade_id": 667424390, "side": "sell", "size": "0.00321966", "price": "3049.97000000", "time": "2025-07-15T16:22:51.813837Z", "fetched_at": "2025-07-15T16:23:25.034579+00:00", "symbol": "ETH-USD"}, {"trade_id": 667424389, "side": "sell", "size": "0.00316556", "price": "3049.85000000", "time": "2025-07-15T16:22:51.394124Z", "fetched_at": "2025-07-15T16:23:25.034579+00:00", "symbol": "ETH-USD"}, {"trade_id": 667424388, "side": "sell", "size": "0.00341002", "price": "3050.00000000", "time": "2025-07-15T16:22:50.902502Z", "fetched_at": "2025-07-15T16:23:25.034579+00:00", "symbol": "ETH-USD"}, {"trade_id": 667424387, "side": "sell", "size": "0.00321993", "price": "3049.98000000", "time": "2025-07-15T16:22:50.902502Z", "fetched_at": "2025-07-15T16:23:25.034579+00:00", "symbol": "ETH-USD"}, {"trade_id": 667424386, "side": "sell", "size": "0.00286830", "price": "3049.55000000", "time": "2025-07-15T16:22:50.632417Z", "fetched_at": "2025-07-15T16:23:25.034579+00:00", "symbol": "ETH-USD"}, {"trade_id": 667424385, "side": "sell", "size": "0.00010335", "price": "3049.55000000", "time": "2025-07-15T16:22:50.632417Z", "fetched_at": "2025-07-15T16:23:25.034579+00:00", "symbol": "ETH-USD"}, {"trade_id": 667424384, "side": "sell", "size": "0.00027510", "price": "3049.55000000", "time": "2025-07-15T16:22:50.632417Z", "fetched_at": "2025-07-15T16:23:25.034579+00:00", "symbol": "ETH-USD"}, {"trade_id": 667424383, "side": "sell", "size": "0.00465643", "price": "3049.38000000", "time": "2025-07-15T16:22:50.554563Z", "fetched_at": "2025-07-15T16:23:25.034579+00:00", "symbol": "ETH-USD"}, {"trade_id": 667424382, "side": "sell", "size": "0.09560827", "price": "3049.43000000", "time": "2025-07-15T16:22:50.261456Z", "fetched_at": "2025-07-15T16:23:25.034579+00:00", "symbol": "ETH-USD"}, {"trade_id": 667424381, "side": "sell", "size": "0.00796742", "price": "3049.55000000", "time": "2025-07-15T16:22:50.194116Z", "fetched_at": "2025-07-15T16:23:25.034579+00:00", "symbol": "ETH-USD"}, {"trade_id": 667424380, "side": "sell", "size": "0.02865406", "price": "3049.61000000", "time": "2025-07-15T16:22:49.852310Z", "fetched_at": "2025-07-15T16:23:25.034579+00:00", "symbol": "ETH-USD"}, {"trade_id": 667424379, "side": "sell", "size": "0.00321958", "price": "3049.60000000", "time": "2025-07-15T16:22:49.852310Z", "fetched_at": "2025-07-15T16:23:25.034579+00:00", "symbol": "ETH-USD"}, {"trade_id": 667424378, "side": "sell", "size": "0.00475009", "price": "3049.61000000", "time": "2025-07-15T16:22:49.722366Z", "fetched_at": "2025-07-15T16:23:25.034579+00:00", "symbol": "ETH-USD"}, {"trade_id": 667424377, "side": "sell", "size": "0.00321958", "price": "3049.60000000", "time": "2025-07-15T16:22:49.722366Z", "fetched_at": "2025-07-15T16:23:25.034579+00:00", "symbol": "ETH-USD"}, {"trade_id": 667424376, "side": "sell", "size": "0.00154263", "price": "3050.00000000", "time": "2025-07-15T16:22:49.189086Z", "fetched_at": "2025-07-15T16:23:25.034579+00:00", "symbol": "ETH-USD"}, {"trade_id": 667424375, "side": "buy", "size": "0.15064155", "price": "3049.99000000", "time": "2025-07-15T16:22:49.184931Z", "fetched_at": "2025-07-15T16:23:25.034579+00:00", "symbol": "ETH-USD"}, {"trade_id": 667424374, "side": "buy", "size": "0.10221000", "price": "3049.99000000", "time": "2025-07-15T16:22:49.184931Z", "fetched_at": "2025-07-15T16:23:25.034579+00:00", "symbol": "ETH-USD"}, {"trade_id": 667424373, "side": "sell", "size": "0.00316674", "price": "3050.00000000", "time": "2025-07-15T16:22:49.080831Z", "fetched_at": "2025-07-15T16:23:25.034579+00:00", "symbol": "ETH-USD"}, {"trade_id": 667424372, "side": "sell", "size": "0.03363706", "price": "3050.00000000", "time": "2025-07-15T16:22:48.995989Z", "fetched_at": "2025-07-15T16:23:25.034579+00:00", "symbol": "ETH-USD"}, {"trade_id": 667424371, "side": "sell", "size": "0.00295578", "price": "3049.99000000", "time": "2025-07-15T16:22:48.995989Z", "fetched_at": "2025-07-15T16:23:25.034579+00:00", "symbol": "ETH-USD"}, {"trade_id": 667424370, "side": "sell", "size": "0.00005589", "price": "3049.99000000", "time": "2025-07-15T16:22:48.995989Z", "fetched_at": "2025-07-15T16:23:25.034579+00:00", "symbol": "ETH-USD"}, {"trade_id": 667424369, "side": "sell", "size": "0.00056828", "price": "3049.96000000", "time": "2025-07-15T16:22:48.689926Z", "fetched_at": "2025-07-15T16:23:25.034579+00:00", "symbol": "ETH-USD"}, {"trade_id": 667424368, "side": "sell", "size": "0.00159384", "price": "3049.97000000", "time": "2025-07-15T16:22:47.989251Z", "fetched_at": "2025-07-15T16:23:25.034579+00:00", "symbol": "ETH-USD"}, {"trade_id": 667424367, "side": "sell", "size": "0.00039942", "price": "3049.91000000", "time": "2025-07-15T16:22:47.832495Z", "fetched_at": "2025-07-15T16:23:25.034579+00:00", "symbol": "ETH-USD"}, {"trade_id": 667424366, "side": "sell", "size": "0.00322012", "price": "3049.90000000", "time": "2025-07-15T16:22:47.832495Z", "fetched_at": "2025-07-15T16:23:25.034579+00:00", "symbol": "ETH-USD"}, {"trade_id": 667424365, "side": "sell", "size": "0.00005588", "price": "3049.80000000", "time": "2025-07-15T16:22:47.832495Z", "fetched_at": "2025-07-15T16:23:25.034579+00:00", "symbol": "ETH-USD"}, {"trade_id": 667424364, "side": "sell", "size": "0.00100000", "price": "3049.80000000", "time": "2025-07-15T16:22:47.832495Z", "fetched_at": "2025-07-15T16:23:25.034579+00:00", "symbol": "ETH-USD"}, {"trade_id": 667424363, "side": "sell", "size": "0.00027506", "price": "3049.66000000", "time": "2025-07-15T16:22:47.832495Z", "fetched_at": "2025-07-15T16:23:25.034579+00:00", "symbol": "ETH-USD"}, {"trade_id": 667424362, "side": "sell", "size": "0.00185187", "price": "3049.64000000", "time": "2025-07-15T16:22:47.832495Z", "fetched_at": "2025-07-15T16:23:25.034579+00:00", "symbol": "ETH-USD"}, {"trade_id": 667424361, "side": "sell", "size": "0.00063129", "price": "3049.64000000", "time": "2025-07-15T16:22:47.832495Z", "fetched_at": "2025-07-15T16:23:25.034579+00:00", "symbol": "ETH-USD"}, {"trade_id": 667424360, "side": "sell", "size": "0.00010334", "price": "3049.64000000", "time": "2025-07-15T16:22:47.832495Z", "fetched_at": "2025-07-15T16:23:25.034579+00:00", "symbol": "ETH-USD"}, {"trade_id": 667424359, "side": "sell", "size": "0.00024003", "price": "3049.63000000", "time": "2025-07-15T16:22:47.832495Z", "fetched_at": "2025-07-15T16:23:25.034579+00:00", "symbol": "ETH-USD"}, {"trade_id": 667424358, "side": "buy", "size": "0.00042165", "price": "3049.27000000", "time": "2025-07-15T16:22:45.237160Z", "fetched_at": "2025-07-15T16:23:25.034579+00:00", "symbol": "ETH-USD"}, {"trade_id": 667424357, "side": "sell", "size": "0.00324785", "price": "3049.74000000", "time": "2025-07-15T16:22:44.261846Z", "fetched_at": "2025-07-15T16:23:25.034579+00:00", "symbol": "ETH-USD"}, {"trade_id": 667424356, "side": "sell", "size": "0.09593705", "price": "3049.72000000", "time": "2025-07-15T16:22:42.597119Z", "fetched_at": "2025-07-15T16:23:25.034579+00:00", "symbol": "ETH-USD"}, {"trade_id": 667424355, "side": "sell", "size": "0.00322030", "price": "3049.71000000", "time": "2025-07-15T16:22:42.597119Z", "fetched_at": "2025-07-15T16:23:25.034579+00:00", "symbol": "ETH-USD"}, {"trade_id": 667424354, "side": "sell", "size": "0.00024001", "price": "3049.57000000", "time": "2025-07-15T16:22:42.597119Z", "fetched_at": "2025-07-15T16:23:25.034579+00:00", "symbol": "ETH-USD"}, {"trade_id": 667424353, "side": "sell", "size": "0.00100000", "price": "3049.57000000", "time": "2025-07-15T16:22:42.597119Z", "fetched_at": "2025-07-15T16:23:25.034579+00:00", "symbol": "ETH-USD"}, {"trade_id": 667424352, "side": "sell", "size": "0.00100000", "price": "3049.34000000", "time": "2025-07-15T16:22:42.415476Z", "fetched_at": "2025-07-15T16:23:25.034579+00:00", "symbol": "ETH-USD"}, {"trade_id": 667424351, "side": "sell", "size": "0.00185188", "price": "3049.27000000", "time": "2025-07-15T16:22:42.415476Z", "fetched_at": "2025-07-15T16:23:25.034579+00:00", "symbol": "ETH-USD"}, {"trade_id": 667424350, "side": "sell", "size": "0.21560242", "price": "3049.27000000", "time": "2025-07-15T16:22:42.415476Z", "fetched_at": "2025-07-15T16:23:25.034579+00:00", "symbol": "ETH-USD"}, {"trade_id": 667424349, "side": "sell", "size": "0.00082548", "price": "3049.11000000", "time": "2025-07-15T16:22:42.099730Z", "fetched_at": "2025-07-15T16:23:25.034579+00:00", "symbol": "ETH-USD"}, {"trade_id": 667424348, "side": "sell", "size": "0.00010335", "price": "3049.11000000", "time": "2025-07-15T16:22:42.099730Z", "fetched_at": "2025-07-15T16:23:25.034579+00:00", "symbol": "ETH-USD"}, {"trade_id": 667424347, "side": "sell", "size": "0.00027506", "price": "3049.11000000", "time": "2025-07-15T16:22:42.099730Z", "fetched_at": "2025-07-15T16:23:25.034579+00:00", "symbol": "ETH-USD"}, {"trade_id": 667424346, "side": "sell", "size": "0.00068809", "price": "3049.11000000", "time": "2025-07-15T16:22:42.099730Z", "fetched_at": "2025-07-15T16:23:25.034579+00:00", "symbol": "ETH-USD"}, {"trade_id": 667424345, "side": "sell", "size": "0.00031191", "price": "3049.11000000", "time": "2025-07-15T16:22:41.534639Z", "fetched_at": "2025-07-15T16:23:25.034579+00:00", "symbol": "ETH-USD"}, {"trade_id": 667424344, "side": "buy", "size": "0.44745351", "price": "3048.85000000", "time": "2025-07-15T16:22:40.564638Z", "fetched_at": "2025-07-15T16:23:25.034579+00:00", "symbol": "ETH-USD"}, {"trade_id": 667424343, "side": "buy", "size": "0.83263000", "price": "3048.88000000", "time": "2025-07-15T16:22:40.564638Z", "fetched_at": "2025-07-15T16:23:25.034579+00:00", "symbol": "ETH-USD"}, {"trade_id": 667424342, "side": "buy", "size": "0.13651176", "price": "3048.88000000", "time": "2025-07-15T16:22:40.564638Z", "fetched_at": "2025-07-15T16:23:25.034579+00:00", "symbol": "ETH-USD"}, {"trade_id": 667424341, "side": "buy", "size": "4.02700381", "price": "3048.89000000", "time": "2025-07-15T16:22:40.564638Z", "fetched_at": "2025-07-15T16:23:25.034579+00:00", "symbol": "ETH-USD"}, {"trade_id": 667424340, "side": "buy", "size": "0.18563000", "price": "3049.10000000", "time": "2025-07-15T16:22:40.564638Z", "fetched_at": "2025-07-15T16:23:25.034579+00:00", "symbol": "ETH-USD"}, {"trade_id": 667424339, "side": "buy", "size": "0.00276509", "price": "3049.10000000", "time": "2025-07-15T16:22:40.564638Z", "fetched_at": "2025-07-15T16:23:25.034579+00:00", "symbol": "ETH-USD"}, {"trade_id": 667424338, "side": "buy", "size": "0.55087834", "price": "3049.10000000", "time": "2025-07-15T16:22:40.564638Z", "fetched_at": "2025-07-15T16:23:25.034579+00:00", "symbol": "ETH-USD"}, {"trade_id": 667424337, "side": "buy", "size": "0.10221000", "price": "3049.10000000", "time": "2025-07-15T16:22:40.564638Z", "fetched_at": "2025-07-15T16:23:25.034579+00:00", "symbol": "ETH-USD"}, {"trade_id": 667424336, "side": "buy", "size": "0.10612000", "price": "3049.10000000", "time": "2025-07-15T16:22:40.564638Z", "fetched_at": "2025-07-15T16:23:25.034579+00:00", "symbol": "ETH-USD"}, {"trade_id": 667424335, "side": "sell", "size": "0.37838926", "price": "3049.01000000", "time": "2025-07-15T16:22:40.035758Z", "fetched_at": "2025-07-15T16:23:25.034579+00:00", "symbol": "ETH-USD"}, {"trade_id": 667424334, "side": "sell", "size": "0.52760509", "price": "3048.88000000", "time": "2025-07-15T16:22:40.035758Z", "fetched_at": "2025-07-15T16:23:25.034579+00:00", "symbol": "ETH-USD"}, {"trade_id": 667424333, "side": "sell", "size": "0.00100000", "price": "3048.88000000", "time": "2025-07-15T16:22:40.032556Z", "fetched_at": "2025-07-15T16:23:25.034579+00:00", "symbol": "ETH-USD"}, {"trade_id": 667424332, "side": "sell", "size": "0.00322158", "price": "3048.76000000", "time": "2025-07-15T16:22:40.032515Z", "fetched_at": "2025-07-15T16:23:25.034579+00:00", "symbol": "ETH-USD"}, {"trade_id": 667424331, "side": "sell", "size": "0.82002629", "price": "3048.69000000", "time": "2025-07-15T16:22:40.003081Z", "fetched_at": "2025-07-15T16:23:25.034579+00:00", "symbol": "ETH-USD"}, {"trade_id": 667424330, "side": "sell", "size": "0.08387202", "price": "3048.66000000", "time": "2025-07-15T16:22:40.003081Z", "fetched_at": "2025-07-15T16:23:25.034579+00:00", "symbol": "ETH-USD"}, {"trade_id": 667424329, "side": "sell", "size": "0.00024002", "price": "3048.65000000", "time": "2025-07-15T16:22:40.003081Z", "fetched_at": "2025-07-15T16:23:25.034579+00:00", "symbol": "ETH-USD"}, {"trade_id": 667424328, "side": "sell", "size": "0.00185215", "price": "3048.65000000", "time": "2025-07-15T16:22:40.003081Z", "fetched_at": "2025-07-15T16:23:25.034579+00:00", "symbol": "ETH-USD"}, {"trade_id": 667424327, "side": "sell", "size": "0.00027514", "price": "3048.65000000", "time": "2025-07-15T16:22:40.003081Z", "fetched_at": "2025-07-15T16:23:25.034579+00:00", "symbol": "ETH-USD"}, {"trade_id": 667424326, "side": "sell", "size": "0.00100000", "price": "3048.65000000", "time": "2025-07-15T16:22:40.003081Z", "fetched_at": "2025-07-15T16:23:25.034579+00:00", "symbol": "ETH-USD"}, {"trade_id": 667424325, "side": "sell", "size": "0.60000000", "price": "3048.43000000", "time": "2025-07-15T16:22:39.999818Z", "fetched_at": "2025-07-15T16:23:25.034579+00:00", "symbol": "ETH-USD"}, {"trade_id": 667424324, "side": "sell", "size": "0.00322158", "price": "3048.42000000", "time": "2025-07-15T16:22:39.999818Z", "fetched_at": "2025-07-15T16:23:25.034579+00:00", "symbol": "ETH-USD"}, {"trade_id": 667424323, "side": "sell", "size": "0.00005590", "price": "3048.06000000", "time": "2025-07-15T16:22:39.999818Z", "fetched_at": "2025-07-15T16:23:25.034579+00:00", "symbol": "ETH-USD"}, {"trade_id": 667424322, "side": "sell", "size": "0.14297415", "price": "3048.12000000", "time": "2025-07-15T16:22:38.103452Z", "fetched_at": "2025-07-15T16:23:25.034579+00:00", "symbol": "ETH-USD"}, {"trade_id": 667424321, "side": "buy", "size": "0.00104503", "price": "3048.16000000", "time": "2025-07-15T16:22:38.075145Z", "fetched_at": "2025-07-15T16:23:25.034579+00:00", "symbol": "ETH-USD"}, {"trade_id": 667424320, "side": "buy", "size": "0.36426651", "price": "3048.26000000", "time": "2025-07-15T16:22:38.048315Z", "fetched_at": "2025-07-15T16:23:25.034579+00:00", "symbol": "ETH-USD"}, {"trade_id": 667424319, "side": "buy", "size": "0.01630427", "price": "3048.28000000", "time": "2025-07-15T16:22:38.048315Z", "fetched_at": "2025-07-15T16:23:25.034579+00:00", "symbol": "ETH-USD"}, {"trade_id": 667424318, "side": "buy", "size": "0.00365123", "price": "3048.28000000", "time": "2025-07-15T16:22:38.048315Z", "fetched_at": "2025-07-15T16:23:25.034579+00:00", "symbol": "ETH-USD"}, {"trade_id": 667424317, "side": "buy", "size": "0.01595653", "price": "3048.28000000", "time": "2025-07-15T16:22:38.048315Z", "fetched_at": "2025-07-15T16:23:25.034579+00:00", "symbol": "ETH-USD"}, {"trade_id": 667424316, "side": "buy", "size": "0.06609721", "price": "3048.54000000", "time": "2025-07-15T16:22:38.034402Z", "fetched_at": "2025-07-15T16:23:25.034579+00:00", "symbol": "ETH-USD"}, {"trade_id": 667424315, "side": "buy", "size": "0.00106568", "price": "3048.64000000", "time": "2025-07-15T16:22:38.034402Z", "fetched_at": "2025-07-15T16:23:25.034579+00:00", "symbol": "ETH-USD"}, {"trade_id": 667424314, "side": "buy", "size": "0.01054568", "price": "3048.64000000", "time": "2025-07-15T16:22:38.034402Z", "fetched_at": "2025-07-15T16:23:25.034579+00:00", "symbol": "ETH-USD"}, {"trade_id": 667424313, "side": "buy", "size": "0.00002037", "price": "3048.64000000", "time": "2025-07-15T16:22:37.520738Z", "fetched_at": "2025-07-15T16:23:25.034579+00:00", "symbol": "ETH-USD"}, {"trade_id": 667424312, "side": "buy", "size": "0.28167000", "price": "3048.64000000", "time": "2025-07-15T16:22:37.488924Z", "fetched_at": "2025-07-15T16:23:25.034579+00:00", "symbol": "ETH-USD"}, {"trade_id": 667424311, "side": "buy", "size": "0.10221000", "price": "3048.64000000", "time": "2025-07-15T16:22:37.488924Z", "fetched_at": "2025-07-15T16:23:25.034579+00:00", "symbol": "ETH-USD"}, {"trade_id": 667424310, "side": "buy", "size": "0.10612000", "price": "3048.64000000", "time": "2025-07-15T16:22:37.488924Z", "fetched_at": "2025-07-15T16:23:25.034579+00:00", "symbol": "ETH-USD"}, {"trade_id": 667424309, "side": "buy", "size": "0.03412669", "price": "3048.64000000", "time": "2025-07-15T16:22:36.664679Z", "fetched_at": "2025-07-15T16:23:25.034579+00:00", "symbol": "ETH-USD"}, {"trade_id": 667424308, "side": "sell", "size": "0.00072622", "price": "3048.55000000", "time": "2025-07-15T16:22:35.443580Z", "fetched_at": "2025-07-15T16:23:25.034579+00:00", "symbol": "ETH-USD"}, {"trade_id": 667424307, "side": "sell", "size": "0.00011615", "price": "3048.55000000", "time": "2025-07-15T16:22:35.443580Z", "fetched_at": "2025-07-15T16:23:25.034579+00:00", "symbol": "ETH-USD"}, {"trade_id": 667424306, "side": "sell", "size": "0.11675861", "price": "3048.51000000", "time": "2025-07-15T16:22:35.165321Z", "fetched_at": "2025-07-15T16:23:25.034579+00:00", "symbol": "ETH-USD"}, {"trade_id": 667424305, "side": "sell", "size": "0.28126004", "price": "3048.51000000", "time": "2025-07-15T16:22:35.161091Z", "fetched_at": "2025-07-15T16:23:25.034579+00:00", "symbol": "ETH-USD"}, {"trade_id": 667424304, "side": "sell", "size": "0.00024003", "price": "3048.47000000", "time": "2025-07-15T16:22:35.161091Z", "fetched_at": "2025-07-15T16:23:25.034579+00:00", "symbol": "ETH-USD"}, {"trade_id": 667424303, "side": "sell", "size": "0.00185193", "price": "3048.47000000", "time": "2025-07-15T16:22:35.161091Z", "fetched_at": "2025-07-15T16:23:25.034579+00:00", "symbol": "ETH-USD"}, {"trade_id": 667424302, "side": "sell", "size": "0.00322133", "price": "3048.29000000", "time": "2025-07-15T16:22:35.161091Z", "fetched_at": "2025-07-15T16:23:25.034579+00:00", "symbol": "ETH-USD"}, {"trade_id": 667424301, "side": "sell", "size": "0.00005588", "price": "3048.29000000", "time": "2025-07-15T16:22:35.161091Z", "fetched_at": "2025-07-15T16:23:25.034579+00:00", "symbol": "ETH-USD"}, {"trade_id": 667424300, "side": "sell", "size": "0.10359155", "price": "3048.29000000", "time": "2025-07-15T16:22:33.457180Z", "fetched_at": "2025-07-15T16:23:25.034579+00:00", "symbol": "ETH-USD"}, {"trade_id": 667424299, "side": "sell", "size": "0.49014959", "price": "3048.29000000", "time": "2025-07-15T16:22:33.457180Z", "fetched_at": "2025-07-15T16:23:25.034579+00:00", "symbol": "ETH-USD"}, {"trade_id": 667424298, "side": "sell", "size": "0.00322134", "price": "3048.29000000", "time": "2025-07-15T16:22:33.457180Z", "fetched_at": "2025-07-15T16:23:25.034579+00:00", "symbol": "ETH-USD"}, {"trade_id": 667424297, "side": "sell", "size": "0.05858538", "price": "3048.29000000", "time": "2025-07-15T16:22:33.457180Z", "fetched_at": "2025-07-15T16:23:25.034579+00:00", "symbol": "ETH-USD"}, {"trade_id": 667424296, "side": "sell", "size": "0.01556180", "price": "3048.29000000", "time": "2025-07-15T16:22:33.208243Z", "fetched_at": "2025-07-15T16:23:25.034579+00:00", "symbol": "ETH-USD"}, {"trade_id": 667424295, "side": "sell", "size": "0.39857321", "price": "3048.51000000", "time": "2025-07-15T16:22:31.953956Z", "fetched_at": "2025-07-15T16:23:25.034579+00:00", "symbol": "ETH-USD"}, {"trade_id": 667424294, "side": "sell", "size": "0.00100000", "price": "3048.42000000", "time": "2025-07-15T16:22:31.953956Z", "fetched_at": "2025-07-15T16:23:25.034579+00:00", "symbol": "ETH-USD"}, {"trade_id": 667424293, "side": "sell", "size": "0.00322229", "price": "3048.29000000", "time": "2025-07-15T16:22:31.953956Z", "fetched_at": "2025-07-15T16:23:25.034579+00:00", "symbol": "ETH-USD"}, {"trade_id": 667424292, "side": "sell", "size": "0.00474970", "price": "3048.39000000", "time": "2025-07-15T16:22:31.339089Z", "fetched_at": "2025-07-15T16:23:25.034579+00:00", "symbol": "ETH-USD"}, {"trade_id": 667424291, "side": "sell", "size": "0.00322229", "price": "3048.29000000", "time": "2025-07-15T16:22:31.339089Z", "fetched_at": "2025-07-15T16:23:25.034579+00:00", "symbol": "ETH-USD"}, {"trade_id": 667424290, "side": "sell", "size": "0.07667595", "price": "3048.39000000", "time": "2025-07-15T16:22:30.767981Z", "fetched_at": "2025-07-15T16:23:25.034579+00:00", "symbol": "ETH-USD"}, {"trade_id": 667424289, "side": "sell", "size": "0.00322236", "price": "3048.38000000", "time": "2025-07-15T16:22:30.767981Z", "fetched_at": "2025-07-15T16:23:25.034579+00:00", "symbol": "ETH-USD"}, {"trade_id": 667424288, "side": "sell", "size": "0.00100000", "price": "3048.19000000", "time": "2025-07-15T16:22:30.767981Z", "fetched_at": "2025-07-15T16:23:25.034579+00:00", "symbol": "ETH-USD"}, {"trade_id": 667424287, "side": "sell", "size": "0.00032647", "price": "3048.12000000", "time": "2025-07-15T16:22:30.767981Z", "fetched_at": "2025-07-15T16:23:25.034579+00:00", "symbol": "ETH-USD"}, {"trade_id": 667424286, "side": "buy", "size": "0.81833958", "price": "3047.84000000", "time": "2025-07-15T16:22:30.729847Z", "fetched_at": "2025-07-15T16:23:25.034579+00:00", "symbol": "ETH-USD"}, {"trade_id": 667424285, "side": "buy", "size": "0.14701565", "price": "3047.85000000", "time": "2025-07-15T16:22:30.729847Z", "fetched_at": "2025-07-15T16:23:25.034579+00:00", "symbol": "ETH-USD"}, {"trade_id": 667424284, "side": "buy", "size": "0.16404602", "price": "3047.92000000", "time": "2025-07-15T16:22:30.729847Z", "fetched_at": "2025-07-15T16:23:25.034579+00:00", "symbol": "ETH-USD"}, {"trade_id": 667424283, "side": "buy", "size": "0.03159990", "price": "3048.11000000", "time": "2025-07-15T16:22:30.729847Z", "fetched_at": "2025-07-15T16:23:25.034579+00:00", "symbol": "ETH-USD"}, {"trade_id": 667424282, "side": "buy", "size": "0.00122986", "price": "3048.11000000", "time": "2025-07-15T16:22:30.729847Z", "fetched_at": "2025-07-15T16:23:25.034579+00:00", "symbol": "ETH-USD"}, {"trade_id": 667424281, "side": "buy", "size": "0.49837435", "price": "3048.11000000", "time": "2025-07-15T16:22:30.729847Z", "fetched_at": "2025-07-15T16:23:25.034579+00:00", "symbol": "ETH-USD"}, {"trade_id": 667424280, "side": "buy", "size": "0.30000000", "price": "3048.11000000", "time": "2025-07-15T16:22:30.729847Z", "fetched_at": "2025-07-15T16:23:25.034579+00:00", "symbol": "ETH-USD"}, {"trade_id": 667424279, "side": "buy", "size": "0.10221000", "price": "3048.11000000", "time": "2025-07-15T16:22:30.729847Z", "fetched_at": "2025-07-15T16:23:25.034579+00:00", "symbol": "ETH-USD"}, {"trade_id": 667424278, "side": "sell", "size": "0.07079295", "price": "3048.07000000", "time": "2025-07-15T16:22:29.734952Z", "fetched_at": "2025-07-15T16:23:25.034579+00:00", "symbol": "ETH-USD"}, {"trade_id": 667424277, "side": "sell", "size": "0.82021448", "price": "3047.99000000", "time": "2025-07-15T16:22:29.637234Z", "fetched_at": "2025-07-15T16:23:25.034579+00:00", "symbol": "ETH-USD"}, {"trade_id": 667424276, "side": "sell", "size": "0.00100000", "price": "3047.96000000", "time": "2025-07-15T16:22:29.637234Z", "fetched_at": "2025-07-15T16:23:25.034579+00:00", "symbol": "ETH-USD"}, {"trade_id": 667424275, "side": "sell", "size": "0.33544518", "price": "3047.83000000", "time": "2025-07-15T16:22:29.636812Z", "fetched_at": "2025-07-15T16:23:25.034579+00:00", "symbol": "ETH-USD"}, {"trade_id": 667424274, "side": "sell", "size": "0.00034239", "price": "3047.65000000", "time": "2025-07-15T16:22:29.636812Z", "fetched_at": "2025-07-15T16:23:25.034579+00:00", "symbol": "ETH-USD"}, {"trade_id": 667424273, "side": "sell", "size": "0.00009054", "price": "3047.65000000", "time": "2025-07-15T16:22:29.636812Z", "fetched_at": "2025-07-15T16:23:25.034579+00:00", "symbol": "ETH-USD"}, {"trade_id": 667424272, "side": "sell", "size": "0.00322237", "price": "3047.65000000", "time": "2025-07-15T16:22:29.636812Z", "fetched_at": "2025-07-15T16:23:25.034579+00:00", "symbol": "ETH-USD"}, {"trade_id": 667424271, "side": "sell", "size": "0.16034563", "price": "3047.76000000", "time": "2025-07-15T16:22:29.565583Z", "fetched_at": "2025-07-15T16:23:25.034579+00:00", "symbol": "ETH-USD"}, {"trade_id": 667424270, "side": "sell", "size": "0.00322280", "price": "3047.75000000", "time": "2025-07-15T16:22:29.565583Z", "fetched_at": "2025-07-15T16:23:25.034579+00:00", "symbol": "ETH-USD"}, {"trade_id": 667424269, "side": "sell", "size": "0.00100000", "price": "3047.73000000", "time": "2025-07-15T16:22:29.565583Z", "fetched_at": "2025-07-15T16:23:25.034579+00:00", "symbol": "ETH-USD"}, {"trade_id": 667424268, "side": "sell", "size": "0.00008452", "price": "3047.32000000", "time": "2025-07-15T16:22:29.565583Z", "fetched_at": "2025-07-15T16:23:25.034579+00:00", "symbol": "ETH-USD"}, {"trade_id": 667424267, "side": "sell", "size": "0.00063149", "price": "3047.32000000", "time": "2025-07-15T16:22:29.565583Z", "fetched_at": "2025-07-15T16:23:25.034579+00:00", "symbol": "ETH-USD"}, {"trade_id": 667424266, "side": "sell", "size": "0.00010334", "price": "3047.32000000", "time": "2025-07-15T16:22:29.565583Z", "fetched_at": "2025-07-15T16:23:25.034579+00:00", "symbol": "ETH-USD"}, {"trade_id": 667424265, "side": "sell", "size": "0.00032205", "price": "3047.32000000", "time": "2025-07-15T16:22:29.565583Z", "fetched_at": "2025-07-15T16:23:25.034579+00:00", "symbol": "ETH-USD"}, {"trade_id": 667424264, "side": "buy", "size": "0.03612295", "price": "3047.00000000", "time": "2025-07-15T16:22:27.658864Z", "fetched_at": "2025-07-15T16:23:25.034579+00:00", "symbol": "ETH-USD"}, {"trade_id": 667424263, "side": "sell", "size": "0.07918139", "price": "3047.50000000", "time": "2025-07-15T16:22:27.519630Z", "fetched_at": "2025-07-15T16:23:25.034579+00:00", "symbol": "ETH-USD"}, {"trade_id": 667424262, "side": "sell", "size": "0.00100000", "price": "3047.50000000", "time": "2025-07-15T16:22:27.519630Z", "fetched_at": "2025-07-15T16:23:25.034579+00:00", "symbol": "ETH-USD"}, {"trade_id": 667424261, "side": "sell", "size": "0.13687070", "price": "3047.49000000", "time": "2025-07-15T16:22:27.519630Z", "fetched_at": "2025-07-15T16:23:25.034579+00:00", "symbol": "ETH-USD"}, {"trade_id": 667424260, "side": "sell", "size": "0.00288587", "price": "3047.48000000", "time": "2025-07-15T16:22:27.519630Z", "fetched_at": "2025-07-15T16:23:25.034579+00:00", "symbol": "ETH-USD"}, {"trade_id": 667424259, "side": "sell", "size": "0.00022367", "price": "3047.35000000", "time": "2025-07-15T16:22:27.519630Z", "fetched_at": "2025-07-15T16:23:25.034579+00:00", "symbol": "ETH-USD"}, {"trade_id": 667424258, "side": "sell", "size": "0.00063137", "price": "3047.35000000", "time": "2025-07-15T16:22:27.519630Z", "fetched_at": "2025-07-15T16:23:25.034579+00:00", "symbol": "ETH-USD"}, {"trade_id": 667424257, "side": "sell", "size": "0.00006654", "price": "3047.35000000", "time": "2025-07-15T16:22:27.519630Z", "fetched_at": "2025-07-15T16:23:25.034579+00:00", "symbol": "ETH-USD"}, {"trade_id": 667424256, "side": "sell", "size": "0.00242102", "price": "3047.32000000", "time": "2025-07-15T16:22:27.519630Z", "fetched_at": "2025-07-15T16:23:25.034579+00:00", "symbol": "ETH-USD"}, {"trade_id": 667424255, "side": "sell", "size": "0.02301451", "price": "3047.18000000", "time": "2025-07-15T16:22:27.220785Z", "fetched_at": "2025-07-15T16:23:25.034579+00:00", "symbol": "ETH-USD"}, {"trade_id": 667424254, "side": "sell", "size": "0.00297349", "price": "3047.17000000", "time": "2025-07-15T16:22:27.220785Z", "fetched_at": "2025-07-15T16:23:25.034579+00:00", "symbol": "ETH-USD"}, {"trade_id": 667424253, "side": "sell", "size": "0.03673310", "price": "3047.03000000", "time": "2025-07-15T16:22:26.412238Z", "fetched_at": "2025-07-15T16:23:25.034579+00:00", "symbol": "ETH-USD"}, {"trade_id": 667424252, "side": "buy", "size": "0.08460614", "price": "3047.06000000", "time": "2025-07-15T16:22:26.097517Z", "fetched_at": "2025-07-15T16:23:25.034579+00:00", "symbol": "ETH-USD"}, {"trade_id": 667424251, "side": "buy", "size": "0.03332392", "price": "3047.06000000", "time": "2025-07-15T16:22:26.097517Z", "fetched_at": "2025-07-15T16:23:25.034579+00:00", "symbol": "ETH-USD"}, {"trade_id": 667424250, "side": "buy", "size": "0.00129065", "price": "3047.07000000", "time": "2025-07-15T16:22:26.097517Z", "fetched_at": "2025-07-15T16:23:25.034579+00:00", "symbol": "ETH-USD"}, {"trade_id": 667424249, "side": "buy", "size": "0.19757958", "price": "3047.06000000", "time": "2025-07-15T16:22:25.899318Z", "fetched_at": "2025-07-15T16:23:25.034579+00:00", "symbol": "ETH-USD"}, {"trade_id": 667424248, "side": "buy", "size": "0.00094061", "price": "3047.22000000", "time": "2025-07-15T16:22:24.831790Z", "fetched_at": "2025-07-15T16:23:25.034579+00:00", "symbol": "ETH-USD"}, {"trade_id": 667424247, "side": "buy", "size": "0.03160585", "price": "3047.22000000", "time": "2025-07-15T16:22:24.831790Z", "fetched_at": "2025-07-15T16:23:25.034579+00:00", "symbol": "ETH-USD"}, {"trade_id": 667424246, "side": "buy", "size": "0.01582035", "price": "3047.34000000", "time": "2025-07-15T16:22:24.831790Z", "fetched_at": "2025-07-15T16:23:25.034579+00:00", "symbol": "ETH-USD"}, {"trade_id": 667424245, "side": "sell", "size": "0.00003680", "price": "3047.35000000", "time": "2025-07-15T16:22:24.199530Z", "fetched_at": "2025-07-15T16:23:25.034579+00:00", "symbol": "ETH-USD"}, {"trade_id": 667424244, "side": "sell", "size": "0.00027506", "price": "3047.35000000", "time": "2025-07-15T16:22:24.199530Z", "fetched_at": "2025-07-15T16:23:25.034579+00:00", "symbol": "ETH-USD"}, {"trade_id": 667424243, "side": "sell", "size": "0.01409640", "price": "3047.35000000", "time": "2025-07-15T16:22:21.405108Z", "fetched_at": "2025-07-15T16:23:25.034579+00:00", "symbol": "ETH-USD"}, {"trade_id": 667424242, "side": "sell", "size": "0.00128276", "price": "3047.35000000", "time": "2025-07-15T16:22:21.405108Z", "fetched_at": "2025-07-15T16:23:25.034579+00:00", "symbol": "ETH-USD"}, {"trade_id": 667424241, "side": "sell", "size": "0.00002726", "price": "3047.35000000", "time": "2025-07-15T16:22:21.405108Z", "fetched_at": "2025-07-15T16:23:25.034579+00:00", "symbol": "ETH-USD"}, {"trade_id": 667424240, "side": "sell", "size": "0.00015798", "price": "3047.35000000", "time": "2025-07-15T16:22:21.405108Z", "fetched_at": "2025-07-15T16:23:25.034579+00:00", "symbol": "ETH-USD"}, {"trade_id": 667424239, "side": "sell", "size": "0.00027507", "price": "3047.35000000", "time": "2025-07-15T16:22:21.405108Z", "fetched_at": "2025-07-15T16:23:25.034579+00:00", "symbol": "ETH-USD"}, {"trade_id": 667424238, "side": "sell", "size": "0.00010334", "price": "3047.35000000", "time": "2025-07-15T16:22:21.405108Z", "fetched_at": "2025-07-15T16:23:25.034579+00:00", "symbol": "ETH-USD"}, {"trade_id": 667424237, "side": "sell", "size": "0.00024002", "price": "3047.23000000", "time": "2025-07-15T16:22:20.780132Z", "fetched_at": "2025-07-15T16:23:25.034579+00:00", "symbol": "ETH-USD"}, {"trade_id": 667424236, "side": "sell", "size": "0.00185188", "price": "3047.23000000", "time": "2025-07-15T16:22:20.780132Z", "fetched_at": "2025-07-15T16:23:25.034579+00:00", "symbol": "ETH-USD"}, {"trade_id": 667424235, "side": "sell", "size": "0.00005589", "price": "3047.23000000", "time": "2025-07-15T16:22:20.780132Z", "fetched_at": "2025-07-15T16:23:25.034579+00:00", "symbol": "ETH-USD"}, {"trade_id": 667424234, "side": "sell", "size": "0.04205438", "price": "3047.54000000", "time": "2025-07-15T16:22:18.812599Z", "fetched_at": "2025-07-15T16:23:25.034579+00:00", "symbol": "ETH-USD"}, {"trade_id": 667424233, "side": "sell", "size": "0.00185186", "price": "3047.51000000", "time": "2025-07-15T16:22:18.812599Z", "fetched_at": "2025-07-15T16:23:25.034579+00:00", "symbol": "ETH-USD"}, {"trade_id": 667424232, "side": "sell", "size": "0.00100000", "price": "3047.50000000", "time": "2025-07-15T16:22:18.812599Z", "fetched_at": "2025-07-15T16:23:25.034579+00:00", "symbol": "ETH-USD"}, {"trade_id": 667424231, "side": "sell", "size": "0.00100000", "price": "3047.27000000", "time": "2025-07-15T16:22:18.812599Z", "fetched_at": "2025-07-15T16:23:25.034579+00:00", "symbol": "ETH-USD"}, {"trade_id": 667424230, "side": "sell", "size": "0.00024004", "price": "3047.23000000", "time": "2025-07-15T16:22:18.812599Z", "fetched_at": "2025-07-15T16:23:25.034579+00:00", "symbol": "ETH-USD"}, {"trade_id": 667424229, "side": "sell", "size": "0.00322313", "price": "3046.96000000", "time": "2025-07-15T16:22:18.812599Z", "fetched_at": "2025-07-15T16:23:25.034579+00:00", "symbol": "ETH-USD"}, {"trade_id": 667424228, "side": "sell", "size": "0.00005588", "price": "3046.96000000", "time": "2025-07-15T16:22:18.812599Z", "fetched_at": "2025-07-15T16:23:25.034579+00:00", "symbol": "ETH-USD"}, {"trade_id": 667424227, "side": "sell", "size": "0.01338672", "price": "3046.68000000", "time": "2025-07-15T16:22:18.015848Z", "fetched_at": "2025-07-15T16:23:25.034579+00:00", "symbol": "ETH-USD"}, {"trade_id": 667424226, "side": "sell", "size": "0.00322328", "price": "3046.67000000", "time": "2025-07-15T16:22:18.015848Z", "fetched_at": "2025-07-15T16:23:25.034579+00:00", "symbol": "ETH-USD"}, {"trade_id": 667424225, "side": "sell", "size": "0.00063132", "price": "3046.60000000", "time": "2025-07-15T16:22:18.015772Z", "fetched_at": "2025-07-15T16:23:25.034579+00:00", "symbol": "ETH-USD"}, {"trade_id": 667424224, "side": "sell", "size": "0.00010335", "price": "3046.60000000", "time": "2025-07-15T16:22:18.015772Z", "fetched_at": "2025-07-15T16:23:25.034579+00:00", "symbol": "ETH-USD"}, {"trade_id": 667424223, "side": "sell", "size": "0.00027512", "price": "3046.60000000", "time": "2025-07-15T16:22:18.015772Z", "fetched_at": "2025-07-15T16:23:25.034579+00:00", "symbol": "ETH-USD"}, {"trade_id": 667424222, "side": "buy", "size": "0.00100000", "price": "3046.58000000", "time": "2025-07-15T16:22:15.949206Z", "fetched_at": "2025-07-15T16:23:25.034579+00:00", "symbol": "ETH-USD"}, {"trade_id": 667424221, "side": "buy", "size": "0.01052949", "price": "3046.68000000", "time": "2025-07-15T16:22:15.949206Z", "fetched_at": "2025-07-15T16:23:25.034579+00:00", "symbol": "ETH-USD"}, {"trade_id": 667424220, "side": "buy", "size": "0.04789475", "price": "3046.68000000", "time": "2025-07-15T16:22:15.949206Z", "fetched_at": "2025-07-15T16:23:25.034579+00:00", "symbol": "ETH-USD"}, {"trade_id": 667424219, "side": "sell", "size": "0.00154260", "price": "3046.69000000", "time": "2025-07-15T16:22:15.178542Z", "fetched_at": "2025-07-15T16:23:25.034579+00:00", "symbol": "ETH-USD"}, {"trade_id": 667424218, "side": "sell", "size": "0.07970732", "price": "3046.69000000", "time": "2025-07-15T16:22:14.981379Z", "fetched_at": "2025-07-15T16:23:25.034579+00:00", "symbol": "ETH-USD"}, {"trade_id": 667424217, "side": "sell", "size": "0.00859147", "price": "3046.59000000", "time": "2025-07-15T16:22:14.484318Z", "fetched_at": "2025-07-15T16:23:25.034579+00:00", "symbol": "ETH-USD"}, {"trade_id": 667424216, "side": "buy", "size": "0.02442266", "price": "3046.76000000", "time": "2025-07-15T16:22:14.263585Z", "fetched_at": "2025-07-15T16:23:25.034579+00:00", "symbol": "ETH-USD"}, {"trade_id": 667424215, "side": "buy", "size": "0.01579382", "price": "3046.76000000", "time": "2025-07-15T16:22:14.263585Z", "fetched_at": "2025-07-15T16:23:25.034579+00:00", "symbol": "ETH-USD"}, {"trade_id": 667424214, "side": "sell", "size": "0.09247599", "price": "3046.77000000", "time": "2025-07-15T16:22:14.148630Z", "fetched_at": "2025-07-15T16:23:25.034579+00:00", "symbol": "ETH-USD"}, {"trade_id": 667424213, "side": "sell", "size": "0.00322291", "price": "3046.77000000", "time": "2025-07-15T16:22:14.148630Z", "fetched_at": "2025-07-15T16:23:25.034579+00:00", "symbol": "ETH-USD"}, {"trade_id": 667424212, "side": "buy", "size": "0.00291780", "price": "3046.81000000", "time": "2025-07-15T16:22:12.904092Z", "fetched_at": "2025-07-15T16:23:25.034579+00:00", "symbol": "ETH-USD"}, {"trade_id": 667424211, "side": "buy", "size": "0.00100000", "price": "3046.81000000", "time": "2025-07-15T16:22:12.904092Z", "fetched_at": "2025-07-15T16:23:25.034579+00:00", "symbol": "ETH-USD"}, {"trade_id": 667424210, "side": "buy", "size": "0.00122037", "price": "3047.22000000", "time": "2025-07-15T16:22:12.574680Z", "fetched_at": "2025-07-15T16:23:25.034579+00:00", "symbol": "ETH-USD"}, {"trade_id": 667424209, "side": "buy", "size": "0.00122037", "price": "3047.22000000", "time": "2025-07-15T16:22:12.509470Z", "fetched_at": "2025-07-15T16:23:25.034579+00:00", "symbol": "ETH-USD"}, {"trade_id": 667424208, "side": "buy", "size": "0.00122037", "price": "3047.22000000", "time": "2025-07-15T16:22:12.486122Z", "fetched_at": "2025-07-15T16:23:25.034579+00:00", "symbol": "ETH-USD"}, {"trade_id": 667424207, "side": "buy", "size": "0.35757256", "price": "3047.22000000", "time": "2025-07-15T16:22:12.486122Z", "fetched_at": "2025-07-15T16:23:25.034579+00:00", "symbol": "ETH-USD"}, {"trade_id": 667424206, "side": "buy", "size": "0.00001640", "price": "3047.23000000", "time": "2025-07-15T16:22:12.426797Z", "fetched_at": "2025-07-15T16:23:25.034579+00:00", "symbol": "ETH-USD"}, {"trade_id": 667424205, "side": "buy", "size": "0.37421879", "price": "3047.25000000", "time": "2025-07-15T16:22:12.426797Z", "fetched_at": "2025-07-15T16:23:25.034579+00:00", "symbol": "ETH-USD"}, {"trade_id": 667424204, "side": "buy", "size": "0.00122242", "price": "3047.26000000", "time": "2025-07-15T16:22:12.426797Z", "fetched_at": "2025-07-15T16:23:25.034579+00:00", "symbol": "ETH-USD"}, {"trade_id": 667424203, "side": "buy", "size": "0.10221000", "price": "3047.39000000", "time": "2025-07-15T16:22:12.426532Z", "fetched_at": "2025-07-15T16:23:25.034579+00:00", "symbol": "ETH-USD"}, {"trade_id": 667424202, "side": "buy", "size": "0.01291035", "price": "3047.94000000", "time": "2025-07-15T16:22:12.190903Z", "fetched_at": "2025-07-15T16:23:25.034579+00:00", "symbol": "ETH-USD"}, {"trade_id": 667424201, "side": "sell", "size": "0.00322312", "price": "3047.66000000", "time": "2025-07-15T16:22:12.031553Z", "fetched_at": "2025-07-15T16:23:25.034579+00:00", "symbol": "ETH-USD"}, {"trade_id": 667424200, "side": "sell", "size": "0.00057438", "price": "3047.50000000", "time": "2025-07-15T16:22:12.031500Z", "fetched_at": "2025-07-15T16:23:25.034579+00:00", "symbol": "ETH-USD"}, {"trade_id": 667424199, "side": "sell", "size": "0.00005695", "price": "3047.50000000", "time": "2025-07-15T16:22:11.925937Z", "fetched_at": "2025-07-15T16:23:25.034579+00:00", "symbol": "ETH-USD"}, {"trade_id": 667424198, "side": "sell", "size": "0.00322267", "price": "3047.50000000", "time": "2025-07-15T16:22:11.925937Z", "fetched_at": "2025-07-15T16:23:25.034579+00:00", "symbol": "ETH-USD"}, {"trade_id": 667424197, "side": "sell", "size": "0.00642720", "price": "3047.77000000", "time": "2025-07-15T16:22:11.681919Z", "fetched_at": "2025-07-15T16:23:25.034579+00:00", "symbol": "ETH-USD"}, {"trade_id": 667424196, "side": "sell", "size": "0.00322267", "price": "3047.77000000", "time": "2025-07-15T16:22:11.681919Z", "fetched_at": "2025-07-15T16:23:25.034579+00:00", "symbol": "ETH-USD"}, {"trade_id": 667424195, "side": "sell", "size": "0.00005589", "price": "3047.40000000", "time": "2025-07-15T16:22:11.089986Z", "fetched_at": "2025-07-15T16:23:25.034579+00:00", "symbol": "ETH-USD"}, {"trade_id": 667424194, "side": "sell", "size": "0.56498265", "price": "3047.26000000", "time": "2025-07-15T16:22:10.980529Z", "fetched_at": "2025-07-15T16:23:25.034579+00:00", "symbol": "ETH-USD"}, {"trade_id": 667424193, "side": "sell", "size": "0.00322268", "price": "3046.90000000", "time": "2025-07-15T16:22:10.793701Z", "fetched_at": "2025-07-15T16:23:25.034579+00:00", "symbol": "ETH-USD"}, {"trade_id": 667424192, "side": "sell", "size": "0.00027509", "price": "3046.59000000", "time": "2025-07-15T16:22:10.793701Z", "fetched_at": "2025-07-15T16:23:25.034579+00:00", "symbol": "ETH-USD"}, {"trade_id": 667424191, "side": "sell", "size": "0.00010336", "price": "3046.59000000", "time": "2025-07-15T16:22:10.793701Z", "fetched_at": "2025-07-15T16:23:25.034579+00:00", "symbol": "ETH-USD"}, {"trade_id": 667424190, "side": "buy", "size": "0.00100000", "price": "3046.81000000", "time": "2025-07-15T16:22:10.422774Z", "fetched_at": "2025-07-15T16:23:25.034579+00:00", "symbol": "ETH-USD"}, {"trade_id": 667424189, "side": "buy", "size": "0.00000082", "price": "3047.04000000", "time": "2025-07-15T16:22:10.422774Z", "fetched_at": "2025-07-15T16:23:25.034579+00:00", "symbol": "ETH-USD"}, {"trade_id": 667424188, "side": "sell", "size": "0.07648012", "price": "3047.05000000", "time": "2025-07-15T16:22:10.219585Z", "fetched_at": "2025-07-15T16:23:25.034579+00:00", "symbol": "ETH-USD"}, {"trade_id": 667424187, "side": "sell", "size": "0.00322239", "price": "3047.05000000", "time": "2025-07-15T16:22:10.219585Z", "fetched_at": "2025-07-15T16:23:25.034579+00:00", "symbol": "ETH-USD"}, {"trade_id": 667424186, "side": "buy", "size": "0.07034942", "price": "3047.04000000", "time": "2025-07-15T16:22:10.154282Z", "fetched_at": "2025-07-15T16:23:25.034579+00:00", "symbol": "ETH-USD"}, {"trade_id": 667424185, "side": "buy", "size": "0.00719058", "price": "3047.04000000", "time": "2025-07-15T16:22:10.154282Z", "fetched_at": "2025-07-15T16:23:25.034579+00:00", "symbol": "ETH-USD"}, {"trade_id": 667424184, "side": "buy", "size": "0.00100000", "price": "3047.04000000", "time": "2025-07-15T16:22:10.154282Z", "fetched_at": "2025-07-15T16:23:25.034579+00:00", "symbol": "ETH-USD"}, {"trade_id": 667424183, "side": "buy", "size": "0.00000790", "price": "3047.27000000", "time": "2025-07-15T16:22:09.616765Z", "fetched_at": "2025-07-15T16:23:25.034579+00:00", "symbol": "ETH-USD"}, {"trade_id": 667424182, "side": "buy", "size": "0.01578000", "price": "3047.27000000", "time": "2025-07-15T16:22:09.615600Z", "fetched_at": "2025-07-15T16:23:25.034579+00:00", "symbol": "ETH-USD"}, {"trade_id": 667424181, "side": "sell", "size": "0.00311356", "price": "3047.28000000", "time": "2025-07-15T16:22:09.613536Z", "fetched_at": "2025-07-15T16:23:25.034579+00:00", "symbol": "ETH-USD"}, {"trade_id": 667424180, "side": "sell", "size": "0.01594406", "price": "3047.28000000", "time": "2025-07-15T16:22:09.549981Z", "fetched_at": "2025-07-15T16:23:25.034579+00:00", "symbol": "ETH-USD"}, {"trade_id": 667424179, "side": "buy", "size": "0.00125928", "price": "3047.30000000", "time": "2025-07-15T16:22:09.502775Z", "fetched_at": "2025-07-15T16:23:25.034579+00:00", "symbol": "ETH-USD"}, {"trade_id": 667424178, "side": "sell", "size": "0.00068815", "price": "3047.28000000", "time": "2025-07-15T16:22:07.776639Z", "fetched_at": "2025-07-15T16:23:25.034579+00:00", "symbol": "ETH-USD"}, {"trade_id": 667424177, "side": "sell", "size": "0.00506384", "price": "3047.28000000", "time": "2025-07-15T16:22:07.775073Z", "fetched_at": "2025-07-15T16:23:25.034579+00:00", "symbol": "ETH-USD"}, {"trade_id": 667424176, "side": "sell", "size": "0.00024001", "price": "3047.28000000", "time": "2025-07-15T16:22:07.775073Z", "fetched_at": "2025-07-15T16:23:25.034579+00:00", "symbol": "ETH-USD"}, {"trade_id": 667424175, "side": "sell", "size": "0.00185207", "price": "3047.28000000", "time": "2025-07-15T16:22:07.775073Z", "fetched_at": "2025-07-15T16:23:25.034579+00:00", "symbol": "ETH-USD"}, {"trade_id": 667424174, "side": "sell", "size": "0.00063129", "price": "3047.28000000", "time": "2025-07-15T16:22:07.775073Z", "fetched_at": "2025-07-15T16:23:25.034579+00:00", "symbol": "ETH-USD"}, {"trade_id": 667424173, "side": "buy", "size": "0.00121969", "price": "3047.27000000", "time": "2025-07-15T16:22:06.924083Z", "fetched_at": "2025-07-15T16:23:25.034579+00:00", "symbol": "ETH-USD"}, {"trade_id": 667424172, "side": "buy", "size": "0.00121969", "price": "3047.27000000", "time": "2025-07-15T16:22:06.909384Z", "fetched_at": "2025-07-15T16:23:25.034579+00:00", "symbol": "ETH-USD"}, {"trade_id": 667424171, "side": "buy", "size": "0.00122300", "price": "3047.27000000", "time": "2025-07-15T16:22:06.894784Z", "fetched_at": "2025-07-15T16:23:25.034579+00:00", "symbol": "ETH-USD"}, {"trade_id": 667424170, "side": "buy", "size": "0.00122300", "price": "3047.27000000", "time": "2025-07-15T16:22:06.878664Z", "fetched_at": "2025-07-15T16:23:25.034579+00:00", "symbol": "ETH-USD"}, {"trade_id": 667424169, "side": "buy", "size": "0.00122300", "price": "3047.27000000", "time": "2025-07-15T16:22:06.862762Z", "fetched_at": "2025-07-15T16:23:25.034579+00:00", "symbol": "ETH-USD"}, {"trade_id": 667424168, "side": "buy", "size": "0.00122299", "price": "3047.31000000", "time": "2025-07-15T16:22:06.816741Z", "fetched_at": "2025-07-15T16:23:25.034579+00:00", "symbol": "ETH-USD"}, {"trade_id": 667424167, "side": "buy", "size": "0.36780545", "price": "3047.13000000", "time": "2025-07-15T16:22:06.800741Z", "fetched_at": "2025-07-15T16:23:25.034579+00:00", "symbol": "ETH-USD"}, {"trade_id": 667424166, "side": "buy", "size": "0.24222602", "price": "3047.24000000", "time": "2025-07-15T16:22:06.800741Z", "fetched_at": "2025-07-15T16:23:25.034579+00:00", "symbol": "ETH-USD"}, {"trade_id": 667424165, "side": "buy", "size": "0.00300000", "price": "3047.26000000", "time": "2025-07-15T16:22:06.800741Z", "fetched_at": "2025-07-15T16:23:25.034579+00:00", "symbol": "ETH-USD"}, {"trade_id": 667424164, "side": "buy", "size": "0.02429723", "price": "3047.26000000", "time": "2025-07-15T16:22:06.800741Z", "fetched_at": "2025-07-15T16:23:25.034579+00:00", "symbol": "ETH-USD"}, {"trade_id": 667424163, "side": "buy", "size": "0.16788435", "price": "3047.30000000", "time": "2025-07-15T16:22:06.800741Z", "fetched_at": "2025-07-15T16:23:25.034579+00:00", "symbol": "ETH-USD"}, {"trade_id": 667424162, "side": "buy", "size": "0.00122299", "price": "3047.31000000", "time": "2025-07-15T16:22:06.800741Z", "fetched_at": "2025-07-15T16:23:25.034579+00:00", "symbol": "ETH-USD"}, {"trade_id": 667424161, "side": "sell", "size": "0.31598238", "price": "3047.70000000", "time": "2025-07-15T16:22:06.284065Z", "fetched_at": "2025-07-15T16:23:25.034579+00:00", "symbol": "ETH-USD"}, {"trade_id": 667424160, "side": "sell", "size": "0.00322199", "price": "3047.70000000", "time": "2025-07-15T16:22:06.284065Z", "fetched_at": "2025-07-15T16:23:25.034579+00:00", "symbol": "ETH-USD"}, {"trade_id": 667424159, "side": "sell", "size": "0.50628892", "price": "3047.69000000", "time": "2025-07-15T16:22:06.284065Z", "fetched_at": "2025-07-15T16:23:25.034579+00:00", "symbol": "ETH-USD"}, {"trade_id": 667424158, "side": "sell", "size": "0.11918813", "price": "3047.69000000", "time": "2025-07-15T16:22:06.284065Z", "fetched_at": "2025-07-15T16:23:25.034579+00:00", "symbol": "ETH-USD"}, {"trade_id": 667424157, "side": "sell", "size": "0.67456313", "price": "3047.69000000", "time": "2025-07-15T16:22:06.284065Z", "fetched_at": "2025-07-15T16:23:25.034579+00:00", "symbol": "ETH-USD"}, {"trade_id": 667424156, "side": "buy", "size": "0.58373372", "price": "3047.70000000", "time": "2025-07-15T16:22:06.268909Z", "fetched_at": "2025-07-15T16:23:25.034579+00:00", "symbol": "ETH-USD"}, {"trade_id": 667424155, "side": "sell", "size": "0.00095011", "price": "3047.75000000", "time": "2025-07-15T16:22:06.096424Z", "fetched_at": "2025-07-15T16:23:25.034579+00:00", "symbol": "ETH-USD"}, {"trade_id": 667424154, "side": "sell", "size": "0.16411211", "price": "3048.19000000", "time": "2025-07-15T16:22:04.669170Z", "fetched_at": "2025-07-15T16:23:25.034579+00:00", "symbol": "ETH-USD"}, {"trade_id": 667424153, "side": "sell", "size": "0.00100000", "price": "3048.19000000", "time": "2025-07-15T16:22:04.669170Z", "fetched_at": "2025-07-15T16:23:25.034579+00:00", "symbol": "ETH-USD"}, {"trade_id": 667424152, "side": "sell", "size": "0.18563000", "price": "3048.18000000", "time": "2025-07-15T16:22:04.669170Z", "fetched_at": "2025-07-15T16:23:25.034579+00:00", "symbol": "ETH-USD"}, {"trade_id": 667424151, "side": "sell", "size": "0.16403284", "price": "3048.17000000", "time": "2025-07-15T16:22:04.669170Z", "fetched_at": "2025-07-15T16:23:25.034579+00:00", "symbol": "ETH-USD"}, {"trade_id": 667424150, "side": "sell", "size": "0.00322505", "price": "3048.17000000", "time": "2025-07-15T16:22:04.669170Z", "fetched_at": "2025-07-15T16:23:25.034579+00:00", "symbol": "ETH-USD"}, {"trade_id": 667424149, "side": "sell", "size": "0.97200000", "price": "3048.17000000", "time": "2025-07-15T16:22:04.669170Z", "fetched_at": "2025-07-15T16:23:25.034579+00:00", "symbol": "ETH-USD"}, {"trade_id": 667424148, "side": "sell", "size": "0.15000000", "price": "3048.16000000", "time": "2025-07-15T16:22:04.669170Z", "fetched_at": "2025-07-15T16:23:25.034579+00:00", "symbol": "ETH-USD"}, {"trade_id": 667424147, "side": "sell", "size": "0.41905908", "price": "3048.02000000", "time": "2025-07-15T16:22:04.590373Z", "fetched_at": "2025-07-15T16:23:25.034579+00:00", "symbol": "ETH-USD"}, {"trade_id": 667424146, "side": "sell", "size": "0.30000000", "price": "3048.01000000", "time": "2025-07-15T16:22:04.590373Z", "fetched_at": "2025-07-15T16:23:25.034579+00:00", "symbol": "ETH-USD"}, {"trade_id": 667424145, "side": "sell", "size": "0.00322505", "price": "3048.00000000", "time": "2025-07-15T16:22:04.590373Z", "fetched_at": "2025-07-15T16:23:25.034579+00:00", "symbol": "ETH-USD"}, {"trade_id": 667424144, "side": "sell", "size": "0.00100000", "price": "3047.96000000", "time": "2025-07-15T16:22:04.590373Z", "fetched_at": "2025-07-15T16:23:25.034579+00:00", "symbol": "ETH-USD"}, {"trade_id": 667424143, "side": "sell", "size": "0.32093510", "price": "3047.75000000", "time": "2025-07-15T16:22:04.586968Z", "fetched_at": "2025-07-15T16:23:25.034579+00:00", "symbol": "ETH-USD"}, {"trade_id": 667424142, "side": "sell", "size": "0.00100000", "price": "3047.73000000", "time": "2025-07-15T16:22:04.586968Z", "fetched_at": "2025-07-15T16:23:25.034579+00:00", "symbol": "ETH-USD"}, {"trade_id": 667424141, "side": "sell", "size": "0.00011350", "price": "3047.68000000", "time": "2025-07-15T16:22:04.586968Z", "fetched_at": "2025-07-15T16:23:25.034579+00:00", "symbol": "ETH-USD"}, {"trade_id": 667424140, "side": "sell", "size": "0.00029915", "price": "3047.68000000", "time": "2025-07-15T16:22:04.586968Z", "fetched_at": "2025-07-15T16:23:25.034579+00:00", "symbol": "ETH-USD"}, {"trade_id": 667424139, "side": "sell", "size": "0.00008418", "price": "3047.27000000", "time": "2025-07-15T16:22:04.239420Z", "fetched_at": "2025-07-15T16:23:25.034579+00:00", "symbol": "ETH-USD"}, {"trade_id": 667424138, "side": "sell", "size": "0.04247848", "price": "3047.58000000", "time": "2025-07-15T16:22:03.401298Z", "fetched_at": "2025-07-15T16:23:25.034579+00:00", "symbol": "ETH-USD"}, {"trade_id": 667424137, "side": "sell", "size": "0.00322505", "price": "3047.27000000", "time": "2025-07-15T16:22:03.401298Z", "fetched_at": "2025-07-15T16:23:25.034579+00:00", "symbol": "ETH-USD"}, {"trade_id": 667424136, "side": "sell", "size": "0.00100000", "price": "3047.27000000", "time": "2025-07-15T16:22:03.401298Z", "fetched_at": "2025-07-15T16:23:25.034579+00:00", "symbol": "ETH-USD"}, {"trade_id": 667424135, "side": "buy", "size": "0.10000000", "price": "3046.79000000", "time": "2025-07-15T16:22:02.742889Z", "fetched_at": "2025-07-15T16:23:25.034579+00:00", "symbol": "ETH-USD"}, {"trade_id": 667424134, "side": "buy", "size": "0.10612000", "price": "3046.79000000", "time": "2025-07-15T16:22:02.742686Z", "fetched_at": "2025-07-15T16:23:25.034579+00:00", "symbol": "ETH-USD"}, {"trade_id": 667424133, "side": "sell", "size": "0.00282565", "price": "3046.80000000", "time": "2025-07-15T16:22:02.741395Z", "fetched_at": "2025-07-15T16:23:25.034579+00:00", "symbol": "ETH-USD"}, {"trade_id": 667424132, "side": "buy", "size": "0.08563000", "price": "3046.79000000", "time": "2025-07-15T16:22:02.739629Z", "fetched_at": "2025-07-15T16:23:25.034579+00:00", "symbol": "ETH-USD"}, {"trade_id": 667424131, "side": "buy", "size": "0.01437000", "price": "3046.79000000", "time": "2025-07-15T16:22:02.739500Z", "fetched_at": "2025-07-15T16:23:25.034579+00:00", "symbol": "ETH-USD"}, {"trade_id": 667424130, "side": "buy", "size": "0.08563000", "price": "3046.79000000", "time": "2025-07-15T16:22:02.734058Z", "fetched_at": "2025-07-15T16:23:25.034579+00:00", "symbol": "ETH-USD"}, {"trade_id": 667424129, "side": "buy", "size": "0.09901257", "price": "3046.79000000", "time": "2025-07-15T16:22:02.729069Z", "fetched_at": "2025-07-15T16:23:25.034579+00:00", "symbol": "ETH-USD"}, {"trade_id": 667424128, "side": "buy", "size": "0.00098743", "price": "3046.79000000", "time": "2025-07-15T16:22:02.729069Z", "fetched_at": "2025-07-15T16:23:25.034579+00:00", "symbol": "ETH-USD"}, {"trade_id": 667424127, "side": "buy", "size": "0.00098743", "price": "3046.79000000", "time": "2025-07-15T16:22:02.720934Z", "fetched_at": "2025-07-15T16:23:25.034579+00:00", "symbol": "ETH-USD"}, {"trade_id": 667424126, "side": "buy", "size": "0.10221000", "price": "3046.79000000", "time": "2025-07-15T16:22:02.720723Z", "fetched_at": "2025-07-15T16:23:25.034579+00:00", "symbol": "ETH-USD"}, {"trade_id": 667424125, "side": "buy", "size": "0.10000000", "price": "3046.79000000", "time": "2025-07-15T16:22:02.718291Z", "fetched_at": "2025-07-15T16:23:25.034579+00:00", "symbol": "ETH-USD"}, {"trade_id": 667424124, "side": "buy", "size": "0.18563000", "price": "3046.79000000", "time": "2025-07-15T16:22:02.718291Z", "fetched_at": "2025-07-15T16:23:25.034579+00:00", "symbol": "ETH-USD"}, {"trade_id": 667424123, "side": "buy", "size": "0.10612000", "price": "3046.79000000", "time": "2025-07-15T16:22:02.718291Z", "fetched_at": "2025-07-15T16:23:25.034579+00:00", "symbol": "ETH-USD"}, {"trade_id": 667424122, "side": "buy", "size": "0.15000000", "price": "3046.79000000", "time": "2025-07-15T16:22:02.703188Z", "fetched_at": "2025-07-15T16:23:25.034579+00:00", "symbol": "ETH-USD"}, {"trade_id": 667424121, "side": "buy", "size": "0.14117731", "price": "3046.79000000", "time": "2025-07-15T16:22:02.698134Z", "fetched_at": "2025-07-15T16:23:25.034579+00:00", "symbol": "ETH-USD"}, {"trade_id": 667424120, "side": "buy", "size": "0.00098743", "price": "3046.79000000", "time": "2025-07-15T16:22:02.698134Z", "fetched_at": "2025-07-15T16:23:25.034579+00:00", "symbol": "ETH-USD"}, {"trade_id": 667424119, "side": "buy", "size": "0.10612000", "price": "3046.79000000", "time": "2025-07-15T16:22:02.698134Z", "fetched_at": "2025-07-15T16:23:25.034579+00:00", "symbol": "ETH-USD"}, {"trade_id": 667424118, "side": "buy", "size": "0.07951000", "price": "3046.79000000", "time": "2025-07-15T16:22:02.698134Z", "fetched_at": "2025-07-15T16:23:25.034579+00:00", "symbol": "ETH-USD"}, {"trade_id": 667424117, "side": "buy", "size": "0.02270000", "price": "3046.79000000", "time": "2025-07-15T16:22:02.698118Z", "fetched_at": "2025-07-15T16:23:25.034579+00:00", "symbol": "ETH-USD"}, {"trade_id": 667424116, "side": "buy", "size": "0.18563000", "price": "3046.79000000", "time": "2025-07-15T16:22:02.698118Z", "fetched_at": "2025-07-15T16:23:25.034579+00:00", "symbol": "ETH-USD"}, {"trade_id": 667424115, "side": "sell", "size": "0.97200000", "price": "3046.77000000", "time": "2025-07-15T16:22:02.684190Z", "fetched_at": "2025-07-15T16:23:25.034579+00:00", "symbol": "ETH-USD"}, {"trade_id": 667424114, "side": "sell", "size": "0.00024001", "price": "3046.77000000", "time": "2025-07-15T16:22:02.684190Z", "fetched_at": "2025-07-15T16:23:25.034579+00:00", "symbol": "ETH-USD"}, {"trade_id": 667424113, "side": "sell", "size": "0.00778731", "price": "3046.77000000", "time": "2025-07-15T16:22:02.397071Z", "fetched_at": "2025-07-15T16:23:25.034579+00:00", "symbol": "ETH-USD"}, {"trade_id": 667424112, "side": "sell", "size": "0.64671749", "price": "3047.67000000", "time": "2025-07-15T16:22:01.913351Z", "fetched_at": "2025-07-15T16:23:25.034579+00:00", "symbol": "ETH-USD"}, {"trade_id": 667424111, "side": "sell", "size": "0.47880500", "price": "3047.64000000", "time": "2025-07-15T16:22:01.913351Z", "fetched_at": "2025-07-15T16:23:25.034579+00:00", "symbol": "ETH-USD"}, {"trade_id": 667424110, "side": "sell", "size": "0.88008220", "price": "3047.63000000", "time": "2025-07-15T16:22:01.913351Z", "fetched_at": "2025-07-15T16:23:25.034579+00:00", "symbol": "ETH-USD"}, {"trade_id": 667424109, "side": "sell", "size": "0.17088303", "price": "3047.62000000", "time": "2025-07-15T16:22:01.913351Z", "fetched_at": "2025-07-15T16:23:25.034579+00:00", "symbol": "ETH-USD"}, {"trade_id": 667424108, "side": "sell", "size": "0.00322505", "price": "3047.62000000", "time": "2025-07-15T16:22:01.913351Z", "fetched_at": "2025-07-15T16:23:25.034579+00:00", "symbol": "ETH-USD"}, {"trade_id": 667424107, "side": "sell", "size": "0.00090385", "price": "3047.27000000", "time": "2025-07-15T16:22:01.913351Z", "fetched_at": "2025-07-15T16:23:25.034579+00:00", "symbol": "ETH-USD"}, {"trade_id": 667424106, "side": "sell", "size": "0.97200000", "price": "3047.26000000", "time": "2025-07-15T16:22:01.913351Z", "fetched_at": "2025-07-15T16:23:25.034579+00:00", "symbol": "ETH-USD"}, {"trade_id": 667424105, "side": "sell", "size": "0.15000000", "price": "3047.26000000", "time": "2025-07-15T16:22:01.913351Z", "fetched_at": "2025-07-15T16:23:25.034579+00:00", "symbol": "ETH-USD"}, {"trade_id": 667424104, "side": "buy", "size": "0.29729182", "price": "3046.52000000", "time": "2025-07-15T16:22:01.901604Z", "fetched_at": "2025-07-15T16:23:25.034579+00:00", "symbol": "ETH-USD"}, {"trade_id": 667424103, "side": "buy", "size": "0.00100000", "price": "3046.58000000", "time": "2025-07-15T16:22:01.901604Z", "fetched_at": "2025-07-15T16:23:25.034579+00:00", "symbol": "ETH-USD"}, {"trade_id": 667424102, "side": "buy", "size": "0.32744584", "price": "3046.59000000", "time": "2025-07-15T16:22:01.901604Z", "fetched_at": "2025-07-15T16:23:25.034579+00:00", "symbol": "ETH-USD"}