[{"trade_id": 667431277, "side": "sell", "size": "0.00810716", "price": "3053.09000000", "time": "2025-07-15T16:39:31.837244Z", "fetched_at": "2025-07-15T16:39:33.401939+00:00", "symbol": "ETH-USD"}, {"trade_id": 667431276, "side": "sell", "size": "0.00257028", "price": "3053.09000000", "time": "2025-07-15T16:39:31.423870Z", "fetched_at": "2025-07-15T16:39:33.401939+00:00", "symbol": "ETH-USD"}, {"trade_id": 667431275, "side": "buy", "size": "0.08402648", "price": "3053.68000000", "time": "2025-07-15T16:39:30.622031Z", "fetched_at": "2025-07-15T16:39:33.401939+00:00", "symbol": "ETH-USD"}, {"trade_id": 667431274, "side": "buy", "size": "0.19077312", "price": "3053.72000000", "time": "2025-07-15T16:39:30.622031Z", "fetched_at": "2025-07-15T16:39:33.401939+00:00", "symbol": "ETH-USD"}, {"trade_id": 667431273, "side": "sell", "size": "0.01712465", "price": "3054.02000000", "time": "2025-07-15T16:39:30.525004Z", "fetched_at": "2025-07-15T16:39:33.401939+00:00", "symbol": "ETH-USD"}, {"trade_id": 667431272, "side": "sell", "size": "0.00100000", "price": "3054.63000000", "time": "2025-07-15T16:39:30.458559Z", "fetched_at": "2025-07-15T16:39:33.401939+00:00", "symbol": "ETH-USD"}, {"trade_id": 667431271, "side": "sell", "size": "0.13101717", "price": "3054.50000000", "time": "2025-07-15T16:39:30.458559Z", "fetched_at": "2025-07-15T16:39:33.401939+00:00", "symbol": "ETH-USD"}, {"trade_id": 667431270, "side": "sell", "size": "0.28551496", "price": "3054.45000000", "time": "2025-07-15T16:39:30.458559Z", "fetched_at": "2025-07-15T16:39:33.401939+00:00", "symbol": "ETH-USD"}, {"trade_id": 667431269, "side": "sell", "size": "0.13743609", "price": "3054.35000000", "time": "2025-07-15T16:39:30.458559Z", "fetched_at": "2025-07-15T16:39:33.401939+00:00", "symbol": "ETH-USD"}, {"trade_id": 667431268, "side": "sell", "size": "0.04318467", "price": "3054.01000000", "time": "2025-07-15T16:39:30.458559Z", "fetched_at": "2025-07-15T16:39:33.401939+00:00", "symbol": "ETH-USD"}, {"trade_id": 667431267, "side": "sell", "size": "0.36046835", "price": "3054.45000000", "time": "2025-07-15T16:39:30.458141Z", "fetched_at": "2025-07-15T16:39:33.401939+00:00", "symbol": "ETH-USD"}, {"trade_id": 667431266, "side": "sell", "size": "1.08081959", "price": "3054.44000000", "time": "2025-07-15T16:39:30.458141Z", "fetched_at": "2025-07-15T16:39:33.401939+00:00", "symbol": "ETH-USD"}, {"trade_id": 667431265, "side": "sell", "size": "0.00100000", "price": "3054.40000000", "time": "2025-07-15T16:39:30.458141Z", "fetched_at": "2025-07-15T16:39:33.401939+00:00", "symbol": "ETH-USD"}, {"trade_id": 667431264, "side": "sell", "size": "1.32637883", "price": "3054.39000000", "time": "2025-07-15T16:39:30.458141Z", "fetched_at": "2025-07-15T16:39:33.401939+00:00", "symbol": "ETH-USD"}, {"trade_id": 667431263, "side": "sell", "size": "0.83263000", "price": "3054.31000000", "time": "2025-07-15T16:39:30.458141Z", "fetched_at": "2025-07-15T16:39:33.401939+00:00", "symbol": "ETH-USD"}, {"trade_id": 667431262, "side": "sell", "size": "0.87712979", "price": "3054.28000000", "time": "2025-07-15T16:39:30.458141Z", "fetched_at": "2025-07-15T16:39:33.401939+00:00", "symbol": "ETH-USD"}, {"trade_id": 667431261, "side": "sell", "size": "1.09373512", "price": "3054.23000000", "time": "2025-07-15T16:39:30.458141Z", "fetched_at": "2025-07-15T16:39:33.401939+00:00", "symbol": "ETH-USD"}, {"trade_id": 667431260, "side": "sell", "size": "0.34955888", "price": "3054.18000000", "time": "2025-07-15T16:39:30.458141Z", "fetched_at": "2025-07-15T16:39:33.401939+00:00", "symbol": "ETH-USD"}, {"trade_id": 667431259, "side": "sell", "size": "1.13647525", "price": "3054.18000000", "time": "2025-07-15T16:39:30.458141Z", "fetched_at": "2025-07-15T16:39:33.401939+00:00", "symbol": "ETH-USD"}, {"trade_id": 667431258, "side": "sell", "size": "0.00100000", "price": "3054.17000000", "time": "2025-07-15T16:39:30.458141Z", "fetched_at": "2025-07-15T16:39:33.401939+00:00", "symbol": "ETH-USD"}, {"trade_id": 667431257, "side": "sell", "size": "0.79535785", "price": "3054.15000000", "time": "2025-07-15T16:39:30.458141Z", "fetched_at": "2025-07-15T16:39:33.401939+00:00", "symbol": "ETH-USD"}, {"trade_id": 667431256, "side": "sell", "size": "0.09133182", "price": "3054.11000000", "time": "2025-07-15T16:39:30.458141Z", "fetched_at": "2025-07-15T16:39:33.401939+00:00", "symbol": "ETH-USD"}, {"trade_id": 667431255, "side": "sell", "size": "1.29170459", "price": "3054.07000000", "time": "2025-07-15T16:39:30.458141Z", "fetched_at": "2025-07-15T16:39:33.401939+00:00", "symbol": "ETH-USD"}, {"trade_id": 667431254, "side": "sell", "size": "0.00100000", "price": "3053.94000000", "time": "2025-07-15T16:39:30.458141Z", "fetched_at": "2025-07-15T16:39:33.401939+00:00", "symbol": "ETH-USD"}, {"trade_id": 667431253, "side": "sell", "size": "0.00100000", "price": "3053.71000000", "time": "2025-07-15T16:39:30.458141Z", "fetched_at": "2025-07-15T16:39:33.401939+00:00", "symbol": "ETH-USD"}, {"trade_id": 667431252, "side": "sell", "size": "0.00110423", "price": "3053.61000000", "time": "2025-07-15T16:39:30.458141Z", "fetched_at": "2025-07-15T16:39:33.401939+00:00", "symbol": "ETH-USD"}, {"trade_id": 667431251, "side": "sell", "size": "0.37102500", "price": "3053.61000000", "time": "2025-07-15T16:39:30.457934Z", "fetched_at": "2025-07-15T16:39:33.401939+00:00", "symbol": "ETH-USD"}, {"trade_id": 667431250, "side": "sell", "size": "0.00107500", "price": "3053.53000000", "time": "2025-07-15T16:39:30.457934Z", "fetched_at": "2025-07-15T16:39:33.401939+00:00", "symbol": "ETH-USD"}, {"trade_id": 667431249, "side": "sell", "size": "0.00810000", "price": "3053.53000000", "time": "2025-07-15T16:39:30.457506Z", "fetched_at": "2025-07-15T16:39:33.401939+00:00", "symbol": "ETH-USD"}, {"trade_id": 667431248, "side": "sell", "size": "0.00100000", "price": "3053.48000000", "time": "2025-07-15T16:39:30.457506Z", "fetched_at": "2025-07-15T16:39:33.401939+00:00", "symbol": "ETH-USD"}, {"trade_id": 667431247, "side": "sell", "size": "0.33131570", "price": "3053.53000000", "time": "2025-07-15T16:39:30.449257Z", "fetched_at": "2025-07-15T16:39:33.401939+00:00", "symbol": "ETH-USD"}, {"trade_id": 667431246, "side": "sell", "size": "0.00100000", "price": "3053.48000000", "time": "2025-07-15T16:39:30.447034Z", "fetched_at": "2025-07-15T16:39:33.401939+00:00", "symbol": "ETH-USD"}, {"trade_id": 667431245, "side": "sell", "size": "0.30226900", "price": "3053.47000000", "time": "2025-07-15T16:39:30.447034Z", "fetched_at": "2025-07-15T16:39:33.401939+00:00", "symbol": "ETH-USD"}, {"trade_id": 667431244, "side": "sell", "size": "0.81876305", "price": "3053.39000000", "time": "2025-07-15T16:39:30.447034Z", "fetched_at": "2025-07-15T16:39:33.401939+00:00", "symbol": "ETH-USD"}, {"trade_id": 667431243, "side": "sell", "size": "0.86487000", "price": "3053.34000000", "time": "2025-07-15T16:39:30.447034Z", "fetched_at": "2025-07-15T16:39:33.401939+00:00", "symbol": "ETH-USD"}, {"trade_id": 667431242, "side": "sell", "size": "10.00000000", "price": "3053.25000000", "time": "2025-07-15T16:39:30.447034Z", "fetched_at": "2025-07-15T16:39:33.401939+00:00", "symbol": "ETH-USD"}, {"trade_id": 667431241, "side": "sell", "size": "0.00005589", "price": "3053.25000000", "time": "2025-07-15T16:39:30.447034Z", "fetched_at": "2025-07-15T16:39:33.401939+00:00", "symbol": "ETH-USD"}, {"trade_id": 667431240, "side": "sell", "size": "0.00100000", "price": "3053.25000000", "time": "2025-07-15T16:39:30.447034Z", "fetched_at": "2025-07-15T16:39:33.401939+00:00", "symbol": "ETH-USD"}, {"trade_id": 667431239, "side": "sell", "size": "0.36607539", "price": "3053.21000000", "time": "2025-07-15T16:39:30.446659Z", "fetched_at": "2025-07-15T16:39:33.401939+00:00", "symbol": "ETH-USD"}, {"trade_id": 667431238, "side": "sell", "size": "0.51273519", "price": "3053.20000000", "time": "2025-07-15T16:39:30.446659Z", "fetched_at": "2025-07-15T16:39:33.401939+00:00", "symbol": "ETH-USD"}, {"trade_id": 667431237, "side": "sell", "size": "0.42715948", "price": "3053.19000000", "time": "2025-07-15T16:39:30.446659Z", "fetched_at": "2025-07-15T16:39:33.401939+00:00", "symbol": "ETH-USD"}, {"trade_id": 667431236, "side": "sell", "size": "0.66553266", "price": "3053.18000000", "time": "2025-07-15T16:39:30.446659Z", "fetched_at": "2025-07-15T16:39:33.401939+00:00", "symbol": "ETH-USD"}, {"trade_id": 667431235, "side": "sell", "size": "0.97200000", "price": "3053.13000000", "time": "2025-07-15T16:39:30.446659Z", "fetched_at": "2025-07-15T16:39:33.401939+00:00", "symbol": "ETH-USD"}, {"trade_id": 667431234, "side": "sell", "size": "0.38667867", "price": "3053.12000000", "time": "2025-07-15T16:39:30.446659Z", "fetched_at": "2025-07-15T16:39:33.401939+00:00", "symbol": "ETH-USD"}, {"trade_id": 667431233, "side": "sell", "size": "0.29183243", "price": "3053.11000000", "time": "2025-07-15T16:39:30.446659Z", "fetched_at": "2025-07-15T16:39:33.401939+00:00", "symbol": "ETH-USD"}, {"trade_id": 667431232, "side": "sell", "size": "0.07822860", "price": "3053.10000000", "time": "2025-07-15T16:39:30.446659Z", "fetched_at": "2025-07-15T16:39:33.401939+00:00", "symbol": "ETH-USD"}, {"trade_id": 667431231, "side": "sell", "size": "0.40643491", "price": "3053.01000000", "time": "2025-07-15T16:39:30.446659Z", "fetched_at": "2025-07-15T16:39:33.401939+00:00", "symbol": "ETH-USD"}, {"trade_id": 667431230, "side": "sell", "size": "0.41243079", "price": "3053.01000000", "time": "2025-07-15T16:39:30.446621Z", "fetched_at": "2025-07-15T16:39:33.401939+00:00", "symbol": "ETH-USD"}, {"trade_id": 667431229, "side": "sell", "size": "0.15000000", "price": "3053.01000000", "time": "2025-07-15T16:39:30.446621Z", "fetched_at": "2025-07-15T16:39:33.401939+00:00", "symbol": "ETH-USD"}, {"trade_id": 667431228, "side": "sell", "size": "0.16377501", "price": "3052.97000000", "time": "2025-07-15T16:39:30.446621Z", "fetched_at": "2025-07-15T16:39:33.401939+00:00", "symbol": "ETH-USD"}, {"trade_id": 667431227, "side": "sell", "size": "0.00327523", "price": "3052.96000000", "time": "2025-07-15T16:39:30.446621Z", "fetched_at": "2025-07-15T16:39:33.401939+00:00", "symbol": "ETH-USD"}, {"trade_id": 667431226, "side": "sell", "size": "0.00010336", "price": "3052.67000000", "time": "2025-07-15T16:39:30.446300Z", "fetched_at": "2025-07-15T16:39:33.401939+00:00", "symbol": "ETH-USD"}, {"trade_id": 667431225, "side": "sell", "size": "0.00027508", "price": "3052.67000000", "time": "2025-07-15T16:39:30.446300Z", "fetched_at": "2025-07-15T16:39:33.401939+00:00", "symbol": "ETH-USD"}, {"trade_id": 667431224, "side": "sell", "size": "0.77085539", "price": "3052.67000000", "time": "2025-07-15T16:39:30.446300Z", "fetched_at": "2025-07-15T16:39:33.401939+00:00", "symbol": "ETH-USD"}, {"trade_id": 667431223, "side": "sell", "size": "0.22914461", "price": "3052.67000000", "time": "2025-07-15T16:39:30.445857Z", "fetched_at": "2025-07-15T16:39:33.401939+00:00", "symbol": "ETH-USD"}, {"trade_id": 667431222, "side": "buy", "size": "0.00830389", "price": "3052.80000000", "time": "2025-07-15T16:39:30.094374Z", "fetched_at": "2025-07-15T16:39:33.401939+00:00", "symbol": "ETH-USD"}, {"trade_id": 667431221, "side": "buy", "size": "0.00327568", "price": "3052.81000000", "time": "2025-07-15T16:39:30.094374Z", "fetched_at": "2025-07-15T16:39:33.401939+00:00", "symbol": "ETH-USD"}, {"trade_id": 667431220, "side": "sell", "size": "0.66291321", "price": "3053.01000000", "time": "2025-07-15T16:39:30.082605Z", "fetched_at": "2025-07-15T16:39:33.401939+00:00", "symbol": "ETH-USD"}, {"trade_id": 667431219, "side": "sell", "size": "0.16377501", "price": "3052.97000000", "time": "2025-07-15T16:39:30.082605Z", "fetched_at": "2025-07-15T16:39:33.401939+00:00", "symbol": "ETH-USD"}, {"trade_id": 667431218, "side": "sell", "size": "0.50102130", "price": "3052.93000000", "time": "2025-07-15T16:39:30.082605Z", "fetched_at": "2025-07-15T16:39:33.401939+00:00", "symbol": "ETH-USD"}, {"trade_id": 667431217, "side": "sell", "size": "0.15000000", "price": "3052.93000000", "time": "2025-07-15T16:39:30.082605Z", "fetched_at": "2025-07-15T16:39:33.401939+00:00", "symbol": "ETH-USD"}, {"trade_id": 667431216, "side": "sell", "size": "0.11386000", "price": "3052.93000000", "time": "2025-07-15T16:39:30.082605Z", "fetched_at": "2025-07-15T16:39:33.401939+00:00", "symbol": "ETH-USD"}, {"trade_id": 667431215, "side": "sell", "size": "9.83266985", "price": "3052.81000000", "time": "2025-07-15T16:39:28.175815Z", "fetched_at": "2025-07-15T16:39:33.401939+00:00", "symbol": "ETH-USD"}, {"trade_id": 667431214, "side": "sell", "size": "0.16733015", "price": "3052.81000000", "time": "2025-07-15T16:39:28.154441Z", "fetched_at": "2025-07-15T16:39:33.401939+00:00", "symbol": "ETH-USD"}, {"trade_id": 667431213, "side": "sell", "size": "0.00024002", "price": "3052.65000000", "time": "2025-07-15T16:39:28.154245Z", "fetched_at": "2025-07-15T16:39:33.401939+00:00", "symbol": "ETH-USD"}, {"trade_id": 667431212, "side": "sell", "size": "0.00336453", "price": "3052.65000000", "time": "2025-07-15T16:39:28.154245Z", "fetched_at": "2025-07-15T16:39:33.401939+00:00", "symbol": "ETH-USD"}, {"trade_id": 667431211, "side": "sell", "size": "0.05958558", "price": "3052.65000000", "time": "2025-07-15T16:39:28.154245Z", "fetched_at": "2025-07-15T16:39:33.401939+00:00", "symbol": "ETH-USD"}, {"trade_id": 667431210, "side": "sell", "size": "0.78860405", "price": "3052.65000000", "time": "2025-07-15T16:39:28.153966Z", "fetched_at": "2025-07-15T16:39:33.401939+00:00", "symbol": "ETH-USD"}, {"trade_id": 667431209, "side": "sell", "size": "0.00062271", "price": "3052.65000000", "time": "2025-07-15T16:39:28.138724Z", "fetched_at": "2025-07-15T16:39:33.401939+00:00", "symbol": "ETH-USD"}, {"trade_id": 667431208, "side": "sell", "size": "0.10098766", "price": "3052.65000000", "time": "2025-07-15T16:39:27.880474Z", "fetched_at": "2025-07-15T16:39:33.401939+00:00", "symbol": "ETH-USD"}, {"trade_id": 667431207, "side": "sell", "size": "0.05020000", "price": "3052.65000000", "time": "2025-07-15T16:39:27.676591Z", "fetched_at": "2025-07-15T16:39:33.401939+00:00", "symbol": "ETH-USD"}, {"trade_id": 667431206, "side": "buy", "size": "0.03182345", "price": "3052.78000000", "time": "2025-07-15T16:39:26.625570Z", "fetched_at": "2025-07-15T16:39:33.401939+00:00", "symbol": "ETH-USD"}, {"trade_id": 667431205, "side": "buy", "size": "1.63784603", "price": "3052.79000000", "time": "2025-07-15T16:39:26.625570Z", "fetched_at": "2025-07-15T16:39:33.401939+00:00", "symbol": "ETH-USD"}, {"trade_id": 667431204, "side": "buy", "size": "0.00092354", "price": "3052.81000000", "time": "2025-07-15T16:39:26.625570Z", "fetched_at": "2025-07-15T16:39:33.401939+00:00", "symbol": "ETH-USD"}, {"trade_id": 667431203, "side": "sell", "size": "0.00015144", "price": "3053.07000000", "time": "2025-07-15T16:39:25.672200Z", "fetched_at": "2025-07-15T16:39:33.401939+00:00", "symbol": "ETH-USD"}, {"trade_id": 667431202, "side": "sell", "size": "0.00327545", "price": "3053.06000000", "time": "2025-07-15T16:39:25.672200Z", "fetched_at": "2025-07-15T16:39:33.401939+00:00", "symbol": "ETH-USD"}, {"trade_id": 667431201, "side": "sell", "size": "0.00850905", "price": "3053.06000000", "time": "2025-07-15T16:39:25.672200Z", "fetched_at": "2025-07-15T16:39:33.401939+00:00", "symbol": "ETH-USD"}, {"trade_id": 667431200, "side": "sell", "size": "0.00010334", "price": "3052.80000000", "time": "2025-07-15T16:39:25.672200Z", "fetched_at": "2025-07-15T16:39:33.401939+00:00", "symbol": "ETH-USD"}, {"trade_id": 667431199, "side": "sell", "size": "0.00027507", "price": "3052.80000000", "time": "2025-07-15T16:39:25.672200Z", "fetched_at": "2025-07-15T16:39:33.401939+00:00", "symbol": "ETH-USD"}, {"trade_id": 667431198, "side": "sell", "size": "0.03520000", "price": "3053.16000000", "time": "2025-07-15T16:39:24.746967Z", "fetched_at": "2025-07-15T16:39:33.401939+00:00", "symbol": "ETH-USD"}, {"trade_id": 667431197, "side": "sell", "size": "0.00005589", "price": "3053.10000000", "time": "2025-07-15T16:39:23.893208Z", "fetched_at": "2025-07-15T16:39:33.401939+00:00", "symbol": "ETH-USD"}, {"trade_id": 667431196, "side": "sell", "size": "1.00000000", "price": "3053.10000000", "time": "2025-07-15T16:39:23.893208Z", "fetched_at": "2025-07-15T16:39:33.401939+00:00", "symbol": "ETH-USD"}, {"trade_id": 667431195, "side": "sell", "size": "0.00100000", "price": "3053.02000000", "time": "2025-07-15T16:39:23.151765Z", "fetched_at": "2025-07-15T16:39:33.401939+00:00", "symbol": "ETH-USD"}, {"trade_id": 667431194, "side": "sell", "size": "0.00024003", "price": "3052.90000000", "time": "2025-07-15T16:39:23.140772Z", "fetched_at": "2025-07-15T16:39:33.401939+00:00", "symbol": "ETH-USD"}, {"trade_id": 667431193, "side": "sell", "size": "0.80566272", "price": "3052.90000000", "time": "2025-07-15T16:39:23.140772Z", "fetched_at": "2025-07-15T16:39:33.401939+00:00", "symbol": "ETH-USD"}, {"trade_id": 667431192, "side": "sell", "size": "0.92776267", "price": "3052.90000000", "time": "2025-07-15T16:39:23.139303Z", "fetched_at": "2025-07-15T16:39:33.401939+00:00", "symbol": "ETH-USD"}, {"trade_id": 667431191, "side": "sell", "size": "1.88421000", "price": "3052.90000000", "time": "2025-07-15T16:39:23.139068Z", "fetched_at": "2025-07-15T16:39:33.401939+00:00", "symbol": "ETH-USD"}, {"trade_id": 667431190, "side": "sell", "size": "0.74118468", "price": "3052.90000000", "time": "2025-07-15T16:39:23.139032Z", "fetched_at": "2025-07-15T16:39:33.401939+00:00", "symbol": "ETH-USD"}, {"trade_id": 667431189, "side": "sell", "size": "0.71086487", "price": "3052.90000000", "time": "2025-07-15T16:39:23.139025Z", "fetched_at": "2025-07-15T16:39:33.401939+00:00", "symbol": "ETH-USD"}, {"trade_id": 667431188, "side": "sell", "size": "3.06329956", "price": "3052.90000000", "time": "2025-07-15T16:39:23.135065Z", "fetched_at": "2025-07-15T16:39:33.401939+00:00", "symbol": "ETH-USD"}, {"trade_id": 667431187, "side": "sell", "size": "0.10737712", "price": "3052.90000000", "time": "2025-07-15T16:39:22.545015Z", "fetched_at": "2025-07-15T16:39:33.401939+00:00", "symbol": "ETH-USD"}, {"trade_id": 667431186, "side": "sell", "size": "0.07500398", "price": "3052.87000000", "time": "2025-07-15T16:39:22.545015Z", "fetched_at": "2025-07-15T16:39:33.401939+00:00", "symbol": "ETH-USD"}, {"trade_id": 667431185, "side": "sell", "size": "0.00005588", "price": "3052.79000000", "time": "2025-07-15T16:39:22.545015Z", "fetched_at": "2025-07-15T16:39:33.401939+00:00", "symbol": "ETH-USD"}, {"trade_id": 667431184, "side": "sell", "size": "0.00033961", "price": "3052.79000000", "time": "2025-07-15T16:39:22.545015Z", "fetched_at": "2025-07-15T16:39:33.401939+00:00", "symbol": "ETH-USD"}, {"trade_id": 667431183, "side": "sell", "size": "0.00100000", "price": "3052.79000000", "time": "2025-07-15T16:39:22.545015Z", "fetched_at": "2025-07-15T16:39:33.401939+00:00", "symbol": "ETH-USD"}, {"trade_id": 667431182, "side": "sell", "size": "0.00010335", "price": "3052.56000000", "time": "2025-07-15T16:39:21.740941Z", "fetched_at": "2025-07-15T16:39:33.401939+00:00", "symbol": "ETH-USD"}, {"trade_id": 667431181, "side": "sell", "size": "0.00027506", "price": "3052.56000000", "time": "2025-07-15T16:39:21.740941Z", "fetched_at": "2025-07-15T16:39:33.401939+00:00", "symbol": "ETH-USD"}, {"trade_id": 667431180, "side": "sell", "size": "0.01400000", "price": "3052.56000000", "time": "2025-07-15T16:39:21.513067Z", "fetched_at": "2025-07-15T16:39:33.401939+00:00", "symbol": "ETH-USD"}, {"trade_id": 667431179, "side": "sell", "size": "0.03243913", "price": "3052.56000000", "time": "2025-07-15T16:39:21.135139Z", "fetched_at": "2025-07-15T16:39:33.401939+00:00", "symbol": "ETH-USD"}, {"trade_id": 667431178, "side": "buy", "size": "0.00040871", "price": "3052.55000000", "time": "2025-07-15T16:39:21.026653Z", "fetched_at": "2025-07-15T16:39:33.401939+00:00", "symbol": "ETH-USD"}, {"trade_id": 667431177, "side": "sell", "size": "0.00955260", "price": "3052.56000000", "time": "2025-07-15T16:39:20.468599Z", "fetched_at": "2025-07-15T16:39:33.401939+00:00", "symbol": "ETH-USD"}, {"trade_id": 667431176, "side": "sell", "size": "0.00389243", "price": "3052.56000000", "time": "2025-07-15T16:39:20.045605Z", "fetched_at": "2025-07-15T16:39:33.401939+00:00", "symbol": "ETH-USD"}, {"trade_id": 667431175, "side": "sell", "size": "0.03348190", "price": "3052.56000000", "time": "2025-07-15T16:39:19.543481Z", "fetched_at": "2025-07-15T16:39:33.401939+00:00", "symbol": "ETH-USD"}, {"trade_id": 667431174, "side": "sell", "size": "0.11386000", "price": "3052.56000000", "time": "2025-07-15T16:39:19.543481Z", "fetched_at": "2025-07-15T16:39:33.401939+00:00", "symbol": "ETH-USD"}, {"trade_id": 667431173, "side": "sell", "size": "0.00024001", "price": "3052.56000000", "time": "2025-07-15T16:39:18.299780Z", "fetched_at": "2025-07-15T16:39:33.401939+00:00", "symbol": "ETH-USD"}, {"trade_id": 667431172, "side": "sell", "size": "0.00185189", "price": "3052.56000000", "time": "2025-07-15T16:39:18.299780Z", "fetched_at": "2025-07-15T16:39:33.401939+00:00", "symbol": "ETH-USD"}, {"trade_id": 667431171, "side": "sell", "size": "0.98159207", "price": "3052.56000000", "time": "2025-07-15T16:39:18.299780Z", "fetched_at": "2025-07-15T16:39:33.401939+00:00", "symbol": "ETH-USD"}, {"trade_id": 667431170, "side": "sell", "size": "0.01840793", "price": "3052.56000000", "time": "2025-07-15T16:39:17.410396Z", "fetched_at": "2025-07-15T16:39:33.401939+00:00", "symbol": "ETH-USD"}, {"trade_id": 667431169, "side": "sell", "size": "0.00024001", "price": "3052.56000000", "time": "2025-07-15T16:39:17.410396Z", "fetched_at": "2025-07-15T16:39:33.401939+00:00", "symbol": "ETH-USD"}, {"trade_id": 667431168, "side": "sell", "size": "0.00185206", "price": "3052.56000000", "time": "2025-07-15T16:39:17.410396Z", "fetched_at": "2025-07-15T16:39:33.401939+00:00", "symbol": "ETH-USD"}, {"trade_id": 667431167, "side": "sell", "size": "0.00100000", "price": "3052.56000000", "time": "2025-07-15T16:39:17.410396Z", "fetched_at": "2025-07-15T16:39:33.401939+00:00", "symbol": "ETH-USD"}, {"trade_id": 667431166, "side": "buy", "size": "0.14206215", "price": "3052.55000000", "time": "2025-07-15T16:39:17.400964Z", "fetched_at": "2025-07-15T16:39:33.401939+00:00", "symbol": "ETH-USD"}, {"trade_id": 667431165, "side": "buy", "size": "0.15000000", "price": "3052.55000000", "time": "2025-07-15T16:39:17.400964Z", "fetched_at": "2025-07-15T16:39:33.401939+00:00", "symbol": "ETH-USD"}, {"trade_id": 667431164, "side": "buy", "size": "0.55929874", "price": "3052.55000000", "time": "2025-07-15T16:39:17.400964Z", "fetched_at": "2025-07-15T16:39:33.401939+00:00", "symbol": "ETH-USD"}, {"trade_id": 667431163, "side": "buy", "size": "0.12983329", "price": "3052.55000000", "time": "2025-07-15T16:39:17.400964Z", "fetched_at": "2025-07-15T16:39:33.401939+00:00", "symbol": "ETH-USD"}, {"trade_id": 667431162, "side": "buy", "size": "0.00164544", "price": "3052.55000000", "time": "2025-07-15T16:39:17.400964Z", "fetched_at": "2025-07-15T16:39:33.401939+00:00", "symbol": "ETH-USD"}, {"trade_id": 667431161, "side": "sell", "size": "0.08295147", "price": "3052.22000000", "time": "2025-07-15T16:39:16.202218Z", "fetched_at": "2025-07-15T16:39:33.401939+00:00", "symbol": "ETH-USD"}, {"trade_id": 667431160, "side": "sell", "size": "0.91227441", "price": "3052.22000000", "time": "2025-07-15T16:39:16.187728Z", "fetched_at": "2025-07-15T16:39:33.401939+00:00", "symbol": "ETH-USD"}, {"trade_id": 667431159, "side": "sell", "size": "0.00477412", "price": "3052.22000000", "time": "2025-07-15T16:39:16.012638Z", "fetched_at": "2025-07-15T16:39:33.401939+00:00", "symbol": "ETH-USD"}, {"trade_id": 667431158, "side": "sell", "size": "0.00010335", "price": "3052.10000000", "time": "2025-07-15T16:39:15.670422Z", "fetched_at": "2025-07-15T16:39:33.401939+00:00", "symbol": "ETH-USD"}, {"trade_id": 667431157, "side": "sell", "size": "0.00027506", "price": "3052.10000000", "time": "2025-07-15T16:39:15.670422Z", "fetched_at": "2025-07-15T16:39:33.401939+00:00", "symbol": "ETH-USD"}, {"trade_id": 667431156, "side": "sell", "size": "0.02706198", "price": "3052.10000000", "time": "2025-07-15T16:39:14.244696Z", "fetched_at": "2025-07-15T16:39:33.401939+00:00", "symbol": "ETH-USD"}, {"trade_id": 667431155, "side": "sell", "size": "0.04200792", "price": "3052.27000000", "time": "2025-07-15T16:39:13.528320Z", "fetched_at": "2025-07-15T16:39:33.401939+00:00", "symbol": "ETH-USD"}, {"trade_id": 667431154, "side": "sell", "size": "0.00327595", "price": "3052.26000000", "time": "2025-07-15T16:39:13.528320Z", "fetched_at": "2025-07-15T16:39:33.401939+00:00", "symbol": "ETH-USD"}, {"trade_id": 667431153, "side": "sell", "size": "0.00005589", "price": "3052.11000000", "time": "2025-07-15T16:39:13.528320Z", "fetched_at": "2025-07-15T16:39:33.401939+00:00", "symbol": "ETH-USD"}, {"trade_id": 667431152, "side": "sell", "size": "0.11386000", "price": "3052.11000000", "time": "2025-07-15T16:39:13.528320Z", "fetched_at": "2025-07-15T16:39:33.401939+00:00", "symbol": "ETH-USD"}, {"trade_id": 667431151, "side": "buy", "size": "0.61703192", "price": "3052.51000000", "time": "2025-07-15T16:39:12.832497Z", "fetched_at": "2025-07-15T16:39:33.401939+00:00", "symbol": "ETH-USD"}, {"trade_id": 667431150, "side": "buy", "size": "1.28509815", "price": "3052.52000000", "time": "2025-07-15T16:39:12.832497Z", "fetched_at": "2025-07-15T16:39:33.401939+00:00", "symbol": "ETH-USD"}, {"trade_id": 667431149, "side": "buy", "size": "0.65417848", "price": "3052.55000000", "time": "2025-07-15T16:39:12.832497Z", "fetched_at": "2025-07-15T16:39:33.401939+00:00", "symbol": "ETH-USD"}, {"trade_id": 667431148, "side": "buy", "size": "0.29103919", "price": "3052.55000000", "time": "2025-07-15T16:39:12.832497Z", "fetched_at": "2025-07-15T16:39:33.401939+00:00", "symbol": "ETH-USD"}, {"trade_id": 667431147, "side": "sell", "size": "1.00000000", "price": "3052.41000000", "time": "2025-07-15T16:39:12.314955Z", "fetched_at": "2025-07-15T16:39:33.401939+00:00", "symbol": "ETH-USD"}, {"trade_id": 667431146, "side": "buy", "size": "0.00896081", "price": "3052.20000000", "time": "2025-07-15T16:39:11.746982Z", "fetched_at": "2025-07-15T16:39:33.401939+00:00", "symbol": "ETH-USD"}, {"trade_id": 667431145, "side": "buy", "size": "0.00130866", "price": "3052.21000000", "time": "2025-07-15T16:39:11.746982Z", "fetched_at": "2025-07-15T16:39:33.401939+00:00", "symbol": "ETH-USD"}, {"trade_id": 667431144, "side": "sell", "size": "0.09868316", "price": "3052.09000000", "time": "2025-07-15T16:39:10.508562Z", "fetched_at": "2025-07-15T16:39:33.401939+00:00", "symbol": "ETH-USD"}, {"trade_id": 667431143, "side": "sell", "size": "0.00010334", "price": "3052.09000000", "time": "2025-07-15T16:39:10.508562Z", "fetched_at": "2025-07-15T16:39:33.401939+00:00", "symbol": "ETH-USD"}, {"trade_id": 667431142, "side": "sell", "size": "0.00027507", "price": "3052.09000000", "time": "2025-07-15T16:39:10.508562Z", "fetched_at": "2025-07-15T16:39:33.401939+00:00", "symbol": "ETH-USD"}, {"trade_id": 667431141, "side": "sell", "size": "0.00008877", "price": "3052.09000000", "time": "2025-07-15T16:39:10.508562Z", "fetched_at": "2025-07-15T16:39:33.401939+00:00", "symbol": "ETH-USD"}, {"trade_id": 667431140, "side": "sell", "size": "0.00034005", "price": "3052.09000000", "time": "2025-07-15T16:39:10.508562Z", "fetched_at": "2025-07-15T16:39:33.401939+00:00", "symbol": "ETH-USD"}, {"trade_id": 667431139, "side": "sell", "size": "0.00256076", "price": "3052.09000000", "time": "2025-07-15T16:39:10.508562Z", "fetched_at": "2025-07-15T16:39:33.401939+00:00", "symbol": "ETH-USD"}, {"trade_id": 667431138, "side": "buy", "size": "0.01660184", "price": "3052.08000000", "time": "2025-07-15T16:39:08.333217Z", "fetched_at": "2025-07-15T16:39:33.401939+00:00", "symbol": "ETH-USD"}, {"trade_id": 667431137, "side": "sell", "size": "0.01480526", "price": "3052.09000000", "time": "2025-07-15T16:39:07.766480Z", "fetched_at": "2025-07-15T16:39:33.401939+00:00", "symbol": "ETH-USD"}, {"trade_id": 667431136, "side": "sell", "size": "0.03185342", "price": "3052.09000000", "time": "2025-07-15T16:39:07.390344Z", "fetched_at": "2025-07-15T16:39:33.401939+00:00", "symbol": "ETH-USD"}, {"trade_id": 667431135, "side": "sell", "size": "0.01181443", "price": "3052.10000000", "time": "2025-07-15T16:39:07.304216Z", "fetched_at": "2025-07-15T16:39:33.401939+00:00", "symbol": "ETH-USD"}, {"trade_id": 667431134, "side": "buy", "size": "0.01850980", "price": "3052.08000000", "time": "2025-07-15T16:39:06.959864Z", "fetched_at": "2025-07-15T16:39:33.401939+00:00", "symbol": "ETH-USD"}, {"trade_id": 667431133, "side": "buy", "size": "0.00149020", "price": "3052.09000000", "time": "2025-07-15T16:39:06.959864Z", "fetched_at": "2025-07-15T16:39:33.401939+00:00", "symbol": "ETH-USD"}, {"trade_id": 667431132, "side": "sell", "size": "0.03108912", "price": "3052.15000000", "time": "2025-07-15T16:39:06.529375Z", "fetched_at": "2025-07-15T16:39:33.401939+00:00", "symbol": "ETH-USD"}, {"trade_id": 667431131, "side": "sell", "size": "0.48182965", "price": "3052.75000000", "time": "2025-07-15T16:39:06.077378Z", "fetched_at": "2025-07-15T16:39:33.401939+00:00", "symbol": "ETH-USD"}, {"trade_id": 667431130, "side": "sell", "size": "0.13106396", "price": "3052.74000000", "time": "2025-07-15T16:39:06.077378Z", "fetched_at": "2025-07-15T16:39:33.401939+00:00", "symbol": "ETH-USD"}, {"trade_id": 667431129, "side": "sell", "size": "0.57950041", "price": "3052.65000000", "time": "2025-07-15T16:39:06.077378Z", "fetched_at": "2025-07-15T16:39:33.401939+00:00", "symbol": "ETH-USD"}, {"trade_id": 667431128, "side": "sell", "size": "0.81896699", "price": "3052.63000000", "time": "2025-07-15T16:39:06.077378Z", "fetched_at": "2025-07-15T16:39:33.401939+00:00", "symbol": "ETH-USD"}, {"trade_id": 667431127, "side": "sell", "size": "0.04878949", "price": "3052.61000000", "time": "2025-07-15T16:39:06.077378Z", "fetched_at": "2025-07-15T16:39:33.401939+00:00", "symbol": "ETH-USD"}, {"trade_id": 667431126, "side": "sell", "size": "0.66553266", "price": "3052.58000000", "time": "2025-07-15T16:39:06.077378Z", "fetched_at": "2025-07-15T16:39:33.401939+00:00", "symbol": "ETH-USD"}, {"trade_id": 667431125, "side": "sell", "size": "1.26767373", "price": "3052.57000000", "time": "2025-07-15T16:39:06.077378Z", "fetched_at": "2025-07-15T16:39:33.401939+00:00", "symbol": "ETH-USD"}, {"trade_id": 667431124, "side": "sell", "size": "0.00100000", "price": "3052.56000000", "time": "2025-07-15T16:39:06.077378Z", "fetched_at": "2025-07-15T16:39:33.401939+00:00", "symbol": "ETH-USD"}, {"trade_id": 667431123, "side": "sell", "size": "0.00049157", "price": "3052.49000000", "time": "2025-07-15T16:39:06.077378Z", "fetched_at": "2025-07-15T16:39:33.401939+00:00", "symbol": "ETH-USD"}, {"trade_id": 667431122, "side": "sell", "size": "0.85814000", "price": "3052.45000000", "time": "2025-07-15T16:39:06.077378Z", "fetched_at": "2025-07-15T16:39:33.401939+00:00", "symbol": "ETH-USD"}, {"trade_id": 667431121, "side": "sell", "size": "0.51517894", "price": "3052.44000000", "time": "2025-07-15T16:39:06.077378Z", "fetched_at": "2025-07-15T16:39:33.401939+00:00", "symbol": "ETH-USD"}, {"trade_id": 667431120, "side": "sell", "size": "0.16380478", "price": "3052.42000000", "time": "2025-07-15T16:39:06.077378Z", "fetched_at": "2025-07-15T16:39:33.401939+00:00", "symbol": "ETH-USD"}, {"trade_id": 667431119, "side": "sell", "size": "0.00100000", "price": "3052.33000000", "time": "2025-07-15T16:39:06.077378Z", "fetched_at": "2025-07-15T16:39:33.401939+00:00", "symbol": "ETH-USD"}, {"trade_id": 667431118, "side": "sell", "size": "0.00100000", "price": "3052.10000000", "time": "2025-07-15T16:39:06.077378Z", "fetched_at": "2025-07-15T16:39:33.401939+00:00", "symbol": "ETH-USD"}, {"trade_id": 667431117, "side": "sell", "size": "0.00293890", "price": "3052.09000000", "time": "2025-07-15T16:39:06.077378Z", "fetched_at": "2025-07-15T16:39:33.401939+00:00", "symbol": "ETH-USD"}, {"trade_id": 667431116, "side": "sell", "size": "0.00010334", "price": "3052.09000000", "time": "2025-07-15T16:39:06.077378Z", "fetched_at": "2025-07-15T16:39:33.401939+00:00", "symbol": "ETH-USD"}, {"trade_id": 667431115, "side": "sell", "size": "0.00027506", "price": "3052.09000000", "time": "2025-07-15T16:39:06.077378Z", "fetched_at": "2025-07-15T16:39:33.401939+00:00", "symbol": "ETH-USD"}, {"trade_id": 667431114, "side": "sell", "size": "0.99838144", "price": "3052.09000000", "time": "2025-07-15T16:39:06.077378Z", "fetched_at": "2025-07-15T16:39:33.401939+00:00", "symbol": "ETH-USD"}, {"trade_id": 667431113, "side": "sell", "size": "0.00161856", "price": "3052.09000000", "time": "2025-07-15T16:39:05.537160Z", "fetched_at": "2025-07-15T16:39:33.401939+00:00", "symbol": "ETH-USD"}, {"trade_id": 667431112, "side": "sell", "size": "0.00309765", "price": "3051.63000000", "time": "2025-07-15T16:39:05.210336Z", "fetched_at": "2025-07-15T16:39:33.401939+00:00", "symbol": "ETH-USD"}, {"trade_id": 667431111, "side": "sell", "size": "0.31445457", "price": "3051.63000000", "time": "2025-07-15T16:39:05.210336Z", "fetched_at": "2025-07-15T16:39:33.401939+00:00", "symbol": "ETH-USD"}, {"trade_id": 667431110, "side": "sell", "size": "1.59896333", "price": "3051.63000000", "time": "2025-07-15T16:39:05.210308Z", "fetched_at": "2025-07-15T16:39:33.401939+00:00", "symbol": "ETH-USD"}, {"trade_id": 667431109, "side": "sell", "size": "0.75568185", "price": "3051.63000000", "time": "2025-07-15T16:39:05.210239Z", "fetched_at": "2025-07-15T16:39:33.401939+00:00", "symbol": "ETH-USD"}, {"trade_id": 667431108, "side": "sell", "size": "0.33514593", "price": "3051.63000000", "time": "2025-07-15T16:39:05.209508Z", "fetched_at": "2025-07-15T16:39:33.401939+00:00", "symbol": "ETH-USD"}, {"trade_id": 667431107, "side": "sell", "size": "0.98014283", "price": "3051.63000000", "time": "2025-07-15T16:39:05.209489Z", "fetched_at": "2025-07-15T16:39:33.401939+00:00", "symbol": "ETH-USD"}, {"trade_id": 667431106, "side": "sell", "size": "0.23584445", "price": "3051.63000000", "time": "2025-07-15T16:39:05.209484Z", "fetched_at": "2025-07-15T16:39:33.401939+00:00", "symbol": "ETH-USD"}, {"trade_id": 667431105, "side": "sell", "size": "0.94847289", "price": "3051.63000000", "time": "2025-07-15T16:39:05.209454Z", "fetched_at": "2025-07-15T16:39:33.401939+00:00", "symbol": "ETH-USD"}, {"trade_id": 667431104, "side": "sell", "size": "2.15640808", "price": "3051.63000000", "time": "2025-07-15T16:39:05.208841Z", "fetched_at": "2025-07-15T16:39:33.401939+00:00", "symbol": "ETH-USD"}, {"trade_id": 667431103, "side": "sell", "size": "0.40325625", "price": "3051.63000000", "time": "2025-07-15T16:39:05.191997Z", "fetched_at": "2025-07-15T16:39:33.401939+00:00", "symbol": "ETH-USD"}, {"trade_id": 667431102, "side": "sell", "size": "1.54008778", "price": "3051.63000000", "time": "2025-07-15T16:39:05.188181Z", "fetched_at": "2025-07-15T16:39:33.401939+00:00", "symbol": "ETH-USD"}, {"trade_id": 667431101, "side": "sell", "size": "0.26969219", "price": "3051.63000000", "time": "2025-07-15T16:39:05.181560Z", "fetched_at": "2025-07-15T16:39:33.401939+00:00", "symbol": "ETH-USD"}, {"trade_id": 667431100, "side": "sell", "size": "0.22440038", "price": "3051.63000000", "time": "2025-07-15T16:39:05.180353Z", "fetched_at": "2025-07-15T16:39:33.401939+00:00", "symbol": "ETH-USD"}, {"trade_id": 667431099, "side": "sell", "size": "0.23744947", "price": "3051.63000000", "time": "2025-07-15T16:39:05.178772Z", "fetched_at": "2025-07-15T16:39:33.401939+00:00", "symbol": "ETH-USD"}, {"trade_id": 667431098, "side": "sell", "size": "0.00309765", "price": "3051.42000000", "time": "2025-07-15T16:39:05.114980Z", "fetched_at": "2025-07-15T16:39:33.401939+00:00", "symbol": "ETH-USD"}, {"trade_id": 667431097, "side": "sell", "size": "0.41015720", "price": "3051.53000000", "time": "2025-07-15T16:39:05.107418Z", "fetched_at": "2025-07-15T16:39:33.401939+00:00", "symbol": "ETH-USD"}, {"trade_id": 667431096, "side": "sell", "size": "0.10412653", "price": "3051.53000000", "time": "2025-07-15T16:39:05.106411Z", "fetched_at": "2025-07-15T16:39:33.401939+00:00", "symbol": "ETH-USD"}, {"trade_id": 667431095, "side": "sell", "size": "0.14681003", "price": "3051.42000000", "time": "2025-07-15T16:39:05.106411Z", "fetched_at": "2025-07-15T16:39:33.401939+00:00", "symbol": "ETH-USD"}, {"trade_id": 667431094, "side": "sell", "size": "0.00309765", "price": "3051.42000000", "time": "2025-07-15T16:39:05.106411Z", "fetched_at": "2025-07-15T16:39:33.401939+00:00", "symbol": "ETH-USD"}, {"trade_id": 667431093, "side": "sell", "size": "0.09513667", "price": "3051.53000000", "time": "2025-07-15T16:39:04.937738Z", "fetched_at": "2025-07-15T16:39:33.401939+00:00", "symbol": "ETH-USD"}, {"trade_id": 667431092, "side": "sell", "size": "0.13164700", "price": "3051.53000000", "time": "2025-07-15T16:39:04.937738Z", "fetched_at": "2025-07-15T16:39:33.401939+00:00", "symbol": "ETH-USD"}, {"trade_id": 667431091, "side": "sell", "size": "0.06099528", "price": "3051.52000000", "time": "2025-07-15T16:39:04.937738Z", "fetched_at": "2025-07-15T16:39:33.401939+00:00", "symbol": "ETH-USD"}, {"trade_id": 667431090, "side": "sell", "size": "0.06304217", "price": "3051.51000000", "time": "2025-07-15T16:39:04.937738Z", "fetched_at": "2025-07-15T16:39:33.401939+00:00", "symbol": "ETH-USD"}, {"trade_id": 667431089, "side": "sell", "size": "0.00309765", "price": "3051.42000000", "time": "2025-07-15T16:39:04.937738Z", "fetched_at": "2025-07-15T16:39:33.401939+00:00", "symbol": "ETH-USD"}, {"trade_id": 667431088, "side": "sell", "size": "0.18563000", "price": "3051.42000000", "time": "2025-07-15T16:39:04.937738Z", "fetched_at": "2025-07-15T16:39:33.401939+00:00", "symbol": "ETH-USD"}, {"trade_id": 667431087, "side": "sell", "size": "0.03762502", "price": "3051.42000000", "time": "2025-07-15T16:39:04.937738Z", "fetched_at": "2025-07-15T16:39:33.401939+00:00", "symbol": "ETH-USD"}, {"trade_id": 667431086, "side": "sell", "size": "0.15000000", "price": "3051.42000000", "time": "2025-07-15T16:39:04.937738Z", "fetched_at": "2025-07-15T16:39:33.401939+00:00", "symbol": "ETH-USD"}, {"trade_id": 667431085, "side": "sell", "size": "0.55747370", "price": "3051.42000000", "time": "2025-07-15T16:39:04.937738Z", "fetched_at": "2025-07-15T16:39:33.401939+00:00", "symbol": "ETH-USD"}, {"trade_id": 667431084, "side": "sell", "size": "0.01661000", "price": "3051.42000000", "time": "2025-07-15T16:39:04.720187Z", "fetched_at": "2025-07-15T16:39:33.401939+00:00", "symbol": "ETH-USD"}, {"trade_id": 667431083, "side": "buy", "size": "0.00232043", "price": "3051.85000000", "time": "2025-07-15T16:39:04.611947Z", "fetched_at": "2025-07-15T16:39:33.401939+00:00", "symbol": "ETH-USD"}, {"trade_id": 667431082, "side": "buy", "size": "0.57250604", "price": "3051.54000000", "time": "2025-07-15T16:39:04.538288Z", "fetched_at": "2025-07-15T16:39:33.401939+00:00", "symbol": "ETH-USD"}, {"trade_id": 667431081, "side": "buy", "size": "0.05312253", "price": "3051.55000000", "time": "2025-07-15T16:39:04.538288Z", "fetched_at": "2025-07-15T16:39:33.401939+00:00", "symbol": "ETH-USD"}, {"trade_id": 667431080, "side": "buy", "size": "0.13104509", "price": "3051.59000000", "time": "2025-07-15T16:39:04.538288Z", "fetched_at": "2025-07-15T16:39:33.401939+00:00", "symbol": "ETH-USD"}, {"trade_id": 667431079, "side": "buy", "size": "0.19998413", "price": "3051.62000000", "time": "2025-07-15T16:39:04.538288Z", "fetched_at": "2025-07-15T16:39:33.401939+00:00", "symbol": "ETH-USD"}, {"trade_id": 667431078, "side": "buy", "size": "0.00217113", "price": "3051.86000000", "time": "2025-07-15T16:39:04.538288Z", "fetched_at": "2025-07-15T16:39:33.401939+00:00", "symbol": "ETH-USD"}, {"trade_id": 667431077, "side": "buy", "size": "0.11265261", "price": "3051.86000000", "time": "2025-07-15T16:39:04.538288Z", "fetched_at": "2025-07-15T16:39:33.401939+00:00", "symbol": "ETH-USD"}, {"trade_id": 667431076, "side": "buy", "size": "0.18755976", "price": "3052.07000000", "time": "2025-07-15T16:39:04.280678Z", "fetched_at": "2025-07-15T16:39:33.401939+00:00", "symbol": "ETH-USD"}, {"trade_id": 667431075, "side": "buy", "size": "0.22259744", "price": "3052.07000000", "time": "2025-07-15T16:39:03.601287Z", "fetched_at": "2025-07-15T16:39:33.401939+00:00", "symbol": "ETH-USD"}, {"trade_id": 667431074, "side": "sell", "size": "0.32447968", "price": "3052.08000000", "time": "2025-07-15T16:39:03.437649Z", "fetched_at": "2025-07-15T16:39:33.401939+00:00", "symbol": "ETH-USD"}, {"trade_id": 667431073, "side": "sell", "size": "0.01445197", "price": "3052.08000000", "time": "2025-07-15T16:39:03.234278Z", "fetched_at": "2025-07-15T16:39:33.401939+00:00", "symbol": "ETH-USD"}, {"trade_id": 667431072, "side": "buy", "size": "0.03309457", "price": "3052.09000000", "time": "2025-07-15T16:39:02.544538Z", "fetched_at": "2025-07-15T16:39:33.401939+00:00", "symbol": "ETH-USD"}, {"trade_id": 667431071, "side": "buy", "size": "0.01661000", "price": "3052.00000000", "time": "2025-07-15T16:39:01.596870Z", "fetched_at": "2025-07-15T16:39:33.401939+00:00", "symbol": "ETH-USD"}, {"trade_id": 667431070, "side": "sell", "size": "0.16382672", "price": "3052.01000000", "time": "2025-07-15T16:39:01.578085Z", "fetched_at": "2025-07-15T16:39:33.401939+00:00", "symbol": "ETH-USD"}, {"trade_id": 667431069, "side": "sell", "size": "0.10998040", "price": "3052.00000000", "time": "2025-07-15T16:39:01.578085Z", "fetched_at": "2025-07-15T16:39:33.401939+00:00", "symbol": "ETH-USD"}, {"trade_id": 667431068, "side": "sell", "size": "0.00037092", "price": "3051.94000000", "time": "2025-07-15T16:39:01.578085Z", "fetched_at": "2025-07-15T16:39:33.401939+00:00", "symbol": "ETH-USD"}, {"trade_id": 667431067, "side": "sell", "size": "0.00014013", "price": "3051.92000000", "time": "2025-07-15T16:39:01.578085Z", "fetched_at": "2025-07-15T16:39:33.401939+00:00", "symbol": "ETH-USD"}, {"trade_id": 667431066, "side": "sell", "size": "0.00007813", "price": "3051.90000000", "time": "2025-07-15T16:39:01.578085Z", "fetched_at": "2025-07-15T16:39:33.401939+00:00", "symbol": "ETH-USD"}, {"trade_id": 667431065, "side": "sell", "size": "0.00194379", "price": "3051.90000000", "time": "2025-07-15T16:39:01.578085Z", "fetched_at": "2025-07-15T16:39:33.401939+00:00", "symbol": "ETH-USD"}, {"trade_id": 667431064, "side": "sell", "size": "0.00025193", "price": "3051.90000000", "time": "2025-07-15T16:39:01.578085Z", "fetched_at": "2025-07-15T16:39:33.401939+00:00", "symbol": "ETH-USD"}, {"trade_id": 667431063, "side": "sell", "size": "0.98407267", "price": "3051.90000000", "time": "2025-07-15T16:39:01.578085Z", "fetched_at": "2025-07-15T16:39:33.401939+00:00", "symbol": "ETH-USD"}, {"trade_id": 667431062, "side": "sell", "size": "0.01592733", "price": "3051.90000000", "time": "2025-07-15T16:39:00.657884Z", "fetched_at": "2025-07-15T16:39:33.401939+00:00", "symbol": "ETH-USD"}, {"trade_id": 667431061, "side": "sell", "size": "0.01592500", "price": "3051.94000000", "time": "2025-07-15T16:39:00.197046Z", "fetched_at": "2025-07-15T16:39:33.401939+00:00", "symbol": "ETH-USD"}, {"trade_id": 667431060, "side": "sell", "size": "0.01846486", "price": "3051.87000000", "time": "2025-07-15T16:38:59.725138Z", "fetched_at": "2025-07-15T16:39:33.401939+00:00", "symbol": "ETH-USD"}, {"trade_id": 667431059, "side": "buy", "size": "0.04869760", "price": "3051.86000000", "time": "2025-07-15T16:38:59.570186Z", "fetched_at": "2025-07-15T16:39:33.401939+00:00", "symbol": "ETH-USD"}, {"trade_id": 667431058, "side": "buy", "size": "0.04845240", "price": "3051.86000000", "time": "2025-07-15T16:38:59.570186Z", "fetched_at": "2025-07-15T16:39:33.401939+00:00", "symbol": "ETH-USD"}, {"trade_id": 667431057, "side": "buy", "size": "0.03356315", "price": "3051.86000000", "time": "2025-07-15T16:38:59.296813Z", "fetched_at": "2025-07-15T16:39:33.401939+00:00", "symbol": "ETH-USD"}, {"trade_id": 667431056, "side": "buy", "size": "0.03155452", "price": "3051.86000000", "time": "2025-07-15T16:38:59.296813Z", "fetched_at": "2025-07-15T16:39:33.401939+00:00", "symbol": "ETH-USD"}, {"trade_id": 667431055, "side": "sell", "size": "0.00933402", "price": "3051.87000000", "time": "2025-07-15T16:38:58.936880Z", "fetched_at": "2025-07-15T16:39:33.401939+00:00", "symbol": "ETH-USD"}, {"trade_id": 667431054, "side": "sell", "size": "0.01523194", "price": "3051.87000000", "time": "2025-07-15T16:38:58.733321Z", "fetched_at": "2025-07-15T16:39:33.401939+00:00", "symbol": "ETH-USD"}, {"trade_id": 667431053, "side": "sell", "size": "0.00643217", "price": "3051.87000000", "time": "2025-07-15T16:38:58.718047Z", "fetched_at": "2025-07-15T16:39:33.401939+00:00", "symbol": "ETH-USD"}, {"trade_id": 667431052, "side": "sell", "size": "0.00400000", "price": "3051.87000000", "time": "2025-07-15T16:38:58.389963Z", "fetched_at": "2025-07-15T16:39:33.401939+00:00", "symbol": "ETH-USD"}, {"trade_id": 667431051, "side": "sell", "size": "0.01554262", "price": "3051.87000000", "time": "2025-07-15T16:38:57.982786Z", "fetched_at": "2025-07-15T16:39:33.401939+00:00", "symbol": "ETH-USD"}, {"trade_id": 667431050, "side": "buy", "size": "0.00217800", "price": "3051.99000000", "time": "2025-07-15T16:38:57.925307Z", "fetched_at": "2025-07-15T16:39:33.401939+00:00", "symbol": "ETH-USD"}, {"trade_id": 667431049, "side": "buy", "size": "0.03006565", "price": "3051.99000000", "time": "2025-07-15T16:38:57.925307Z", "fetched_at": "2025-07-15T16:39:33.401939+00:00", "symbol": "ETH-USD"}, {"trade_id": 667431048, "side": "buy", "size": "0.01438403", "price": "3051.99000000", "time": "2025-07-15T16:38:57.912652Z", "fetched_at": "2025-07-15T16:39:33.401939+00:00", "symbol": "ETH-USD"}, {"trade_id": 667431047, "side": "buy", "size": "0.00222597", "price": "3051.99000000", "time": "2025-07-15T16:38:57.912652Z", "fetched_at": "2025-07-15T16:39:33.401939+00:00", "symbol": "ETH-USD"}, {"trade_id": 667431046, "side": "sell", "size": "0.00000327", "price": "3052.00000000", "time": "2025-07-15T16:38:57.585244Z", "fetched_at": "2025-07-15T16:39:33.401939+00:00", "symbol": "ETH-USD"}, {"trade_id": 667431045, "side": "sell", "size": "0.00389424", "price": "3052.00000000", "time": "2025-07-15T16:38:57.568507Z", "fetched_at": "2025-07-15T16:39:33.401939+00:00", "symbol": "ETH-USD"}, {"trade_id": 667431044, "side": "buy", "size": "0.16857638", "price": "3051.99000000", "time": "2025-07-15T16:38:56.920435Z", "fetched_at": "2025-07-15T16:39:33.401939+00:00", "symbol": "ETH-USD"}, {"trade_id": 667431043, "side": "sell", "size": "0.88075345", "price": "3052.00000000", "time": "2025-07-15T16:38:56.759638Z", "fetched_at": "2025-07-15T16:39:33.401939+00:00", "symbol": "ETH-USD"}, {"trade_id": 667431042, "side": "sell", "size": "0.00536864", "price": "3052.00000000", "time": "2025-07-15T16:38:56.644347Z", "fetched_at": "2025-07-15T16:39:33.401939+00:00", "symbol": "ETH-USD"}, {"trade_id": 667431041, "side": "sell", "size": "0.00100000", "price": "3051.87000000", "time": "2025-07-15T16:38:56.644347Z", "fetched_at": "2025-07-15T16:39:33.401939+00:00", "symbol": "ETH-USD"}, {"trade_id": 667431040, "side": "sell", "size": "0.40607926", "price": "3051.83000000", "time": "2025-07-15T16:38:55.771294Z", "fetched_at": "2025-07-15T16:39:33.401939+00:00", "symbol": "ETH-USD"}, {"trade_id": 667431039, "side": "sell", "size": "0.00244802", "price": "3051.82000000", "time": "2025-07-15T16:38:55.771294Z", "fetched_at": "2025-07-15T16:39:33.401939+00:00", "symbol": "ETH-USD"}, {"trade_id": 667431038, "side": "sell", "size": "0.02515585", "price": "3051.72000000", "time": "2025-07-15T16:38:55.771294Z", "fetched_at": "2025-07-15T16:39:33.401939+00:00", "symbol": "ETH-USD"}, {"trade_id": 667431037, "side": "buy", "size": "0.01661000", "price": "3051.55000000", "time": "2025-07-15T16:38:55.615673Z", "fetched_at": "2025-07-15T16:39:33.401939+00:00", "symbol": "ETH-USD"}, {"trade_id": 667431036, "side": "sell", "size": "0.02122000", "price": "3051.26000000", "time": "2025-07-15T16:38:55.604193Z", "fetched_at": "2025-07-15T16:39:33.401939+00:00", "symbol": "ETH-USD"}, {"trade_id": 667431035, "side": "sell", "size": "0.36909366", "price": "3051.26000000", "time": "2025-07-15T16:38:55.604193Z", "fetched_at": "2025-07-15T16:39:33.401939+00:00", "symbol": "ETH-USD"}, {"trade_id": 667431034, "side": "sell", "size": "4.61748507", "price": "3051.26000000", "time": "2025-07-15T16:38:55.602956Z", "fetched_at": "2025-07-15T16:39:33.401939+00:00", "symbol": "ETH-USD"}, {"trade_id": 667431033, "side": "sell", "size": "3.85607041", "price": "3051.26000000", "time": "2025-07-15T16:38:55.602879Z", "fetched_at": "2025-07-15T16:39:33.401939+00:00", "symbol": "ETH-USD"}, {"trade_id": 667431032, "side": "sell", "size": "0.56928687", "price": "3051.26000000", "time": "2025-07-15T16:38:55.602679Z", "fetched_at": "2025-07-15T16:39:33.401939+00:00", "symbol": "ETH-USD"}, {"trade_id": 667431031, "side": "sell", "size": "0.56683885", "price": "3051.26000000", "time": "2025-07-15T16:38:55.602657Z", "fetched_at": "2025-07-15T16:39:33.401939+00:00", "symbol": "ETH-USD"}, {"trade_id": 667431030, "side": "sell", "size": "0.00244802", "price": "3051.22000000", "time": "2025-07-15T16:38:55.602657Z", "fetched_at": "2025-07-15T16:39:33.401939+00:00", "symbol": "ETH-USD"}, {"trade_id": 667431029, "side": "sell", "size": "0.00374954", "price": "3051.24000000", "time": "2025-07-15T16:38:55.518980Z", "fetched_at": "2025-07-15T16:39:33.401939+00:00", "symbol": "ETH-USD"}, {"trade_id": 667431028, "side": "sell", "size": "0.00006657", "price": "3051.19000000", "time": "2025-07-15T16:38:55.518980Z", "fetched_at": "2025-07-15T16:39:33.401939+00:00", "symbol": "ETH-USD"}, {"trade_id": 667431027, "side": "sell", "size": "0.00005665", "price": "3051.17000000", "time": "2025-07-15T16:38:55.518980Z", "fetched_at": "2025-07-15T16:39:33.401939+00:00", "symbol": "ETH-USD"}, {"trade_id": 667431026, "side": "sell", "size": "0.00017922", "price": "3051.10000000", "time": "2025-07-15T16:38:55.518980Z", "fetched_at": "2025-07-15T16:39:33.401939+00:00", "symbol": "ETH-USD"}, {"trade_id": 667431025, "side": "sell", "size": "0.00244802", "price": "3051.07000000", "time": "2025-07-15T16:38:55.518980Z", "fetched_at": "2025-07-15T16:39:33.401939+00:00", "symbol": "ETH-USD"}, {"trade_id": 667431024, "side": "sell", "size": "0.00105189", "price": "3050.80000000", "time": "2025-07-15T16:38:55.404028Z", "fetched_at": "2025-07-15T16:39:33.401939+00:00", "symbol": "ETH-USD"}, {"trade_id": 667431023, "side": "sell", "size": "0.00012810", "price": "3050.80000000", "time": "2025-07-15T16:38:55.404028Z", "fetched_at": "2025-07-15T16:39:33.401939+00:00", "symbol": "ETH-USD"}, {"trade_id": 667431022, "side": "sell", "size": "1.00000000", "price": "3050.80000000", "time": "2025-07-15T16:38:55.404028Z", "fetched_at": "2025-07-15T16:39:33.401939+00:00", "symbol": "ETH-USD"}, {"trade_id": 667431021, "side": "sell", "size": "0.01968010", "price": "3050.88000000", "time": "2025-07-15T16:38:55.224626Z", "fetched_at": "2025-07-15T16:39:33.401939+00:00", "symbol": "ETH-USD"}, {"trade_id": 667431020, "side": "sell", "size": "0.00094386", "price": "3050.81000000", "time": "2025-07-15T16:38:55.224626Z", "fetched_at": "2025-07-15T16:39:33.401939+00:00", "symbol": "ETH-USD"}, {"trade_id": 667431019, "side": "sell", "size": "0.00185191", "price": "3050.78000000", "time": "2025-07-15T16:38:55.224626Z", "fetched_at": "2025-07-15T16:39:33.401939+00:00", "symbol": "ETH-USD"}, {"trade_id": 667431018, "side": "sell", "size": "0.00024000", "price": "3050.78000000", "time": "2025-07-15T16:38:55.224626Z", "fetched_at": "2025-07-15T16:39:33.401939+00:00", "symbol": "ETH-USD"}, {"trade_id": 667431017, "side": "buy", "size": "0.05351712", "price": "3050.87000000", "time": "2025-07-15T16:38:54.271495Z", "fetched_at": "2025-07-15T16:39:33.401939+00:00", "symbol": "ETH-USD"}, {"trade_id": 667431016, "side": "sell", "size": "0.01591985", "price": "3050.88000000", "time": "2025-07-15T16:38:54.159424Z", "fetched_at": "2025-07-15T16:39:33.401939+00:00", "symbol": "ETH-USD"}, {"trade_id": 667431015, "side": "sell", "size": "0.02122514", "price": "3051.26000000", "time": "2025-07-15T16:38:53.466192Z", "fetched_at": "2025-07-15T16:39:33.401939+00:00", "symbol": "ETH-USD"}, {"trade_id": 667431014, "side": "sell", "size": "0.39495566", "price": "3051.20000000", "time": "2025-07-15T16:38:53.466192Z", "fetched_at": "2025-07-15T16:39:33.401939+00:00", "symbol": "ETH-USD"}, {"trade_id": 667431013, "side": "sell", "size": "0.00327777", "price": "3051.19000000", "time": "2025-07-15T16:38:53.466192Z", "fetched_at": "2025-07-15T16:39:33.401939+00:00", "symbol": "ETH-USD"}, {"trade_id": 667431012, "side": "sell", "size": "0.00256159", "price": "3051.03000000", "time": "2025-07-15T16:38:53.466192Z", "fetched_at": "2025-07-15T16:39:33.401939+00:00", "symbol": "ETH-USD"}, {"trade_id": 667431011, "side": "sell", "size": "0.00034022", "price": "3051.00000000", "time": "2025-07-15T16:38:53.466192Z", "fetched_at": "2025-07-15T16:39:33.401939+00:00", "symbol": "ETH-USD"}, {"trade_id": 667431010, "side": "sell", "size": "0.00005589", "price": "3050.98000000", "time": "2025-07-15T16:38:53.466192Z", "fetched_at": "2025-07-15T16:39:33.401939+00:00", "symbol": "ETH-USD"}, {"trade_id": 667431009, "side": "sell", "size": "0.00110031", "price": "3050.95000000", "time": "2025-07-15T16:38:53.466192Z", "fetched_at": "2025-07-15T16:39:33.401939+00:00", "symbol": "ETH-USD"}, {"trade_id": 667431008, "side": "sell", "size": "0.00041338", "price": "3050.95000000", "time": "2025-07-15T16:38:53.466192Z", "fetched_at": "2025-07-15T16:39:33.401939+00:00", "symbol": "ETH-USD"}, {"trade_id": 667431007, "side": "sell", "size": "0.95068471", "price": "3050.80000000", "time": "2025-07-15T16:38:53.209938Z", "fetched_at": "2025-07-15T16:39:33.401939+00:00", "symbol": "ETH-USD"}, {"trade_id": 667431006, "side": "sell", "size": "0.00064240", "price": "3050.80000000", "time": "2025-07-15T16:38:53.206036Z", "fetched_at": "2025-07-15T16:39:33.401939+00:00", "symbol": "ETH-USD"}, {"trade_id": 667431005, "side": "sell", "size": "0.04867289", "price": "3050.80000000", "time": "2025-07-15T16:38:53.001872Z", "fetched_at": "2025-07-15T16:39:33.401939+00:00", "symbol": "ETH-USD"}, {"trade_id": 667431004, "side": "sell", "size": "0.00041819", "price": "3050.96000000", "time": "2025-07-15T16:38:51.553374Z", "fetched_at": "2025-07-15T16:39:33.401939+00:00", "symbol": "ETH-USD"}, {"trade_id": 667431003, "side": "sell", "size": "0.00041342", "price": "3050.56000000", "time": "2025-07-15T16:38:51.553374Z", "fetched_at": "2025-07-15T16:39:33.401939+00:00", "symbol": "ETH-USD"}, {"trade_id": 667431002, "side": "sell", "size": "0.00110037", "price": "3050.56000000", "time": "2025-07-15T16:38:51.553374Z", "fetched_at": "2025-07-15T16:39:33.401939+00:00", "symbol": "ETH-USD"}, {"trade_id": 667431001, "side": "sell", "size": "1.00000000", "price": "3050.50000000", "time": "2025-07-15T16:38:51.174595Z", "fetched_at": "2025-07-15T16:39:33.401939+00:00", "symbol": "ETH-USD"}, {"trade_id": 667431000, "side": "buy", "size": "0.13109021", "price": "3050.53000000", "time": "2025-07-15T16:38:50.711498Z", "fetched_at": "2025-07-15T16:39:33.401939+00:00", "symbol": "ETH-USD"}, {"trade_id": 667430999, "side": "buy", "size": "1.30000000", "price": "3050.53000000", "time": "2025-07-15T16:38:50.711498Z", "fetched_at": "2025-07-15T16:39:33.401939+00:00", "symbol": "ETH-USD"}, {"trade_id": 667430998, "side": "buy", "size": "2.57856601", "price": "3050.55000000", "time": "2025-07-15T16:38:50.711498Z", "fetched_at": "2025-07-15T16:39:33.401939+00:00", "symbol": "ETH-USD"}, {"trade_id": 667430997, "side": "buy", "size": "1.61945036", "price": "3050.68000000", "time": "2025-07-15T16:38:50.710930Z", "fetched_at": "2025-07-15T16:39:33.401939+00:00", "symbol": "ETH-USD"}, {"trade_id": 667430996, "side": "buy", "size": "0.30000000", "price": "3050.69000000", "time": "2025-07-15T16:38:50.710930Z", "fetched_at": "2025-07-15T16:39:33.401939+00:00", "symbol": "ETH-USD"}, {"trade_id": 667430995, "side": "buy", "size": "0.10538823", "price": "3050.72000000", "time": "2025-07-15T16:38:50.710930Z", "fetched_at": "2025-07-15T16:39:33.401939+00:00", "symbol": "ETH-USD"}, {"trade_id": 667430994, "side": "buy", "size": "0.03531625", "price": "3050.72000000", "time": "2025-07-15T16:38:50.710930Z", "fetched_at": "2025-07-15T16:39:33.401939+00:00", "symbol": "ETH-USD"}, {"trade_id": 667430993, "side": "buy", "size": "0.00327792", "price": "3050.72000000", "time": "2025-07-15T16:38:50.710930Z", "fetched_at": "2025-07-15T16:39:33.401939+00:00", "symbol": "ETH-USD"}, {"trade_id": 667430992, "side": "buy", "size": "0.00100000", "price": "3050.72000000", "time": "2025-07-15T16:38:50.710930Z", "fetched_at": "2025-07-15T16:39:33.401939+00:00", "symbol": "ETH-USD"}, {"trade_id": 667430991, "side": "sell", "size": "0.00310881", "price": "3050.73000000", "time": "2025-07-15T16:38:50.701169Z", "fetched_at": "2025-07-15T16:39:33.401939+00:00", "symbol": "ETH-USD"}, {"trade_id": 667430990, "side": "sell", "size": "0.00809642", "price": "3050.73000000", "time": "2025-07-15T16:38:50.049790Z", "fetched_at": "2025-07-15T16:39:33.401939+00:00", "symbol": "ETH-USD"}, {"trade_id": 667430989, "side": "sell", "size": "0.00002920", "price": "3050.73000000", "time": "2025-07-15T16:38:49.987371Z", "fetched_at": "2025-07-15T16:39:33.401939+00:00", "symbol": "ETH-USD"}, {"trade_id": 667430988, "side": "buy", "size": "0.07202019", "price": "3050.95000000", "time": "2025-07-15T16:38:49.346958Z", "fetched_at": "2025-07-15T16:39:33.401939+00:00", "symbol": "ETH-USD"}, {"trade_id": 667430987, "side": "buy", "size": "0.11225356", "price": "3050.95000000", "time": "2025-07-15T16:38:49.346958Z", "fetched_at": "2025-07-15T16:39:33.401939+00:00", "symbol": "ETH-USD"}, {"trade_id": 667430986, "side": "buy", "size": "0.00100000", "price": "3050.95000000", "time": "2025-07-15T16:38:49.346958Z", "fetched_at": "2025-07-15T16:39:33.401939+00:00", "symbol": "ETH-USD"}, {"trade_id": 667430985, "side": "buy", "size": "0.90000000", "price": "3050.97000000", "time": "2025-07-15T16:38:49.346958Z", "fetched_at": "2025-07-15T16:39:33.401939+00:00", "symbol": "ETH-USD"}, {"trade_id": 667430984, "side": "buy", "size": "0.00040236", "price": "3051.02000000", "time": "2025-07-15T16:38:47.432037Z", "fetched_at": "2025-07-15T16:39:33.401939+00:00", "symbol": "ETH-USD"}, {"trade_id": 667430983, "side": "buy", "size": "0.06402948", "price": "3051.02000000", "time": "2025-07-15T16:38:47.142565Z", "fetched_at": "2025-07-15T16:39:33.401939+00:00", "symbol": "ETH-USD"}, {"trade_id": 667430982, "side": "sell", "size": "0.14735990", "price": "3051.03000000", "time": "2025-07-15T16:38:44.501196Z", "fetched_at": "2025-07-15T16:39:33.401939+00:00", "symbol": "ETH-USD"}, {"trade_id": 667430981, "side": "sell", "size": "0.00005589", "price": "3050.96000000", "time": "2025-07-15T16:38:44.501196Z", "fetched_at": "2025-07-15T16:39:33.401939+00:00", "symbol": "ETH-USD"}, {"trade_id": 667430980, "side": "buy", "size": "0.13716018", "price": "3051.25000000", "time": "2025-07-15T16:38:43.065490Z", "fetched_at": "2025-07-15T16:39:33.401939+00:00", "symbol": "ETH-USD"}, {"trade_id": 667430979, "side": "buy", "size": "0.05898527", "price": "3051.27000000", "time": "2025-07-15T16:38:43.065490Z", "fetched_at": "2025-07-15T16:39:33.401939+00:00", "symbol": "ETH-USD"}, {"trade_id": 667430978, "side": "buy", "size": "0.07016169", "price": "3051.38000000", "time": "2025-07-15T16:38:42.921995Z", "fetched_at": "2025-07-15T16:39:33.401939+00:00", "symbol": "ETH-USD"}, {"trade_id": 667430977, "side": "buy", "size": "0.00173036", "price": "3051.38000000", "time": "2025-07-15T16:38:42.921995Z", "fetched_at": "2025-07-15T16:39:33.401939+00:00", "symbol": "ETH-USD"}, {"trade_id": 667430976, "side": "sell", "size": "0.01592697", "price": "3051.39000000", "time": "2025-07-15T16:38:42.915777Z", "fetched_at": "2025-07-15T16:39:33.401939+00:00", "symbol": "ETH-USD"}, {"trade_id": 667430975, "side": "sell", "size": "0.01294851", "price": "3051.39000000", "time": "2025-07-15T16:38:42.796585Z", "fetched_at": "2025-07-15T16:39:33.401939+00:00", "symbol": "ETH-USD"}, {"trade_id": 667430974, "side": "sell", "size": "0.00327717", "price": "3051.39000000", "time": "2025-07-15T16:38:42.796585Z", "fetched_at": "2025-07-15T16:39:33.401939+00:00", "symbol": "ETH-USD"}, {"trade_id": 667430973, "side": "sell", "size": "0.00321304", "price": "3051.39000000", "time": "2025-07-15T16:38:41.051757Z", "fetched_at": "2025-07-15T16:39:33.401939+00:00", "symbol": "ETH-USD"}, {"trade_id": 667430972, "side": "sell", "size": "0.00327717", "price": "3051.39000000", "time": "2025-07-15T16:38:41.051757Z", "fetched_at": "2025-07-15T16:39:33.401939+00:00", "symbol": "ETH-USD"}, {"trade_id": 667430971, "side": "sell", "size": "0.00185982", "price": "3051.44000000", "time": "2025-07-15T16:38:40.531137Z", "fetched_at": "2025-07-15T16:39:33.401939+00:00", "symbol": "ETH-USD"}, {"trade_id": 667430970, "side": "sell", "size": "0.00250205", "price": "3051.44000000", "time": "2025-07-15T16:38:40.531137Z", "fetched_at": "2025-07-15T16:39:33.401939+00:00", "symbol": "ETH-USD"}, {"trade_id": 667430969, "side": "sell", "size": "0.00032444", "price": "3051.44000000", "time": "2025-07-15T16:38:40.531137Z", "fetched_at": "2025-07-15T16:39:33.401939+00:00", "symbol": "ETH-USD"}, {"trade_id": 667430968, "side": "sell", "size": "0.00327717", "price": "3051.44000000", "time": "2025-07-15T16:38:40.531137Z", "fetched_at": "2025-07-15T16:39:33.401939+00:00", "symbol": "ETH-USD"}, {"trade_id": 667430967, "side": "sell", "size": "0.00477722", "price": "3051.52000000", "time": "2025-07-15T16:38:40.207732Z", "fetched_at": "2025-07-15T16:39:33.401939+00:00", "symbol": "ETH-USD"}, {"trade_id": 667430966, "side": "sell", "size": "0.06042052", "price": "3051.52000000", "time": "2025-07-15T16:38:40.197220Z", "fetched_at": "2025-07-15T16:39:33.401939+00:00", "symbol": "ETH-USD"}, {"trade_id": 667430965, "side": "sell", "size": "0.00327719", "price": "3051.41000000", "time": "2025-07-15T16:38:40.197220Z", "fetched_at": "2025-07-15T16:39:33.401939+00:00", "symbol": "ETH-USD"}, {"trade_id": 667430964, "side": "sell", "size": "0.00007504", "price": "3051.41000000", "time": "2025-07-15T16:38:39.910096Z", "fetched_at": "2025-07-15T16:39:33.401939+00:00", "symbol": "ETH-USD"}, {"trade_id": 667430963, "side": "sell", "size": "0.00303380", "price": "3051.41000000", "time": "2025-07-15T16:38:39.910096Z", "fetched_at": "2025-07-15T16:39:33.401939+00:00", "symbol": "ETH-USD"}, {"trade_id": 667430962, "side": "sell", "size": "0.00024339", "price": "3051.41000000", "time": "2025-07-15T16:38:39.590307Z", "fetched_at": "2025-07-15T16:39:33.401939+00:00", "symbol": "ETH-USD"}, {"trade_id": 667430961, "side": "buy", "size": "0.04303143", "price": "3051.40000000", "time": "2025-07-15T16:38:39.133541Z", "fetched_at": "2025-07-15T16:39:33.401939+00:00", "symbol": "ETH-USD"}, {"trade_id": 667430960, "side": "sell", "size": "0.39654267", "price": "3051.52000000", "time": "2025-07-15T16:38:38.773666Z", "fetched_at": "2025-07-15T16:39:33.401939+00:00", "symbol": "ETH-USD"}, {"trade_id": 667430959, "side": "sell", "size": "0.00005588", "price": "3051.41000000", "time": "2025-07-15T16:38:38.773666Z", "fetched_at": "2025-07-15T16:39:33.401939+00:00", "symbol": "ETH-USD"}, {"trade_id": 667430958, "side": "sell", "size": "0.00327719", "price": "3051.41000000", "time": "2025-07-15T16:38:38.773666Z", "fetched_at": "2025-07-15T16:39:33.401939+00:00", "symbol": "ETH-USD"}, {"trade_id": 667430957, "side": "buy", "size": "0.00327749", "price": "3051.40000000", "time": "2025-07-15T16:38:38.601481Z", "fetched_at": "2025-07-15T16:39:33.401939+00:00", "symbol": "ETH-USD"}, {"trade_id": 667430956, "side": "sell", "size": "0.01264983", "price": "3051.52000000", "time": "2025-07-15T16:38:38.093508Z", "fetched_at": "2025-07-15T16:39:33.401939+00:00", "symbol": "ETH-USD"}, {"trade_id": 667430955, "side": "sell", "size": "0.00327719", "price": "3051.41000000", "time": "2025-07-15T16:38:38.093508Z", "fetched_at": "2025-07-15T16:39:33.401939+00:00", "symbol": "ETH-USD"}, {"trade_id": 667430954, "side": "sell", "size": "0.04041949", "price": "3051.52000000", "time": "2025-07-15T16:38:37.721849Z", "fetched_at": "2025-07-15T16:39:33.401939+00:00", "symbol": "ETH-USD"}, {"trade_id": 667430953, "side": "sell", "size": "0.00309284", "price": "3051.54000000", "time": "2025-07-15T16:38:37.127393Z", "fetched_at": "2025-07-15T16:39:33.401939+00:00", "symbol": "ETH-USD"}, {"trade_id": 667430952, "side": "sell", "size": "0.00327732", "price": "3051.39000000", "time": "2025-07-15T16:38:37.127393Z", "fetched_at": "2025-07-15T16:39:33.401939+00:00", "symbol": "ETH-USD"}, {"trade_id": 667430951, "side": "sell", "size": "0.00316398", "price": "3051.39000000", "time": "2025-07-15T16:38:36.933233Z", "fetched_at": "2025-07-15T16:39:33.401939+00:00", "symbol": "ETH-USD"}, {"trade_id": 667430950, "side": "sell", "size": "0.00310908", "price": "3051.40000000", "time": "2025-07-15T16:38:36.693560Z", "fetched_at": "2025-07-15T16:39:33.401939+00:00", "symbol": "ETH-USD"}, {"trade_id": 667430949, "side": "sell", "size": "0.05770840", "price": "3051.54000000", "time": "2025-07-15T16:38:36.657110Z", "fetched_at": "2025-07-15T16:39:33.401939+00:00", "symbol": "ETH-USD"}, {"trade_id": 667430948, "side": "sell", "size": "0.00327732", "price": "3051.42000000", "time": "2025-07-15T16:38:36.657110Z", "fetched_at": "2025-07-15T16:39:33.401939+00:00", "symbol": "ETH-USD"}, {"trade_id": 667430947, "side": "sell", "size": "0.00149990", "price": "3051.55000000", "time": "2025-07-15T16:38:36.511176Z", "fetched_at": "2025-07-15T16:39:33.401939+00:00", "symbol": "ETH-USD"}, {"trade_id": 667430946, "side": "sell", "size": "0.00327732", "price": "3051.39000000", "time": "2025-07-15T16:38:36.511176Z", "fetched_at": "2025-07-15T16:39:33.401939+00:00", "symbol": "ETH-USD"}, {"trade_id": 667430945, "side": "sell", "size": "0.83060521", "price": "3051.29000000", "time": "2025-07-15T16:38:36.374646Z", "fetched_at": "2025-07-15T16:39:33.401939+00:00", "symbol": "ETH-USD"}, {"trade_id": 667430944, "side": "sell", "size": "0.00327729", "price": "3051.28000000", "time": "2025-07-15T16:38:36.374646Z", "fetched_at": "2025-07-15T16:39:33.401939+00:00", "symbol": "ETH-USD"}, {"trade_id": 667430943, "side": "sell", "size": "0.00316398", "price": "3051.28000000", "time": "2025-07-15T16:38:36.327316Z", "fetched_at": "2025-07-15T16:39:33.401939+00:00", "symbol": "ETH-USD"}, {"trade_id": 667430942, "side": "sell", "size": "0.00311707", "price": "3051.29000000", "time": "2025-07-15T16:38:36.204793Z", "fetched_at": "2025-07-15T16:39:33.401939+00:00", "symbol": "ETH-USD"}, {"trade_id": 667430941, "side": "sell", "size": "0.00327729", "price": "3051.28000000", "time": "2025-07-15T16:38:36.204793Z", "fetched_at": "2025-07-15T16:39:33.401939+00:00", "symbol": "ETH-USD"}, {"trade_id": 667430940, "side": "sell", "size": "0.04450362", "price": "3051.28000000", "time": "2025-07-15T16:38:35.969190Z", "fetched_at": "2025-07-15T16:39:33.401939+00:00", "symbol": "ETH-USD"}, {"trade_id": 667430939, "side": "sell", "size": "0.00327729", "price": "3051.28000000", "time": "2025-07-15T16:38:35.969190Z", "fetched_at": "2025-07-15T16:39:33.401939+00:00", "symbol": "ETH-USD"}, {"trade_id": 667430938, "side": "sell", "size": "0.01226640", "price": "3051.61000000", "time": "2025-07-15T16:38:34.234879Z", "fetched_at": "2025-07-15T16:39:33.401939+00:00", "symbol": "ETH-USD"}, {"trade_id": 667430937, "side": "sell", "size": "0.00327765", "price": "3051.29000000", "time": "2025-07-15T16:38:34.234879Z", "fetched_at": "2025-07-15T16:39:33.401939+00:00", "symbol": "ETH-USD"}, {"trade_id": 667430936, "side": "sell", "size": "0.00449506", "price": "3051.58000000", "time": "2025-07-15T16:38:34.228511Z", "fetched_at": "2025-07-15T16:39:33.401939+00:00", "symbol": "ETH-USD"}, {"trade_id": 667430935, "side": "sell", "size": "0.00327765", "price": "3051.29000000", "time": "2025-07-15T16:38:34.228511Z", "fetched_at": "2025-07-15T16:39:33.401939+00:00", "symbol": "ETH-USD"}, {"trade_id": 667430934, "side": "sell", "size": "0.16234920", "price": "3051.71000000", "time": "2025-07-15T16:38:33.843807Z", "fetched_at": "2025-07-15T16:39:33.401939+00:00", "symbol": "ETH-USD"}, {"trade_id": 667430933, "side": "sell", "size": "0.97200000", "price": "3051.67000000", "time": "2025-07-15T16:38:33.843807Z", "fetched_at": "2025-07-15T16:39:33.401939+00:00", "symbol": "ETH-USD"}, {"trade_id": 667430932, "side": "sell", "size": "0.05347245", "price": "3051.66000000", "time": "2025-07-15T16:38:33.843807Z", "fetched_at": "2025-07-15T16:39:33.401939+00:00", "symbol": "ETH-USD"}, {"trade_id": 667430931, "side": "sell", "size": "1.18812698", "price": "3051.66000000", "time": "2025-07-15T16:38:33.843807Z", "fetched_at": "2025-07-15T16:39:33.401939+00:00", "symbol": "ETH-USD"}, {"trade_id": 667430930, "side": "sell", "size": "0.00100000", "price": "3051.64000000", "time": "2025-07-15T16:38:33.843807Z", "fetched_at": "2025-07-15T16:39:33.401939+00:00", "symbol": "ETH-USD"}, {"trade_id": 667430929, "side": "sell", "size": "0.39344105", "price": "3051.55000000", "time": "2025-07-15T16:38:33.843807Z", "fetched_at": "2025-07-15T16:39:33.401939+00:00", "symbol": "ETH-USD"}, {"trade_id": 667430928, "side": "sell", "size": "0.10000000", "price": "3051.54000000", "time": "2025-07-15T16:38:33.843807Z", "fetched_at": "2025-07-15T16:39:33.401939+00:00", "symbol": "ETH-USD"}, {"trade_id": 667430927, "side": "sell", "size": "0.00005542", "price": "3051.52000000", "time": "2025-07-15T16:38:33.843807Z", "fetched_at": "2025-07-15T16:39:33.401939+00:00", "symbol": "ETH-USD"}, {"trade_id": 667430926, "side": "sell", "size": "0.00049289", "price": "3051.36000000", "time": "2025-07-15T16:38:33.843807Z", "fetched_at": "2025-07-15T16:39:33.401939+00:00", "symbol": "ETH-USD"}, {"trade_id": 667430925, "side": "sell", "size": "0.00327765", "price": "3051.26000000", "time": "2025-07-15T16:38:33.843807Z", "fetched_at": "2025-07-15T16:39:33.401939+00:00", "symbol": "ETH-USD"}, {"trade_id": 667430924, "side": "sell", "size": "0.00155459", "price": "3051.54000000", "time": "2025-07-15T16:38:33.709935Z", "fetched_at": "2025-07-15T16:39:33.401939+00:00", "symbol": "ETH-USD"}, {"trade_id": 667430923, "side": "sell", "size": "0.00327765", "price": "3051.53000000", "time": "2025-07-15T16:38:33.709935Z", "fetched_at": "2025-07-15T16:39:33.401939+00:00", "symbol": "ETH-USD"}, {"trade_id": 667430922, "side": "sell", "size": "0.00100000", "price": "3051.41000000", "time": "2025-07-15T16:38:33.709935Z", "fetched_at": "2025-07-15T16:39:33.401939+00:00", "symbol": "ETH-USD"}, {"trade_id": 667430921, "side": "sell", "size": "0.00005589", "price": "3051.18000000", "time": "2025-07-15T16:38:33.709935Z", "fetched_at": "2025-07-15T16:39:33.401939+00:00", "symbol": "ETH-USD"}, {"trade_id": 667430920, "side": "sell", "size": "0.00048007", "price": "3051.18000000", "time": "2025-07-15T16:38:33.709935Z", "fetched_at": "2025-07-15T16:39:33.401939+00:00", "symbol": "ETH-USD"}, {"trade_id": 667430919, "side": "sell", "size": "0.00159531", "price": "3051.18000000", "time": "2025-07-15T16:38:33.709935Z", "fetched_at": "2025-07-15T16:39:33.401939+00:00", "symbol": "ETH-USD"}, {"trade_id": 667430918, "side": "buy", "size": "0.09281830", "price": "3051.17000000", "time": "2025-07-15T16:38:33.578956Z", "fetched_at": "2025-07-15T16:39:33.401939+00:00", "symbol": "ETH-USD"}, {"trade_id": 667430917, "side": "sell", "size": "0.00210885", "price": "3051.18000000", "time": "2025-07-15T16:38:33.480349Z", "fetched_at": "2025-07-15T16:39:33.401939+00:00", "symbol": "ETH-USD"}, {"trade_id": 667430916, "side": "sell", "size": "0.00100000", "price": "3051.18000000", "time": "2025-07-15T16:38:33.480349Z", "fetched_at": "2025-07-15T16:39:33.401939+00:00", "symbol": "ETH-USD"}, {"trade_id": 667430915, "side": "sell", "size": "0.00010334", "price": "3051.08000000", "time": "2025-07-15T16:38:33.236505Z", "fetched_at": "2025-07-15T16:39:33.401939+00:00", "symbol": "ETH-USD"}, {"trade_id": 667430914, "side": "sell", "size": "0.00027507", "price": "3051.08000000", "time": "2025-07-15T16:38:33.236505Z", "fetched_at": "2025-07-15T16:39:33.401939+00:00", "symbol": "ETH-USD"}, {"trade_id": 667430913, "side": "sell", "size": "1.00000000", "price": "3051.05000000", "time": "2025-07-15T16:38:33.236505Z", "fetched_at": "2025-07-15T16:39:33.401939+00:00", "symbol": "ETH-USD"}, {"trade_id": 667430912, "side": "sell", "size": "0.00100000", "price": "3050.95000000", "time": "2025-07-15T16:38:33.088613Z", "fetched_at": "2025-07-15T16:39:33.401939+00:00", "symbol": "ETH-USD"}, {"trade_id": 667430911, "side": "sell", "size": "0.00250445", "price": "3050.75000000", "time": "2025-07-15T16:38:32.283458Z", "fetched_at": "2025-07-15T16:39:33.401939+00:00", "symbol": "ETH-USD"}, {"trade_id": 667430910, "side": "sell", "size": "0.00024006", "price": "3050.75000000", "time": "2025-07-15T16:38:32.283458Z", "fetched_at": "2025-07-15T16:39:33.401939+00:00", "symbol": "ETH-USD"}, {"trade_id": 667430909, "side": "sell", "size": "0.00185191", "price": "3050.75000000", "time": "2025-07-15T16:38:32.283458Z", "fetched_at": "2025-07-15T16:39:33.401939+00:00", "symbol": "ETH-USD"}, {"trade_id": 667430908, "side": "sell", "size": "0.45043631", "price": "3050.75000000", "time": "2025-07-15T16:38:32.283458Z", "fetched_at": "2025-07-15T16:39:33.401939+00:00", "symbol": "ETH-USD"}, {"trade_id": 667430907, "side": "sell", "size": "3.43817274", "price": "3050.75000000", "time": "2025-07-15T16:38:32.279960Z", "fetched_at": "2025-07-15T16:39:33.401939+00:00", "symbol": "ETH-USD"}, {"trade_id": 667430906, "side": "sell", "size": "0.28319550", "price": "3050.75000000", "time": "2025-07-15T16:38:32.275693Z", "fetched_at": "2025-07-15T16:39:33.401939+00:00", "symbol": "ETH-USD"}, {"trade_id": 667430905, "side": "sell", "size": "0.91502886", "price": "3050.75000000", "time": "2025-07-15T16:38:32.271696Z", "fetched_at": "2025-07-15T16:39:33.401939+00:00", "symbol": "ETH-USD"}, {"trade_id": 667430904, "side": "sell", "size": "0.42799546", "price": "3050.75000000", "time": "2025-07-15T16:38:32.271370Z", "fetched_at": "2025-07-15T16:39:33.401939+00:00", "symbol": "ETH-USD"}, {"trade_id": 667430903, "side": "sell", "size": "0.72766620", "price": "3050.75000000", "time": "2025-07-15T16:38:32.267889Z", "fetched_at": "2025-07-15T16:39:33.401939+00:00", "symbol": "ETH-USD"}, {"trade_id": 667430902, "side": "sell", "size": "2.96473475", "price": "3050.75000000", "time": "2025-07-15T16:38:32.267830Z", "fetched_at": "2025-07-15T16:39:33.401939+00:00", "symbol": "ETH-USD"}, {"trade_id": 667430901, "side": "sell", "size": "0.78068200", "price": "3050.75000000", "time": "2025-07-15T16:38:32.267140Z", "fetched_at": "2025-07-15T16:39:33.401939+00:00", "symbol": "ETH-USD"}, {"trade_id": 667430900, "side": "sell", "size": "0.00637033", "price": "3050.75000000", "time": "2025-07-15T16:38:32.199068Z", "fetched_at": "2025-07-15T16:39:33.401939+00:00", "symbol": "ETH-USD"}, {"trade_id": 667430899, "side": "sell", "size": "0.00571785", "price": "3050.75000000", "time": "2025-07-15T16:38:32.081907Z", "fetched_at": "2025-07-15T16:39:33.401939+00:00", "symbol": "ETH-USD"}, {"trade_id": 667430898, "side": "sell", "size": "0.00224563", "price": "3050.74000000", "time": "2025-07-15T16:38:32.081907Z", "fetched_at": "2025-07-15T16:39:33.401939+00:00", "symbol": "ETH-USD"}, {"trade_id": 667430897, "side": "sell", "size": "1.00000000", "price": "3050.55000000", "time": "2025-07-15T16:38:32.081700Z", "fetched_at": "2025-07-15T16:39:33.401939+00:00", "symbol": "ETH-USD"}, {"trade_id": 667430896, "side": "sell", "size": "0.45553401", "price": "3050.74000000", "time": "2025-07-15T16:38:31.116362Z", "fetched_at": "2025-07-15T16:39:33.401939+00:00", "symbol": "ETH-USD"}, {"trade_id": 667430895, "side": "sell", "size": "1.36862149", "price": "3050.74000000", "time": "2025-07-15T16:38:31.116362Z", "fetched_at": "2025-07-15T16:39:33.401939+00:00", "symbol": "ETH-USD"}, {"trade_id": 667430894, "side": "sell", "size": "0.00327792", "price": "3050.73000000", "time": "2025-07-15T16:38:31.116362Z", "fetched_at": "2025-07-15T16:39:33.401939+00:00", "symbol": "ETH-USD"}, {"trade_id": 667430893, "side": "sell", "size": "0.01640716", "price": "3050.73000000", "time": "2025-07-15T16:38:31.116362Z", "fetched_at": "2025-07-15T16:39:33.401939+00:00", "symbol": "ETH-USD"}, {"trade_id": 667430892, "side": "sell", "size": "0.00300000", "price": "3050.68000000", "time": "2025-07-15T16:38:31.116362Z", "fetched_at": "2025-07-15T16:39:33.401939+00:00", "symbol": "ETH-USD"}, {"trade_id": 667430891, "side": "sell", "size": "0.11386000", "price": "3050.50000000", "time": "2025-07-15T16:38:31.116362Z", "fetched_at": "2025-07-15T16:39:33.401939+00:00", "symbol": "ETH-USD"}, {"trade_id": 667430890, "side": "sell", "size": "1.86292251", "price": "3050.74000000", "time": "2025-07-15T16:38:30.267173Z", "fetched_at": "2025-07-15T16:39:33.401939+00:00", "symbol": "ETH-USD"}, {"trade_id": 667430889, "side": "sell", "size": "1.00000000", "price": "3050.72000000", "time": "2025-07-15T16:38:30.267173Z", "fetched_at": "2025-07-15T16:39:33.401939+00:00", "symbol": "ETH-USD"}, {"trade_id": 667430888, "side": "sell", "size": "0.00327791", "price": "3050.71000000", "time": "2025-07-15T16:38:30.267173Z", "fetched_at": "2025-07-15T16:39:33.401939+00:00", "symbol": "ETH-USD"}, {"trade_id": 667430887, "side": "sell", "size": "0.13284990", "price": "3050.71000000", "time": "2025-07-15T16:38:30.267173Z", "fetched_at": "2025-07-15T16:39:33.401939+00:00", "symbol": "ETH-USD"}, {"trade_id": 667430886, "side": "sell", "size": "0.07249000", "price": "3050.55000000", "time": "2025-07-15T16:38:30.267173Z", "fetched_at": "2025-07-15T16:39:33.401939+00:00", "symbol": "ETH-USD"}, {"trade_id": 667430885, "side": "sell", "size": "0.11386000", "price": "3050.55000000", "time": "2025-07-15T16:38:30.267173Z", "fetched_at": "2025-07-15T16:39:33.401939+00:00", "symbol": "ETH-USD"}, {"trade_id": 667430884, "side": "sell", "size": "0.04867799", "price": "3050.72000000", "time": "2025-07-15T16:38:30.218201Z", "fetched_at": "2025-07-15T16:39:33.401939+00:00", "symbol": "ETH-USD"}, {"trade_id": 667430883, "side": "sell", "size": "0.00006090", "price": "3050.72000000", "time": "2025-07-15T16:38:29.503839Z", "fetched_at": "2025-07-15T16:39:33.401939+00:00", "symbol": "ETH-USD"}, {"trade_id": 667430882, "side": "sell", "size": "0.16220303", "price": "3050.72000000", "time": "2025-07-15T16:38:29.321946Z", "fetched_at": "2025-07-15T16:39:33.401939+00:00", "symbol": "ETH-USD"}, {"trade_id": 667430881, "side": "sell", "size": "0.00005588", "price": "3050.68000000", "time": "2025-07-15T16:38:29.321946Z", "fetched_at": "2025-07-15T16:39:33.401939+00:00", "symbol": "ETH-USD"}, {"trade_id": 667430880, "side": "sell", "size": "0.00940000", "price": "3050.68000000", "time": "2025-07-15T16:38:28.790630Z", "fetched_at": "2025-07-15T16:39:33.401939+00:00", "symbol": "ETH-USD"}, {"trade_id": 667430879, "side": "sell", "size": "0.01783991", "price": "3050.72000000", "time": "2025-07-15T16:38:27.536685Z", "fetched_at": "2025-07-15T16:39:33.401939+00:00", "symbol": "ETH-USD"}, {"trade_id": 667430878, "side": "buy", "size": "0.30399465", "price": "3050.63000000", "time": "2025-07-15T16:38:26.322725Z", "fetched_at": "2025-07-15T16:39:33.401939+00:00", "symbol": "ETH-USD"}, {"trade_id": 667430877, "side": "buy", "size": "0.52014981", "price": "3050.66000000", "time": "2025-07-15T16:38:26.322725Z", "fetched_at": "2025-07-15T16:39:33.401939+00:00", "symbol": "ETH-USD"}, {"trade_id": 667430876, "side": "buy", "size": "0.16389566", "price": "3050.72000000", "time": "2025-07-15T16:38:26.322725Z", "fetched_at": "2025-07-15T16:39:33.401939+00:00", "symbol": "ETH-USD"}, {"trade_id": 667430875, "side": "buy", "size": "0.00085545", "price": "3050.74000000", "time": "2025-07-15T16:38:26.322725Z", "fetched_at": "2025-07-15T16:39:33.401939+00:00", "symbol": "ETH-USD"}, {"trade_id": 667430874, "side": "buy", "size": "0.08690774", "price": "3050.74000000", "time": "2025-07-15T16:38:26.322725Z", "fetched_at": "2025-07-15T16:39:33.401939+00:00", "symbol": "ETH-USD"}, {"trade_id": 667430873, "side": "buy", "size": "0.00327790", "price": "3050.74000000", "time": "2025-07-15T16:38:26.322725Z", "fetched_at": "2025-07-15T16:39:33.401939+00:00", "symbol": "ETH-USD"}, {"trade_id": 667430872, "side": "sell", "size": "0.00005589", "price": "3050.48000000", "time": "2025-07-15T16:38:24.777393Z", "fetched_at": "2025-07-15T16:39:33.401939+00:00", "symbol": "ETH-USD"}, {"trade_id": 667430871, "side": "sell", "size": "0.64766092", "price": "3050.48000000", "time": "2025-07-15T16:38:24.777393Z", "fetched_at": "2025-07-15T16:39:33.401939+00:00", "symbol": "ETH-USD"}, {"trade_id": 667430870, "side": "sell", "size": "0.19008124", "price": "3050.48000000", "time": "2025-07-15T16:38:24.525321Z", "fetched_at": "2025-07-15T16:39:33.401939+00:00", "symbol": "ETH-USD"}, {"trade_id": 667430869, "side": "sell", "size": "0.16225784", "price": "3050.48000000", "time": "2025-07-15T16:38:24.213075Z", "fetched_at": "2025-07-15T16:39:33.401939+00:00", "symbol": "ETH-USD"}, {"trade_id": 667430868, "side": "sell", "size": "0.01865954", "price": "3050.48000000", "time": "2025-07-15T16:38:24.153470Z", "fetched_at": "2025-07-15T16:39:33.401939+00:00", "symbol": "ETH-USD"}, {"trade_id": 667430867, "side": "buy", "size": "0.70000000", "price": "3050.64000000", "time": "2025-07-15T16:38:23.250405Z", "fetched_at": "2025-07-15T16:39:33.401939+00:00", "symbol": "ETH-USD"}, {"trade_id": 667430866, "side": "buy", "size": "0.00327799", "price": "3050.65000000", "time": "2025-07-15T16:38:23.250405Z", "fetched_at": "2025-07-15T16:39:33.401939+00:00", "symbol": "ETH-USD"}, {"trade_id": 667430865, "side": "sell", "size": "0.00051401", "price": "3050.62000000", "time": "2025-07-15T16:38:22.079574Z", "fetched_at": "2025-07-15T16:39:33.401939+00:00", "symbol": "ETH-USD"}, {"trade_id": 667430864, "side": "sell", "size": "0.96742287", "price": "3050.62000000", "time": "2025-07-15T16:38:22.079574Z", "fetched_at": "2025-07-15T16:39:33.401939+00:00", "symbol": "ETH-USD"}, {"trade_id": 667430863, "side": "sell", "size": "0.03185049", "price": "3050.62000000", "time": "2025-07-15T16:38:21.232873Z", "fetched_at": "2025-07-15T16:39:33.401939+00:00", "symbol": "ETH-USD"}, {"trade_id": 667430862, "side": "sell", "size": "0.00072664", "price": "3050.62000000", "time": "2025-07-15T16:38:21.222143Z", "fetched_at": "2025-07-15T16:39:33.401939+00:00", "symbol": "ETH-USD"}, {"trade_id": 667430861, "side": "buy", "size": "0.01349643", "price": "3050.48000000", "time": "2025-07-15T16:38:20.798225Z", "fetched_at": "2025-07-15T16:39:33.401939+00:00", "symbol": "ETH-USD"}, {"trade_id": 667430860, "side": "sell", "size": "2.00245666", "price": "3050.74000000", "time": "2025-07-15T16:38:19.453209Z", "fetched_at": "2025-07-15T16:39:33.401939+00:00", "symbol": "ETH-USD"}, {"trade_id": 667430859, "side": "sell", "size": "0.00032079", "price": "3050.70000000", "time": "2025-07-15T16:38:19.453209Z", "fetched_at": "2025-07-15T16:39:33.401939+00:00", "symbol": "ETH-USD"}, {"trade_id": 667430858, "side": "sell", "size": "0.00241134", "price": "3050.70000000", "time": "2025-07-15T16:38:19.453209Z", "fetched_at": "2025-07-15T16:39:33.401939+00:00", "symbol": "ETH-USD"}, {"trade_id": 667430857, "side": "sell", "size": "0.00099790", "price": "3050.70000000", "time": "2025-07-15T16:38:19.453209Z", "fetched_at": "2025-07-15T16:39:33.401939+00:00", "symbol": "ETH-USD"}, {"trade_id": 667430856, "side": "sell", "size": "0.00008431", "price": "3050.68000000", "time": "2025-07-15T16:38:19.453209Z", "fetched_at": "2025-07-15T16:39:33.401939+00:00", "symbol": "ETH-USD"}, {"trade_id": 667430855, "side": "sell", "size": "0.03023314", "price": "3050.65000000", "time": "2025-07-15T16:38:19.453209Z", "fetched_at": "2025-07-15T16:39:33.401939+00:00", "symbol": "ETH-USD"}, {"trade_id": 667430854, "side": "sell", "size": "0.08977536", "price": "3050.65000000", "time": "2025-07-15T16:38:19.453209Z", "fetched_at": "2025-07-15T16:39:33.401939+00:00", "symbol": "ETH-USD"}, {"trade_id": 667430853, "side": "sell", "size": "1.00000000", "price": "3050.64000000", "time": "2025-07-15T16:38:19.453209Z", "fetched_at": "2025-07-15T16:39:33.401939+00:00", "symbol": "ETH-USD"}, {"trade_id": 667430852, "side": "sell", "size": "0.04797344", "price": "3050.63000000", "time": "2025-07-15T16:38:19.453209Z", "fetched_at": "2025-07-15T16:39:33.401939+00:00", "symbol": "ETH-USD"}, {"trade_id": 667430851, "side": "sell", "size": "0.78567170", "price": "3050.63000000", "time": "2025-07-15T16:38:19.453209Z", "fetched_at": "2025-07-15T16:39:33.401939+00:00", "symbol": "ETH-USD"}, {"trade_id": 667430850, "side": "sell", "size": "0.00327797", "price": "3050.62000000", "time": "2025-07-15T16:38:19.453209Z", "fetched_at": "2025-07-15T16:39:33.401939+00:00", "symbol": "ETH-USD"}, {"trade_id": 667430849, "side": "sell", "size": "0.11386000", "price": "3050.37000000", "time": "2025-07-15T16:38:19.453209Z", "fetched_at": "2025-07-15T16:39:33.401939+00:00", "symbol": "ETH-USD"}, {"trade_id": 667430848, "side": "buy", "size": "0.14136806", "price": "3050.54000000", "time": "2025-07-15T16:38:18.862259Z", "fetched_at": "2025-07-15T16:39:33.401939+00:00", "symbol": "ETH-USD"}, {"trade_id": 667430847, "side": "buy", "size": "0.02513218", "price": "3050.67000000", "time": "2025-07-15T16:38:18.862259Z", "fetched_at": "2025-07-15T16:39:33.401939+00:00", "symbol": "ETH-USD"}, {"trade_id": 667430846, "side": "buy", "size": "0.00309152", "price": "3050.67000000", "time": "2025-07-15T16:38:18.862259Z", "fetched_at": "2025-07-15T16:39:33.401939+00:00", "symbol": "ETH-USD"}, {"trade_id": 667430845, "side": "sell", "size": "0.00336752", "price": "3050.68000000", "time": "2025-07-15T16:38:18.798443Z", "fetched_at": "2025-07-15T16:39:33.401939+00:00", "symbol": "ETH-USD"}, {"trade_id": 667430844, "side": "buy", "size": "0.08890871", "price": "3050.39000000", "time": "2025-07-15T16:38:17.716683Z", "fetched_at": "2025-07-15T16:39:33.401939+00:00", "symbol": "ETH-USD"}, {"trade_id": 667430843, "side": "buy", "size": "0.33148502", "price": "3050.47000000", "time": "2025-07-15T16:38:17.716683Z", "fetched_at": "2025-07-15T16:39:33.401939+00:00", "symbol": "ETH-USD"}, {"trade_id": 667430842, "side": "buy", "size": "0.00100000", "price": "3050.49000000", "time": "2025-07-15T16:38:17.716683Z", "fetched_at": "2025-07-15T16:39:33.401939+00:00", "symbol": "ETH-USD"}, {"trade_id": 667430841, "side": "buy", "size": "0.30268442", "price": "3050.51000000", "time": "2025-07-15T16:38:17.716683Z", "fetched_at": "2025-07-15T16:39:33.401939+00:00", "symbol": "ETH-USD"}, {"trade_id": 667430840, "side": "buy", "size": "1.28019196", "price": "3050.51000000", "time": "2025-07-15T16:38:17.716683Z", "fetched_at": "2025-07-15T16:39:33.401939+00:00", "symbol": "ETH-USD"}, {"trade_id": 667430839, "side": "buy", "size": "0.86706040", "price": "3050.52000000", "time": "2025-07-15T16:38:17.716683Z", "fetched_at": "2025-07-15T16:39:33.401939+00:00", "symbol": "ETH-USD"}, {"trade_id": 667430838, "side": "buy", "size": "0.05025809", "price": "3050.53000000", "time": "2025-07-15T16:38:17.716683Z", "fetched_at": "2025-07-15T16:39:33.401939+00:00", "symbol": "ETH-USD"}, {"trade_id": 667430837, "side": "buy", "size": "0.16390064", "price": "3050.62000000", "time": "2025-07-15T16:38:17.716683Z", "fetched_at": "2025-07-15T16:39:33.401939+00:00", "symbol": "ETH-USD"}, {"trade_id": 667430836, "side": "buy", "size": "0.16388067", "price": "3050.64000000", "time": "2025-07-15T16:38:17.716683Z", "fetched_at": "2025-07-15T16:39:33.401939+00:00", "symbol": "ETH-USD"}, {"trade_id": 667430835, "side": "buy", "size": "0.12010965", "price": "3050.69000000", "time": "2025-07-15T16:38:17.716683Z", "fetched_at": "2025-07-15T16:39:33.401939+00:00", "symbol": "ETH-USD"}, {"trade_id": 667430834, "side": "buy", "size": "0.00300614", "price": "3050.69000000", "time": "2025-07-15T16:38:17.716683Z", "fetched_at": "2025-07-15T16:39:33.401939+00:00", "symbol": "ETH-USD"}, {"trade_id": 667430833, "side": "buy", "size": "0.00086210", "price": "3050.69000000", "time": "2025-07-15T16:38:17.716683Z", "fetched_at": "2025-07-15T16:39:33.401939+00:00", "symbol": "ETH-USD"}, {"trade_id": 667430832, "side": "buy", "size": "0.01317734", "price": "3050.69000000", "time": "2025-07-15T16:38:17.716683Z", "fetched_at": "2025-07-15T16:39:33.401939+00:00", "symbol": "ETH-USD"}, {"trade_id": 667430831, "side": "buy", "size": "0.36347486", "price": "3050.69000000", "time": "2025-07-15T16:38:17.716683Z", "fetched_at": "2025-07-15T16:39:33.401939+00:00", "symbol": "ETH-USD"}, {"trade_id": 667430830, "side": "sell", "size": "0.00093163", "price": "3050.70000000", "time": "2025-07-15T16:38:15.951096Z", "fetched_at": "2025-07-15T16:39:33.401939+00:00", "symbol": "ETH-USD"}, {"trade_id": 667430829, "side": "sell", "size": "0.06372751", "price": "3050.70000000", "time": "2025-07-15T16:38:14.967160Z", "fetched_at": "2025-07-15T16:39:33.401939+00:00", "symbol": "ETH-USD"}, {"trade_id": 667430828, "side": "buy", "size": "0.00143240", "price": "3050.69000000", "time": "2025-07-15T16:38:14.345706Z", "fetched_at": "2025-07-15T16:39:33.401939+00:00", "symbol": "ETH-USD"}, {"trade_id": 667430827, "side": "buy", "size": "0.02464523", "price": "3050.94000000", "time": "2025-07-15T16:38:13.272815Z", "fetched_at": "2025-07-15T16:39:33.401939+00:00", "symbol": "ETH-USD"}, {"trade_id": 667430826, "side": "buy", "size": "0.00294694", "price": "3050.95000000", "time": "2025-07-15T16:38:13.272815Z", "fetched_at": "2025-07-15T16:39:33.401939+00:00", "symbol": "ETH-USD"}, {"trade_id": 667430825, "side": "buy", "size": "0.01848531", "price": "3051.07000000", "time": "2025-07-15T16:38:13.272815Z", "fetched_at": "2025-07-15T16:39:33.401939+00:00", "symbol": "ETH-USD"}, {"trade_id": 667430824, "side": "buy", "size": "0.01635164", "price": "3051.07000000", "time": "2025-07-15T16:38:13.272815Z", "fetched_at": "2025-07-15T16:39:33.401939+00:00", "symbol": "ETH-USD"}, {"trade_id": 667430823, "side": "buy", "size": "0.01757088", "price": "3051.07000000", "time": "2025-07-15T16:38:13.272815Z", "fetched_at": "2025-07-15T16:39:33.401939+00:00", "symbol": "ETH-USD"}, {"trade_id": 667430822, "side": "sell", "size": "0.61672201", "price": "3051.12000000", "time": "2025-07-15T16:38:12.416570Z", "fetched_at": "2025-07-15T16:39:33.401939+00:00", "symbol": "ETH-USD"}, {"trade_id": 667430821, "side": "sell", "size": "0.00327799", "price": "3051.08000000", "time": "2025-07-15T16:38:12.416570Z", "fetched_at": "2025-07-15T16:39:33.401939+00:00", "symbol": "ETH-USD"}, {"trade_id": 667430820, "side": "buy", "size": "0.00541558", "price": "3051.07000000", "time": "2025-07-15T16:38:12.208563Z", "fetched_at": "2025-07-15T16:39:33.401939+00:00", "symbol": "ETH-USD"}, {"trade_id": 667430819, "side": "sell", "size": "0.00327835", "price": "3050.95000000", "time": "2025-07-15T16:38:12.203683Z", "fetched_at": "2025-07-15T16:39:33.401939+00:00", "symbol": "ETH-USD"}, {"trade_id": 667430818, "side": "sell", "size": "0.00100000", "price": "3050.95000000", "time": "2025-07-15T16:38:12.203683Z", "fetched_at": "2025-07-15T16:39:33.401939+00:00", "symbol": "ETH-USD"}, {"trade_id": 667430817, "side": "sell", "size": "0.00002746", "price": "3050.76000000", "time": "2025-07-15T16:38:12.108673Z", "fetched_at": "2025-07-15T16:39:33.401939+00:00", "symbol": "ETH-USD"}, {"trade_id": 667430816, "side": "sell", "size": "0.00015924", "price": "3050.76000000", "time": "2025-07-15T16:38:12.108673Z", "fetched_at": "2025-07-15T16:39:33.401939+00:00", "symbol": "ETH-USD"}, {"trade_id": 667430815, "side": "sell", "size": "0.00129243", "price": "3050.76000000", "time": "2025-07-15T16:38:12.108673Z", "fetched_at": "2025-07-15T16:39:33.401939+00:00", "symbol": "ETH-USD"}, {"trade_id": 667430814, "side": "sell", "size": "0.00072183", "price": "3050.76000000", "time": "2025-07-15T16:38:12.108673Z", "fetched_at": "2025-07-15T16:39:33.401939+00:00", "symbol": "ETH-USD"}, {"trade_id": 667430813, "side": "sell", "size": "0.00027195", "price": "3050.76000000", "time": "2025-07-15T16:38:12.108673Z", "fetched_at": "2025-07-15T16:39:33.401939+00:00", "symbol": "ETH-USD"}, {"trade_id": 667430812, "side": "sell", "size": "0.00370449", "price": "3050.48000000", "time": "2025-07-15T16:38:10.867951Z", "fetched_at": "2025-07-15T16:39:33.401939+00:00", "symbol": "ETH-USD"}, {"trade_id": 667430811, "side": "sell", "size": "0.00048008", "price": "3050.48000000", "time": "2025-07-15T16:38:10.867951Z", "fetched_at": "2025-07-15T16:39:33.401939+00:00", "symbol": "ETH-USD"}, {"trade_id": 667430810, "side": "sell", "size": "0.00011178", "price": "3050.48000000", "time": "2025-07-15T16:38:10.867951Z", "fetched_at": "2025-07-15T16:39:33.401939+00:00", "symbol": "ETH-USD"}, {"trade_id": 667430809, "side": "sell", "size": "1.00000000", "price": "3050.45000000", "time": "2025-07-15T16:38:10.850253Z", "fetched_at": "2025-07-15T16:39:33.401939+00:00", "symbol": "ETH-USD"}, {"trade_id": 667430808, "side": "sell", "size": "0.00318778", "price": "3050.32000000", "time": "2025-07-15T16:38:10.457413Z", "fetched_at": "2025-07-15T16:39:33.401939+00:00", "symbol": "ETH-USD"}, {"trade_id": 667430807, "side": "buy", "size": "0.00539905", "price": "3050.46000000", "time": "2025-07-15T16:38:09.699105Z", "fetched_at": "2025-07-15T16:39:33.401939+00:00", "symbol": "ETH-USD"}, {"trade_id": 667430806, "side": "sell", "size": "0.06604277", "price": "3050.87000000", "time": "2025-07-15T16:38:09.686362Z", "fetched_at": "2025-07-15T16:39:33.401939+00:00", "symbol": "ETH-USD"}, {"trade_id": 667430805, "side": "sell", "size": "0.51904536", "price": "3050.74000000", "time": "2025-07-15T16:38:09.686362Z", "fetched_at": "2025-07-15T16:39:33.401939+00:00", "symbol": "ETH-USD"}, {"trade_id": 667430804, "side": "sell", "size": "0.00327877", "price": "3050.73000000", "time": "2025-07-15T16:38:09.686362Z", "fetched_at": "2025-07-15T16:39:33.401939+00:00", "symbol": "ETH-USD"}, {"trade_id": 667430803, "side": "sell", "size": "0.00100000", "price": "3050.72000000", "time": "2025-07-15T16:38:09.686362Z", "fetched_at": "2025-07-15T16:39:33.401939+00:00", "symbol": "ETH-USD"}, {"trade_id": 667430802, "side": "sell", "size": "0.00100000", "price": "3050.49000000", "time": "2025-07-15T16:38:09.686362Z", "fetched_at": "2025-07-15T16:39:33.401939+00:00", "symbol": "ETH-USD"}, {"trade_id": 667430801, "side": "sell", "size": "0.00024001", "price": "3050.46000000", "time": "2025-07-15T16:38:09.686362Z", "fetched_at": "2025-07-15T16:39:33.401939+00:00", "symbol": "ETH-USD"}, {"trade_id": 667430800, "side": "sell", "size": "0.00185193", "price": "3050.46000000", "time": "2025-07-15T16:38:09.686362Z", "fetched_at": "2025-07-15T16:39:33.401939+00:00", "symbol": "ETH-USD"}, {"trade_id": 667430799, "side": "sell", "size": "1.00000000", "price": "3050.42000000", "time": "2025-07-15T16:38:09.686362Z", "fetched_at": "2025-07-15T16:39:33.401939+00:00", "symbol": "ETH-USD"}, {"trade_id": 667430798, "side": "sell", "size": "0.00009808", "price": "3050.42000000", "time": "2025-07-15T16:38:09.686362Z", "fetched_at": "2025-07-15T16:39:33.401939+00:00", "symbol": "ETH-USD"}, {"trade_id": 667430797, "side": "sell", "size": "2.30355390", "price": "3050.29000000", "time": "2025-07-15T16:38:09.157231Z", "fetched_at": "2025-07-15T16:39:33.401939+00:00", "symbol": "ETH-USD"}, {"trade_id": 667430796, "side": "sell", "size": "0.11257653", "price": "3050.29000000", "time": "2025-07-15T16:38:09.155478Z", "fetched_at": "2025-07-15T16:39:33.401939+00:00", "symbol": "ETH-USD"}, {"trade_id": 667430795, "side": "sell", "size": "0.95169216", "price": "3050.29000000", "time": "2025-07-15T16:38:09.154770Z", "fetched_at": "2025-07-15T16:39:33.401939+00:00", "symbol": "ETH-USD"}, {"trade_id": 667430794, "side": "sell", "size": "0.54386070", "price": "3050.29000000", "time": "2025-07-15T16:38:09.153871Z", "fetched_at": "2025-07-15T16:39:33.401939+00:00", "symbol": "ETH-USD"}, {"trade_id": 667430793, "side": "sell", "size": "2.34233392", "price": "3050.29000000", "time": "2025-07-15T16:38:09.153754Z", "fetched_at": "2025-07-15T16:39:33.401939+00:00", "symbol": "ETH-USD"}, {"trade_id": 667430792, "side": "sell", "size": "0.30006882", "price": "3050.29000000", "time": "2025-07-15T16:38:09.151577Z", "fetched_at": "2025-07-15T16:39:33.401939+00:00", "symbol": "ETH-USD"}, {"trade_id": 667430791, "side": "sell", "size": "0.44591397", "price": "3050.29000000", "time": "2025-07-15T16:38:09.150777Z", "fetched_at": "2025-07-15T16:39:33.401939+00:00", "symbol": "ETH-USD"}, {"trade_id": 667430790, "side": "sell", "size": "0.00782112", "price": "3050.29000000", "time": "2025-07-15T16:38:09.150777Z", "fetched_at": "2025-07-15T16:39:33.401939+00:00", "symbol": "ETH-USD"}, {"trade_id": 667430789, "side": "sell", "size": "0.44200522", "price": "3050.29000000", "time": "2025-07-15T16:38:09.150269Z", "fetched_at": "2025-07-15T16:39:33.401939+00:00", "symbol": "ETH-USD"}, {"trade_id": 667430788, "side": "sell", "size": "1.35703119", "price": "3050.29000000", "time": "2025-07-15T16:38:09.150116Z", "fetched_at": "2025-07-15T16:39:33.401939+00:00", "symbol": "ETH-USD"}, {"trade_id": 667430787, "side": "sell", "size": "0.44763342", "price": "3050.29000000", "time": "2025-07-15T16:38:09.149943Z", "fetched_at": "2025-07-15T16:39:33.401939+00:00", "symbol": "ETH-USD"}, {"trade_id": 667430786, "side": "sell", "size": "0.74550905", "price": "3050.29000000", "time": "2025-07-15T16:38:09.149904Z", "fetched_at": "2025-07-15T16:39:33.401939+00:00", "symbol": "ETH-USD"}, {"trade_id": 667430785, "side": "sell", "size": "0.00327902", "price": "3050.28000000", "time": "2025-07-15T16:38:09.145554Z", "fetched_at": "2025-07-15T16:39:33.401939+00:00", "symbol": "ETH-USD"}, {"trade_id": 667430784, "side": "sell", "size": "0.00026478", "price": "3050.26000000", "time": "2025-07-15T16:38:09.145554Z", "fetched_at": "2025-07-15T16:39:33.401939+00:00", "symbol": "ETH-USD"}, {"trade_id": 667430783, "side": "sell", "size": "0.00100000", "price": "3050.26000000", "time": "2025-07-15T16:38:09.145554Z", "fetched_at": "2025-07-15T16:39:33.401939+00:00", "symbol": "ETH-USD"}, {"trade_id": 667430782, "side": "sell", "size": "0.00126264", "price": "3050.04000000", "time": "2025-07-15T16:38:09.008805Z", "fetched_at": "2025-07-15T16:39:33.401939+00:00", "symbol": "ETH-USD"}, {"trade_id": 667430781, "side": "sell", "size": "0.00027507", "price": "3050.04000000", "time": "2025-07-15T16:38:09.008805Z", "fetched_at": "2025-07-15T16:39:33.401939+00:00", "symbol": "ETH-USD"}, {"trade_id": 667430780, "side": "sell", "size": "0.00010334", "price": "3050.04000000", "time": "2025-07-15T16:38:09.008805Z", "fetched_at": "2025-07-15T16:39:33.401939+00:00", "symbol": "ETH-USD"}, {"trade_id": 667430779, "side": "sell", "size": "0.00063134", "price": "3049.93000000", "time": "2025-07-15T16:38:08.877727Z", "fetched_at": "2025-07-15T16:39:33.401939+00:00", "symbol": "ETH-USD"}, {"trade_id": 667430778, "side": "sell", "size": "0.00327902", "price": "3049.89000000", "time": "2025-07-15T16:38:08.552095Z", "fetched_at": "2025-07-15T16:39:33.401939+00:00", "symbol": "ETH-USD"}, {"trade_id": 667430777, "side": "sell", "size": "0.08856723", "price": "3049.87000000", "time": "2025-07-15T16:38:08.552095Z", "fetched_at": "2025-07-15T16:39:33.401939+00:00", "symbol": "ETH-USD"}, {"trade_id": 667430776, "side": "sell", "size": "0.75000505", "price": "3049.70000000", "time": "2025-07-15T16:38:08.536797Z", "fetched_at": "2025-07-15T16:39:33.401939+00:00", "symbol": "ETH-USD"}, {"trade_id": 667430775, "side": "sell", "size": "0.24999495", "price": "3049.70000000", "time": "2025-07-15T16:38:06.489181Z", "fetched_at": "2025-07-15T16:39:33.401939+00:00", "symbol": "ETH-USD"}