[{"trade_id": 667359350, "side": "buy", "size": "0.00131552", "price": "3033.01000000", "time": "2025-07-15T14:39:30.585767Z", "fetched_at": "2025-07-15T14:39:32.910948+00:00", "symbol": "ETH-USD"}, {"trade_id": 667359349, "side": "buy", "size": "0.00232112", "price": "3033.01000000", "time": "2025-07-15T14:39:30.585767Z", "fetched_at": "2025-07-15T14:39:32.910948+00:00", "symbol": "ETH-USD"}, {"trade_id": 667359348, "side": "buy", "size": "0.03496196", "price": "3033.01000000", "time": "2025-07-15T14:39:30.585767Z", "fetched_at": "2025-07-15T14:39:32.910948+00:00", "symbol": "ETH-USD"}, {"trade_id": 667359347, "side": "buy", "size": "0.00100000", "price": "3033.01000000", "time": "2025-07-15T14:39:30.585767Z", "fetched_at": "2025-07-15T14:39:32.910948+00:00", "symbol": "ETH-USD"}, {"trade_id": 667359346, "side": "sell", "size": "0.37528297", "price": "3033.20000000", "time": "2025-07-15T14:39:30.509252Z", "fetched_at": "2025-07-15T14:39:32.910948+00:00", "symbol": "ETH-USD"}, {"trade_id": 667359345, "side": "sell", "size": "0.00132536", "price": "3033.19000000", "time": "2025-07-15T14:39:30.509252Z", "fetched_at": "2025-07-15T14:39:32.910948+00:00", "symbol": "ETH-USD"}, {"trade_id": 667359344, "side": "sell", "size": "0.16484529", "price": "3033.15000000", "time": "2025-07-15T14:39:30.509252Z", "fetched_at": "2025-07-15T14:39:32.910948+00:00", "symbol": "ETH-USD"}, {"trade_id": 667359343, "side": "sell", "size": "0.08233275", "price": "3033.02000000", "time": "2025-07-15T14:39:30.509252Z", "fetched_at": "2025-07-15T14:39:32.910948+00:00", "symbol": "ETH-USD"}, {"trade_id": 667359342, "side": "sell", "size": "0.27179000", "price": "3033.02000000", "time": "2025-07-15T14:39:30.509252Z", "fetched_at": "2025-07-15T14:39:32.910948+00:00", "symbol": "ETH-USD"}, {"trade_id": 667359341, "side": "sell", "size": "0.51349622", "price": "3033.02000000", "time": "2025-07-15T14:39:30.509252Z", "fetched_at": "2025-07-15T14:39:32.910948+00:00", "symbol": "ETH-USD"}, {"trade_id": 667359340, "side": "sell", "size": "0.97200000", "price": "3033.02000000", "time": "2025-07-15T14:39:30.509252Z", "fetched_at": "2025-07-15T14:39:32.910948+00:00", "symbol": "ETH-USD"}, {"trade_id": 667359339, "side": "buy", "size": "0.09849000", "price": "3033.23000000", "time": "2025-07-15T14:39:30.169926Z", "fetched_at": "2025-07-15T14:39:32.910948+00:00", "symbol": "ETH-USD"}, {"trade_id": 667359338, "side": "buy", "size": "0.00365285", "price": "3033.24000000", "time": "2025-07-15T14:39:30.072535Z", "fetched_at": "2025-07-15T14:39:32.910948+00:00", "symbol": "ETH-USD"}, {"trade_id": 667359337, "side": "buy", "size": "0.00100000", "price": "3033.24000000", "time": "2025-07-15T14:39:30.072535Z", "fetched_at": "2025-07-15T14:39:32.910948+00:00", "symbol": "ETH-USD"}, {"trade_id": 667359336, "side": "buy", "size": "0.09849000", "price": "3033.37000000", "time": "2025-07-15T14:39:30.069374Z", "fetched_at": "2025-07-15T14:39:32.910948+00:00", "symbol": "ETH-USD"}, {"trade_id": 667359335, "side": "buy", "size": "0.09849000", "price": "3033.38000000", "time": "2025-07-15T14:39:30.025385Z", "fetched_at": "2025-07-15T14:39:32.910948+00:00", "symbol": "ETH-USD"}, {"trade_id": 667359334, "side": "buy", "size": "0.00262743", "price": "3033.38000000", "time": "2025-07-15T14:39:30.025385Z", "fetched_at": "2025-07-15T14:39:32.910948+00:00", "symbol": "ETH-USD"}, {"trade_id": 667359333, "side": "buy", "size": "0.00463839", "price": "3033.38000000", "time": "2025-07-15T14:39:30.025385Z", "fetched_at": "2025-07-15T14:39:32.910948+00:00", "symbol": "ETH-USD"}, {"trade_id": 667359332, "side": "buy", "size": "0.00181231", "price": "3033.39000000", "time": "2025-07-15T14:39:29.460302Z", "fetched_at": "2025-07-15T14:39:32.910948+00:00", "symbol": "ETH-USD"}, {"trade_id": 667359331, "side": "buy", "size": "0.00421970", "price": "3033.39000000", "time": "2025-07-15T14:39:29.460302Z", "fetched_at": "2025-07-15T14:39:32.910948+00:00", "symbol": "ETH-USD"}, {"trade_id": 667359330, "side": "buy", "size": "0.00000329", "price": "3033.39000000", "time": "2025-07-15T14:39:29.460302Z", "fetched_at": "2025-07-15T14:39:32.910948+00:00", "symbol": "ETH-USD"}, {"trade_id": 667359329, "side": "buy", "size": "0.00000988", "price": "3033.39000000", "time": "2025-07-15T14:39:29.460302Z", "fetched_at": "2025-07-15T14:39:32.910948+00:00", "symbol": "ETH-USD"}, {"trade_id": 667359328, "side": "buy", "size": "0.04626506", "price": "3033.39000000", "time": "2025-07-15T14:39:29.460302Z", "fetched_at": "2025-07-15T14:39:32.910948+00:00", "symbol": "ETH-USD"}, {"trade_id": 667359327, "side": "buy", "size": "0.02040237", "price": "3033.47000000", "time": "2025-07-15T14:39:28.177058Z", "fetched_at": "2025-07-15T14:39:32.910948+00:00", "symbol": "ETH-USD"}, {"trade_id": 667359326, "side": "buy", "size": "0.00100000", "price": "3033.47000000", "time": "2025-07-15T14:39:28.177058Z", "fetched_at": "2025-07-15T14:39:32.910948+00:00", "symbol": "ETH-USD"}, {"trade_id": 667359325, "side": "buy", "size": "0.53529223", "price": "3033.67000000", "time": "2025-07-15T14:39:26.852749Z", "fetched_at": "2025-07-15T14:39:32.910948+00:00", "symbol": "ETH-USD"}, {"trade_id": 667359324, "side": "buy", "size": "0.00271415", "price": "3033.67000000", "time": "2025-07-15T14:39:26.852749Z", "fetched_at": "2025-07-15T14:39:32.910948+00:00", "symbol": "ETH-USD"}, {"trade_id": 667359323, "side": "buy", "size": "0.00210951", "price": "3033.87000000", "time": "2025-07-15T14:39:26.465613Z", "fetched_at": "2025-07-15T14:39:32.910948+00:00", "symbol": "ETH-USD"}, {"trade_id": 667359322, "side": "buy", "size": "0.00181616", "price": "3033.87000000", "time": "2025-07-15T14:39:26.465613Z", "fetched_at": "2025-07-15T14:39:32.910948+00:00", "symbol": "ETH-USD"}, {"trade_id": 667359321, "side": "buy", "size": "0.15139324", "price": "3033.87000000", "time": "2025-07-15T14:39:26.465613Z", "fetched_at": "2025-07-15T14:39:32.910948+00:00", "symbol": "ETH-USD"}, {"trade_id": 667359320, "side": "buy", "size": "0.09849000", "price": "3034.00000000", "time": "2025-07-15T14:39:25.456918Z", "fetched_at": "2025-07-15T14:39:32.910948+00:00", "symbol": "ETH-USD"}, {"trade_id": 667359319, "side": "sell", "size": "0.01658416", "price": "3034.12000000", "time": "2025-07-15T14:39:25.396274Z", "fetched_at": "2025-07-15T14:39:32.910948+00:00", "symbol": "ETH-USD"}, {"trade_id": 667359318, "side": "sell", "size": "0.00217393", "price": "3034.11000000", "time": "2025-07-15T14:39:25.396274Z", "fetched_at": "2025-07-15T14:39:32.910948+00:00", "symbol": "ETH-USD"}, {"trade_id": 667359317, "side": "sell", "size": "0.00100000", "price": "3033.93000000", "time": "2025-07-15T14:39:25.396274Z", "fetched_at": "2025-07-15T14:39:32.910948+00:00", "symbol": "ETH-USD"}, {"trade_id": 667359316, "side": "sell", "size": "0.00024002", "price": "3033.81000000", "time": "2025-07-15T14:39:25.396274Z", "fetched_at": "2025-07-15T14:39:32.910948+00:00", "symbol": "ETH-USD"}, {"trade_id": 667359315, "side": "sell", "size": "0.01898464", "price": "3033.81000000", "time": "2025-07-15T14:39:25.396274Z", "fetched_at": "2025-07-15T14:39:32.910948+00:00", "symbol": "ETH-USD"}, {"trade_id": 667359314, "side": "sell", "size": "0.00010335", "price": "3033.81000000", "time": "2025-07-15T14:39:25.396274Z", "fetched_at": "2025-07-15T14:39:32.910948+00:00", "symbol": "ETH-USD"}, {"trade_id": 667359313, "side": "sell", "size": "0.00085802", "price": "3033.81000000", "time": "2025-07-15T14:39:25.396274Z", "fetched_at": "2025-07-15T14:39:32.910948+00:00", "symbol": "ETH-USD"}, {"trade_id": 667359312, "side": "sell", "size": "0.00005588", "price": "3033.55000000", "time": "2025-07-15T14:39:25.396274Z", "fetched_at": "2025-07-15T14:39:32.910948+00:00", "symbol": "ETH-USD"}, {"trade_id": 667359311, "side": "sell", "size": "0.80000000", "price": "3033.53000000", "time": "2025-07-15T14:39:25.058506Z", "fetched_at": "2025-07-15T14:39:32.910948+00:00", "symbol": "ETH-USD"}, {"trade_id": 667359310, "side": "sell", "size": "0.00744901", "price": "3033.52000000", "time": "2025-07-15T14:39:25.049007Z", "fetched_at": "2025-07-15T14:39:32.910948+00:00", "symbol": "ETH-USD"}, {"trade_id": 667359309, "side": "sell", "size": "0.07977897", "price": "3033.52000000", "time": "2025-07-15T14:39:25.049007Z", "fetched_at": "2025-07-15T14:39:32.910948+00:00", "symbol": "ETH-USD"}, {"trade_id": 667359308, "side": "sell", "size": "0.05578109", "price": "3033.40000000", "time": "2025-07-15T14:39:25.049007Z", "fetched_at": "2025-07-15T14:39:32.910948+00:00", "symbol": "ETH-USD"}, {"trade_id": 667359307, "side": "sell", "size": "0.38395968", "price": "3033.48000000", "time": "2025-07-15T14:39:24.490178Z", "fetched_at": "2025-07-15T14:39:32.910948+00:00", "symbol": "ETH-USD"}, {"trade_id": 667359306, "side": "sell", "size": "0.10430000", "price": "3033.48000000", "time": "2025-07-15T14:39:24.490178Z", "fetched_at": "2025-07-15T14:39:32.910948+00:00", "symbol": "ETH-USD"}, {"trade_id": 667359305, "side": "sell", "size": "0.00222471", "price": "3033.48000000", "time": "2025-07-15T14:39:24.490178Z", "fetched_at": "2025-07-15T14:39:32.910948+00:00", "symbol": "ETH-USD"}, {"trade_id": 667359304, "side": "sell", "size": "0.15000000", "price": "3033.48000000", "time": "2025-07-15T14:39:24.490178Z", "fetched_at": "2025-07-15T14:39:32.910948+00:00", "symbol": "ETH-USD"}, {"trade_id": 667359303, "side": "buy", "size": "0.00182627", "price": "3033.50000000", "time": "2025-07-15T14:39:24.363706Z", "fetched_at": "2025-07-15T14:39:32.910948+00:00", "symbol": "ETH-USD"}, {"trade_id": 667359302, "side": "sell", "size": "0.08838953", "price": "3033.51000000", "time": "2025-07-15T14:39:24.231245Z", "fetched_at": "2025-07-15T14:39:32.910948+00:00", "symbol": "ETH-USD"}, {"trade_id": 667359301, "side": "sell", "size": "0.07254263", "price": "3033.51000000", "time": "2025-07-15T14:39:24.231245Z", "fetched_at": "2025-07-15T14:39:32.910948+00:00", "symbol": "ETH-USD"}, {"trade_id": 667359300, "side": "sell", "size": "0.00222471", "price": "3033.51000000", "time": "2025-07-15T14:39:24.231245Z", "fetched_at": "2025-07-15T14:39:32.910948+00:00", "symbol": "ETH-USD"}, {"trade_id": 667359299, "side": "buy", "size": "0.09849000", "price": "3033.40000000", "time": "2025-07-15T14:39:23.346931Z", "fetched_at": "2025-07-15T14:39:32.910948+00:00", "symbol": "ETH-USD"}, {"trade_id": 667359298, "side": "buy", "size": "0.00151793", "price": "3033.68000000", "time": "2025-07-15T14:39:22.871230Z", "fetched_at": "2025-07-15T14:39:32.910948+00:00", "symbol": "ETH-USD"}, {"trade_id": 667359297, "side": "buy", "size": "0.02067374", "price": "3033.80000000", "time": "2025-07-15T14:39:22.765628Z", "fetched_at": "2025-07-15T14:39:32.910948+00:00", "symbol": "ETH-USD"}, {"trade_id": 667359296, "side": "buy", "size": "0.53364097", "price": "3033.80000000", "time": "2025-07-15T14:39:22.765628Z", "fetched_at": "2025-07-15T14:39:32.910948+00:00", "symbol": "ETH-USD"}, {"trade_id": 667359295, "side": "buy", "size": "0.02177137", "price": "3033.80000000", "time": "2025-07-15T14:39:22.765628Z", "fetched_at": "2025-07-15T14:39:32.910948+00:00", "symbol": "ETH-USD"}, {"trade_id": 667359294, "side": "sell", "size": "0.25713838", "price": "3034.27000000", "time": "2025-07-15T14:39:20.881506Z", "fetched_at": "2025-07-15T14:39:32.910948+00:00", "symbol": "ETH-USD"}, {"trade_id": 667359293, "side": "sell", "size": "1.29544832", "price": "3034.23000000", "time": "2025-07-15T14:39:20.881506Z", "fetched_at": "2025-07-15T14:39:32.910948+00:00", "symbol": "ETH-USD"}, {"trade_id": 667359292, "side": "sell", "size": "1.36046899", "price": "3034.20000000", "time": "2025-07-15T14:39:20.881506Z", "fetched_at": "2025-07-15T14:39:32.910948+00:00", "symbol": "ETH-USD"}, {"trade_id": 667359291, "side": "sell", "size": "0.66937166", "price": "3034.20000000", "time": "2025-07-15T14:39:20.881506Z", "fetched_at": "2025-07-15T14:39:32.910948+00:00", "symbol": "ETH-USD"}, {"trade_id": 667359290, "side": "sell", "size": "2.52522338", "price": "3034.16000000", "time": "2025-07-15T14:39:20.881506Z", "fetched_at": "2025-07-15T14:39:32.910948+00:00", "symbol": "ETH-USD"}, {"trade_id": 667359289, "side": "sell", "size": "0.00100000", "price": "3034.16000000", "time": "2025-07-15T14:39:20.881506Z", "fetched_at": "2025-07-15T14:39:32.910948+00:00", "symbol": "ETH-USD"}, {"trade_id": 667359288, "side": "sell", "size": "0.00085747", "price": "3034.15000000", "time": "2025-07-15T14:39:20.881506Z", "fetched_at": "2025-07-15T14:39:32.910948+00:00", "symbol": "ETH-USD"}, {"trade_id": 667359287, "side": "sell", "size": "0.64919790", "price": "3034.15000000", "time": "2025-07-15T14:39:20.881506Z", "fetched_at": "2025-07-15T14:39:32.910948+00:00", "symbol": "ETH-USD"}, {"trade_id": 667359286, "side": "sell", "size": "0.51079102", "price": "3034.09000000", "time": "2025-07-15T14:39:20.881506Z", "fetched_at": "2025-07-15T14:39:32.910948+00:00", "symbol": "ETH-USD"}, {"trade_id": 667359285, "side": "sell", "size": "1.31197900", "price": "3034.04000000", "time": "2025-07-15T14:39:20.881506Z", "fetched_at": "2025-07-15T14:39:32.910948+00:00", "symbol": "ETH-USD"}, {"trade_id": 667359284, "side": "sell", "size": "0.01072368", "price": "3034.03000000", "time": "2025-07-15T14:39:20.881506Z", "fetched_at": "2025-07-15T14:39:32.910948+00:00", "symbol": "ETH-USD"}, {"trade_id": 667359283, "side": "sell", "size": "0.97200000", "price": "3033.97000000", "time": "2025-07-15T14:39:20.881506Z", "fetched_at": "2025-07-15T14:39:32.910948+00:00", "symbol": "ETH-USD"}, {"trade_id": 667359282, "side": "sell", "size": "0.82400862", "price": "3033.95000000", "time": "2025-07-15T14:39:20.881506Z", "fetched_at": "2025-07-15T14:39:32.910948+00:00", "symbol": "ETH-USD"}, {"trade_id": 667359281, "side": "sell", "size": "0.00100000", "price": "3033.93000000", "time": "2025-07-15T14:39:20.881506Z", "fetched_at": "2025-07-15T14:39:32.910948+00:00", "symbol": "ETH-USD"}, {"trade_id": 667359280, "side": "sell", "size": "2.49209759", "price": "3033.85000000", "time": "2025-07-15T14:39:20.881506Z", "fetched_at": "2025-07-15T14:39:32.910948+00:00", "symbol": "ETH-USD"}, {"trade_id": 667359279, "side": "sell", "size": "0.00223288", "price": "3033.83000000", "time": "2025-07-15T14:39:20.881506Z", "fetched_at": "2025-07-15T14:39:32.910948+00:00", "symbol": "ETH-USD"}, {"trade_id": 667359278, "side": "sell", "size": "0.58097116", "price": "3033.81000000", "time": "2025-07-15T14:39:20.881506Z", "fetched_at": "2025-07-15T14:39:32.910948+00:00", "symbol": "ETH-USD"}, {"trade_id": 667359277, "side": "sell", "size": "0.36744014", "price": "3033.71000000", "time": "2025-07-15T14:39:20.881506Z", "fetched_at": "2025-07-15T14:39:32.910948+00:00", "symbol": "ETH-USD"}, {"trade_id": 667359276, "side": "sell", "size": "0.00100000", "price": "3033.70000000", "time": "2025-07-15T14:39:20.881506Z", "fetched_at": "2025-07-15T14:39:32.910948+00:00", "symbol": "ETH-USD"}, {"trade_id": 667359275, "side": "sell", "size": "0.00024002", "price": "3033.68000000", "time": "2025-07-15T14:39:20.881506Z", "fetched_at": "2025-07-15T14:39:32.910948+00:00", "symbol": "ETH-USD"}, {"trade_id": 667359274, "side": "sell", "size": "0.82409289", "price": "3033.64000000", "time": "2025-07-15T14:39:20.881506Z", "fetched_at": "2025-07-15T14:39:32.910948+00:00", "symbol": "ETH-USD"}, {"trade_id": 667359273, "side": "sell", "size": "0.16482502", "price": "3033.52000000", "time": "2025-07-15T14:39:20.881506Z", "fetched_at": "2025-07-15T14:39:32.910948+00:00", "symbol": "ETH-USD"}, {"trade_id": 667359272, "side": "sell", "size": "0.04203993", "price": "3033.51000000", "time": "2025-07-15T14:39:20.881506Z", "fetched_at": "2025-07-15T14:39:32.910948+00:00", "symbol": "ETH-USD"}, {"trade_id": 667359271, "side": "sell", "size": "0.00185195", "price": "3033.51000000", "time": "2025-07-15T14:39:20.881506Z", "fetched_at": "2025-07-15T14:39:32.910948+00:00", "symbol": "ETH-USD"}, {"trade_id": 667359270, "side": "sell", "size": "0.90000000", "price": "3033.49000000", "time": "2025-07-15T14:39:20.881506Z", "fetched_at": "2025-07-15T14:39:32.910948+00:00", "symbol": "ETH-USD"}, {"trade_id": 667359269, "side": "buy", "size": "0.09849000", "price": "3033.67000000", "time": "2025-07-15T14:39:20.580936Z", "fetched_at": "2025-07-15T14:39:32.910948+00:00", "symbol": "ETH-USD"}, {"trade_id": 667359268, "side": "sell", "size": "0.08863254", "price": "3033.52000000", "time": "2025-07-15T14:39:20.332736Z", "fetched_at": "2025-07-15T14:39:32.910948+00:00", "symbol": "ETH-USD"}, {"trade_id": 667359267, "side": "sell", "size": "0.00005589", "price": "3033.36000000", "time": "2025-07-15T14:39:20.332736Z", "fetched_at": "2025-07-15T14:39:32.910948+00:00", "symbol": "ETH-USD"}, {"trade_id": 667359266, "side": "sell", "size": "0.00741933", "price": "3033.30000000", "time": "2025-07-15T14:39:20.332736Z", "fetched_at": "2025-07-15T14:39:32.910948+00:00", "symbol": "ETH-USD"}, {"trade_id": 667359265, "side": "buy", "size": "0.09429000", "price": "3033.26000000", "time": "2025-07-15T14:39:20.310415Z", "fetched_at": "2025-07-15T14:39:32.910948+00:00", "symbol": "ETH-USD"}, {"trade_id": 667359264, "side": "buy", "size": "0.14143000", "price": "3033.35000000", "time": "2025-07-15T14:39:20.310415Z", "fetched_at": "2025-07-15T14:39:32.910948+00:00", "symbol": "ETH-USD"}, {"trade_id": 667359263, "side": "buy", "size": "0.09849000", "price": "3033.35000000", "time": "2025-07-15T14:39:20.310415Z", "fetched_at": "2025-07-15T14:39:32.910948+00:00", "symbol": "ETH-USD"}, {"trade_id": 667359262, "side": "sell", "size": "0.04451156", "price": "3032.96000000", "time": "2025-07-15T14:39:20.304407Z", "fetched_at": "2025-07-15T14:39:32.910948+00:00", "symbol": "ETH-USD"}, {"trade_id": 667359261, "side": "sell", "size": "0.00010334", "price": "3032.96000000", "time": "2025-07-15T14:39:20.304407Z", "fetched_at": "2025-07-15T14:39:32.910948+00:00", "symbol": "ETH-USD"}, {"trade_id": 667359260, "side": "sell", "size": "2.09074249", "price": "3032.96000000", "time": "2025-07-15T14:39:20.304407Z", "fetched_at": "2025-07-15T14:39:32.910948+00:00", "symbol": "ETH-USD"}, {"trade_id": 667359259, "side": "sell", "size": "0.31430024", "price": "3032.96000000", "time": "2025-07-15T14:39:20.303668Z", "fetched_at": "2025-07-15T14:39:32.910948+00:00", "symbol": "ETH-USD"}, {"trade_id": 667359258, "side": "sell", "size": "0.27738397", "price": "3032.96000000", "time": "2025-07-15T14:39:20.303644Z", "fetched_at": "2025-07-15T14:39:32.910948+00:00", "symbol": "ETH-USD"}, {"trade_id": 667359257, "side": "sell", "size": "2.09075263", "price": "3032.96000000", "time": "2025-07-15T14:39:20.303077Z", "fetched_at": "2025-07-15T14:39:32.910948+00:00", "symbol": "ETH-USD"}, {"trade_id": 667359256, "side": "sell", "size": "3.07823674", "price": "3032.96000000", "time": "2025-07-15T14:39:20.302984Z", "fetched_at": "2025-07-15T14:39:32.910948+00:00", "symbol": "ETH-USD"}, {"trade_id": 667359255, "side": "sell", "size": "2.13793379", "price": "3032.96000000", "time": "2025-07-15T14:39:20.302689Z", "fetched_at": "2025-07-15T14:39:32.910948+00:00", "symbol": "ETH-USD"}, {"trade_id": 667359254, "side": "sell", "size": "0.01065014", "price": "3032.96000000", "time": "2025-07-15T14:39:19.865002Z", "fetched_at": "2025-07-15T14:39:32.910948+00:00", "symbol": "ETH-USD"}, {"trade_id": 667359253, "side": "sell", "size": "0.05489760", "price": "3032.81000000", "time": "2025-07-15T14:39:19.770655Z", "fetched_at": "2025-07-15T14:39:32.910948+00:00", "symbol": "ETH-USD"}, {"trade_id": 667359252, "side": "sell", "size": "0.00185192", "price": "3032.79000000", "time": "2025-07-15T14:39:19.770655Z", "fetched_at": "2025-07-15T14:39:32.910948+00:00", "symbol": "ETH-USD"}, {"trade_id": 667359251, "side": "sell", "size": "0.05563833", "price": "3032.77000000", "time": "2025-07-15T14:39:19.770655Z", "fetched_at": "2025-07-15T14:39:32.910948+00:00", "symbol": "ETH-USD"}, {"trade_id": 667359250, "side": "sell", "size": "0.62552940", "price": "3032.77000000", "time": "2025-07-15T14:39:19.770655Z", "fetched_at": "2025-07-15T14:39:32.910948+00:00", "symbol": "ETH-USD"}, {"trade_id": 667359249, "side": "sell", "size": "0.27128684", "price": "3032.77000000", "time": "2025-07-15T14:39:19.509589Z", "fetched_at": "2025-07-15T14:39:32.910948+00:00", "symbol": "ETH-USD"}, {"trade_id": 667359248, "side": "sell", "size": "0.00318376", "price": "3032.77000000", "time": "2025-07-15T14:39:19.239069Z", "fetched_at": "2025-07-15T14:39:32.910948+00:00", "symbol": "ETH-USD"}, {"trade_id": 667359247, "side": "buy", "size": "0.03268947", "price": "3032.78000000", "time": "2025-07-15T14:39:18.996723Z", "fetched_at": "2025-07-15T14:39:32.910948+00:00", "symbol": "ETH-USD"}, {"trade_id": 667359246, "side": "buy", "size": "0.00100000", "price": "3032.78000000", "time": "2025-07-15T14:39:18.996723Z", "fetched_at": "2025-07-15T14:39:32.910948+00:00", "symbol": "ETH-USD"}, {"trade_id": 667359245, "side": "sell", "size": "0.00155108", "price": "3032.79000000", "time": "2025-07-15T14:39:18.869181Z", "fetched_at": "2025-07-15T14:39:32.910948+00:00", "symbol": "ETH-USD"}, {"trade_id": 667359244, "side": "buy", "size": "0.00100000", "price": "3033.01000000", "time": "2025-07-15T14:39:18.372992Z", "fetched_at": "2025-07-15T14:39:32.910948+00:00", "symbol": "ETH-USD"}, {"trade_id": 667359243, "side": "buy", "size": "0.08080794", "price": "3033.14000000", "time": "2025-07-15T14:39:18.372992Z", "fetched_at": "2025-07-15T14:39:32.910948+00:00", "symbol": "ETH-USD"}, {"trade_id": 667359242, "side": "buy", "size": "0.01659611", "price": "3033.24000000", "time": "2025-07-15T14:39:18.372992Z", "fetched_at": "2025-07-15T14:39:32.910948+00:00", "symbol": "ETH-USD"}, {"trade_id": 667359241, "side": "buy", "size": "0.00280558", "price": "3033.24000000", "time": "2025-07-15T14:39:18.372992Z", "fetched_at": "2025-07-15T14:39:32.910948+00:00", "symbol": "ETH-USD"}, {"trade_id": 667359240, "side": "buy", "size": "0.00313855", "price": "3033.24000000", "time": "2025-07-15T14:39:18.372992Z", "fetched_at": "2025-07-15T14:39:32.910948+00:00", "symbol": "ETH-USD"}, {"trade_id": 667359239, "side": "buy", "size": "0.00100000", "price": "3033.24000000", "time": "2025-07-15T14:39:18.372992Z", "fetched_at": "2025-07-15T14:39:32.910948+00:00", "symbol": "ETH-USD"}, {"trade_id": 667359238, "side": "buy", "size": "0.00287910", "price": "3033.35000000", "time": "2025-07-15T14:39:17.985672Z", "fetched_at": "2025-07-15T14:39:32.910948+00:00", "symbol": "ETH-USD"}, {"trade_id": 667359237, "side": "sell", "size": "0.01661000", "price": "3033.36000000", "time": "2025-07-15T14:39:17.940485Z", "fetched_at": "2025-07-15T14:39:32.910948+00:00", "symbol": "ETH-USD"}, {"trade_id": 667359236, "side": "buy", "size": "0.00001648", "price": "3033.67000000", "time": "2025-07-15T14:39:17.853275Z", "fetched_at": "2025-07-15T14:39:32.910948+00:00", "symbol": "ETH-USD"}, {"trade_id": 667359235, "side": "buy", "size": "0.02561254", "price": "3033.67000000", "time": "2025-07-15T14:39:17.853275Z", "fetched_at": "2025-07-15T14:39:32.910948+00:00", "symbol": "ETH-USD"}, {"trade_id": 667359234, "side": "buy", "size": "0.53630421", "price": "3033.67000000", "time": "2025-07-15T14:39:17.853275Z", "fetched_at": "2025-07-15T14:39:32.910948+00:00", "symbol": "ETH-USD"}, {"trade_id": 667359233, "side": "sell", "size": "0.03019878", "price": "3033.68000000", "time": "2025-07-15T14:39:16.897601Z", "fetched_at": "2025-07-15T14:39:32.910948+00:00", "symbol": "ETH-USD"}, {"trade_id": 667359232, "side": "sell", "size": "0.00185130", "price": "3033.68000000", "time": "2025-07-15T14:39:16.897601Z", "fetched_at": "2025-07-15T14:39:32.910948+00:00", "symbol": "ETH-USD"}, {"trade_id": 667359231, "side": "buy", "size": "0.09849000", "price": "3033.64000000", "time": "2025-07-15T14:39:16.567114Z", "fetched_at": "2025-07-15T14:39:32.910948+00:00", "symbol": "ETH-USD"}, {"trade_id": 667359230, "side": "buy", "size": "0.77402354", "price": "3033.40000000", "time": "2025-07-15T14:39:16.180257Z", "fetched_at": "2025-07-15T14:39:32.910948+00:00", "symbol": "ETH-USD"}, {"trade_id": 667359229, "side": "buy", "size": "0.76047132", "price": "3033.40000000", "time": "2025-07-15T14:39:16.177900Z", "fetched_at": "2025-07-15T14:39:32.910948+00:00", "symbol": "ETH-USD"}, {"trade_id": 667359228, "side": "buy", "size": "0.46876888", "price": "3033.40000000", "time": "2025-07-15T14:39:16.176604Z", "fetched_at": "2025-07-15T14:39:32.910948+00:00", "symbol": "ETH-USD"}, {"trade_id": 667359227, "side": "buy", "size": "0.61111794", "price": "3033.40000000", "time": "2025-07-15T14:39:16.176452Z", "fetched_at": "2025-07-15T14:39:32.910948+00:00", "symbol": "ETH-USD"}, {"trade_id": 667359226, "side": "buy", "size": "0.84249245", "price": "3033.44000000", "time": "2025-07-15T14:39:16.175641Z", "fetched_at": "2025-07-15T14:39:32.910948+00:00", "symbol": "ETH-USD"}, {"trade_id": 667359225, "side": "buy", "size": "11.90706201", "price": "3033.44000000", "time": "2025-07-15T14:39:16.175641Z", "fetched_at": "2025-07-15T14:39:32.910948+00:00", "symbol": "ETH-USD"}, {"trade_id": 667359224, "side": "buy", "size": "2.23801108", "price": "3033.44000000", "time": "2025-07-15T14:39:16.175641Z", "fetched_at": "2025-07-15T14:39:32.910948+00:00", "symbol": "ETH-USD"}, {"trade_id": 667359223, "side": "buy", "size": "0.15000000", "price": "3033.45000000", "time": "2025-07-15T14:39:16.175641Z", "fetched_at": "2025-07-15T14:39:32.910948+00:00", "symbol": "ETH-USD"}, {"trade_id": 667359222, "side": "buy", "size": "0.06853568", "price": "3033.46000000", "time": "2025-07-15T14:39:16.175641Z", "fetched_at": "2025-07-15T14:39:32.910948+00:00", "symbol": "ETH-USD"}, {"trade_id": 667359221, "side": "buy", "size": "0.00100000", "price": "3033.47000000", "time": "2025-07-15T14:39:16.175641Z", "fetched_at": "2025-07-15T14:39:32.910948+00:00", "symbol": "ETH-USD"}, {"trade_id": 667359220, "side": "buy", "size": "0.02894818", "price": "3033.67000000", "time": "2025-07-15T14:39:16.175033Z", "fetched_at": "2025-07-15T14:39:32.910948+00:00", "symbol": "ETH-USD"}, {"trade_id": 667359219, "side": "buy", "size": "0.17262551", "price": "3033.80000000", "time": "2025-07-15T14:39:16.175033Z", "fetched_at": "2025-07-15T14:39:32.910948+00:00", "symbol": "ETH-USD"}, {"trade_id": 667359218, "side": "buy", "size": "0.00363234", "price": "3033.81000000", "time": "2025-07-15T14:39:16.175033Z", "fetched_at": "2025-07-15T14:39:32.910948+00:00", "symbol": "ETH-USD"}, {"trade_id": 667359217, "side": "buy", "size": "0.02737000", "price": "3033.80000000", "time": "2025-07-15T14:39:16.164569Z", "fetched_at": "2025-07-15T14:39:32.910948+00:00", "symbol": "ETH-USD"}, {"trade_id": 667359216, "side": "buy", "size": "0.02489551", "price": "3033.88000000", "time": "2025-07-15T14:39:16.164569Z", "fetched_at": "2025-07-15T14:39:32.910948+00:00", "symbol": "ETH-USD"}, {"trade_id": 667359215, "side": "buy", "size": "0.14773000", "price": "3033.88000000", "time": "2025-07-15T14:39:16.164569Z", "fetched_at": "2025-07-15T14:39:32.910948+00:00", "symbol": "ETH-USD"}, {"trade_id": 667359214, "side": "sell", "size": "0.03202488", "price": "3033.89000000", "time": "2025-07-15T14:39:16.090314Z", "fetched_at": "2025-07-15T14:39:32.910948+00:00", "symbol": "ETH-USD"}, {"trade_id": 667359213, "side": "buy", "size": "0.06841680", "price": "3034.05000000", "time": "2025-07-15T14:39:15.278219Z", "fetched_at": "2025-07-15T14:39:32.910948+00:00", "symbol": "ETH-USD"}, {"trade_id": 667359212, "side": "buy", "size": "0.13211384", "price": "3034.05000000", "time": "2025-07-15T14:39:15.278219Z", "fetched_at": "2025-07-15T14:39:32.910948+00:00", "symbol": "ETH-USD"}, {"trade_id": 667359211, "side": "buy", "size": "0.09849000", "price": "3034.05000000", "time": "2025-07-15T14:39:15.278219Z", "fetched_at": "2025-07-15T14:39:32.910948+00:00", "symbol": "ETH-USD"}, {"trade_id": 667359210, "side": "sell", "size": "0.01666282", "price": "3034.06000000", "time": "2025-07-15T14:39:14.653499Z", "fetched_at": "2025-07-15T14:39:32.910948+00:00", "symbol": "ETH-USD"}, {"trade_id": 667359209, "side": "sell", "size": "0.01281982", "price": "3034.06000000", "time": "2025-07-15T14:39:14.448358Z", "fetched_at": "2025-07-15T14:39:32.910948+00:00", "symbol": "ETH-USD"}, {"trade_id": 667359208, "side": "buy", "size": "0.09849000", "price": "3034.04000000", "time": "2025-07-15T14:39:14.266076Z", "fetched_at": "2025-07-15T14:39:32.910948+00:00", "symbol": "ETH-USD"}, {"trade_id": 667359207, "side": "buy", "size": "1.21669486", "price": "3033.88000000", "time": "2025-07-15T14:39:13.891310Z", "fetched_at": "2025-07-15T14:39:32.910948+00:00", "symbol": "ETH-USD"}, {"trade_id": 667359206, "side": "buy", "size": "0.09877213", "price": "3033.89000000", "time": "2025-07-15T14:39:13.891310Z", "fetched_at": "2025-07-15T14:39:32.910948+00:00", "symbol": "ETH-USD"}, {"trade_id": 667359205, "side": "buy", "size": "0.01673099", "price": "3033.89000000", "time": "2025-07-15T14:39:13.891310Z", "fetched_at": "2025-07-15T14:39:32.910948+00:00", "symbol": "ETH-USD"}, {"trade_id": 667359204, "side": "buy", "size": "0.00343424", "price": "3034.15000000", "time": "2025-07-15T14:39:13.891310Z", "fetched_at": "2025-07-15T14:39:32.910948+00:00", "symbol": "ETH-USD"}, {"trade_id": 667359203, "side": "buy", "size": "0.53356623", "price": "3034.15000000", "time": "2025-07-15T14:39:13.891310Z", "fetched_at": "2025-07-15T14:39:32.910948+00:00", "symbol": "ETH-USD"}, {"trade_id": 667359202, "side": "buy", "size": "0.03174859", "price": "3034.15000000", "time": "2025-07-15T14:39:13.891310Z", "fetched_at": "2025-07-15T14:39:32.910948+00:00", "symbol": "ETH-USD"}, {"trade_id": 667359201, "side": "buy", "size": "0.00056296", "price": "3034.16000000", "time": "2025-07-15T14:39:13.891310Z", "fetched_at": "2025-07-15T14:39:32.910948+00:00", "symbol": "ETH-USD"}, {"trade_id": 667359200, "side": "buy", "size": "0.09849000", "price": "3034.37000000", "time": "2025-07-15T14:39:13.891310Z", "fetched_at": "2025-07-15T14:39:32.910948+00:00", "symbol": "ETH-USD"}, {"trade_id": 667359199, "side": "buy", "size": "0.09849000", "price": "3034.34000000", "time": "2025-07-15T14:39:13.217273Z", "fetched_at": "2025-07-15T14:39:32.910948+00:00", "symbol": "ETH-USD"}, {"trade_id": 667359198, "side": "buy", "size": "0.15471310", "price": "3034.35000000", "time": "2025-07-15T14:39:13.217273Z", "fetched_at": "2025-07-15T14:39:32.910948+00:00", "symbol": "ETH-USD"}, {"trade_id": 667359197, "side": "sell", "size": "0.02306844", "price": "3034.36000000", "time": "2025-07-15T14:39:13.209806Z", "fetched_at": "2025-07-15T14:39:32.910948+00:00", "symbol": "ETH-USD"}, {"trade_id": 667359196, "side": "sell", "size": "0.00264031", "price": "3034.35000000", "time": "2025-07-15T14:39:13.209806Z", "fetched_at": "2025-07-15T14:39:32.910948+00:00", "symbol": "ETH-USD"}, {"trade_id": 667359195, "side": "sell", "size": "0.00005588", "price": "3034.16000000", "time": "2025-07-15T14:39:13.209806Z", "fetched_at": "2025-07-15T14:39:32.910948+00:00", "symbol": "ETH-USD"}, {"trade_id": 667359194, "side": "sell", "size": "0.00040396", "price": "3034.16000000", "time": "2025-07-15T14:39:13.209806Z", "fetched_at": "2025-07-15T14:39:32.910948+00:00", "symbol": "ETH-USD"}, {"trade_id": 667359193, "side": "sell", "size": "0.00648436", "price": "3034.16000000", "time": "2025-07-15T14:39:13.209806Z", "fetched_at": "2025-07-15T14:39:32.910948+00:00", "symbol": "ETH-USD"}, {"trade_id": 667359192, "side": "buy", "size": "0.07514100", "price": "3034.15000000", "time": "2025-07-15T14:39:12.819799Z", "fetched_at": "2025-07-15T14:39:32.910948+00:00", "symbol": "ETH-USD"}, {"trade_id": 667359191, "side": "sell", "size": "0.00218383", "price": "3034.16000000", "time": "2025-07-15T14:39:12.457528Z", "fetched_at": "2025-07-15T14:39:32.910948+00:00", "symbol": "ETH-USD"}, {"trade_id": 667359190, "side": "sell", "size": "0.00100000", "price": "3034.16000000", "time": "2025-07-15T14:39:12.457528Z", "fetched_at": "2025-07-15T14:39:32.910948+00:00", "symbol": "ETH-USD"}, {"trade_id": 667359189, "side": "buy", "size": "0.09849000", "price": "3034.15000000", "time": "2025-07-15T14:39:11.896657Z", "fetched_at": "2025-07-15T14:39:32.910948+00:00", "symbol": "ETH-USD"}, {"trade_id": 667359188, "side": "sell", "size": "0.15599037", "price": "3034.05000000", "time": "2025-07-15T14:39:11.107810Z", "fetched_at": "2025-07-15T14:39:32.910948+00:00", "symbol": "ETH-USD"}, {"trade_id": 667359187, "side": "sell", "size": "0.21081188", "price": "3034.05000000", "time": "2025-07-15T14:39:11.107494Z", "fetched_at": "2025-07-15T14:39:32.910948+00:00", "symbol": "ETH-USD"}, {"trade_id": 667359186, "side": "sell", "size": "0.01433400", "price": "3033.93000000", "time": "2025-07-15T14:39:11.106516Z", "fetched_at": "2025-07-15T14:39:32.910948+00:00", "symbol": "ETH-USD"}, {"trade_id": 667359185, "side": "sell", "size": "0.00100000", "price": "3033.93000000", "time": "2025-07-15T14:39:11.106516Z", "fetched_at": "2025-07-15T14:39:32.910948+00:00", "symbol": "ETH-USD"}, {"trade_id": 667359184, "side": "sell", "size": "1.60272000", "price": "3033.72000000", "time": "2025-07-15T14:39:11.097558Z", "fetched_at": "2025-07-15T14:39:32.910948+00:00", "symbol": "ETH-USD"}, {"trade_id": 667359183, "side": "sell", "size": "8.39727399", "price": "3033.72000000", "time": "2025-07-15T14:39:11.097558Z", "fetched_at": "2025-07-15T14:39:32.910948+00:00", "symbol": "ETH-USD"}, {"trade_id": 667359182, "side": "sell", "size": "0.15599037", "price": "3033.70000000", "time": "2025-07-15T14:39:11.095769Z", "fetched_at": "2025-07-15T14:39:32.910948+00:00", "symbol": "ETH-USD"}, {"trade_id": 667359181, "side": "sell", "size": "0.00887590", "price": "3033.70000000", "time": "2025-07-15T14:39:11.091631Z", "fetched_at": "2025-07-15T14:39:32.910948+00:00", "symbol": "ETH-USD"}, {"trade_id": 667359180, "side": "sell", "size": "0.00979248", "price": "3033.69000000", "time": "2025-07-15T14:39:11.091631Z", "fetched_at": "2025-07-15T14:39:32.910948+00:00", "symbol": "ETH-USD"}, {"trade_id": 667359179, "side": "sell", "size": "0.20312400", "price": "3033.42000000", "time": "2025-07-15T14:39:11.090989Z", "fetched_at": "2025-07-15T14:39:32.910948+00:00", "symbol": "ETH-USD"}, {"trade_id": 667359178, "side": "sell", "size": "0.01025071", "price": "3033.54000000", "time": "2025-07-15T14:39:11.089607Z", "fetched_at": "2025-07-15T14:39:32.910948+00:00", "symbol": "ETH-USD"}, {"trade_id": 667359177, "side": "sell", "size": "0.82412938", "price": "3033.51000000", "time": "2025-07-15T14:39:11.089368Z", "fetched_at": "2025-07-15T14:39:32.910948+00:00", "symbol": "ETH-USD"}, {"trade_id": 667359176, "side": "sell", "size": "0.01170972", "price": "3033.49000000", "time": "2025-07-15T14:39:11.088362Z", "fetched_at": "2025-07-15T14:39:32.910948+00:00", "symbol": "ETH-USD"}, {"trade_id": 667359175, "side": "sell", "size": "0.30554382", "price": "3033.48000000", "time": "2025-07-15T14:39:11.088362Z", "fetched_at": "2025-07-15T14:39:32.910948+00:00", "symbol": "ETH-USD"}, {"trade_id": 667359174, "side": "sell", "size": "0.12939345", "price": "3033.47000000", "time": "2025-07-15T14:39:11.088362Z", "fetched_at": "2025-07-15T14:39:32.910948+00:00", "symbol": "ETH-USD"}, {"trade_id": 667359173, "side": "sell", "size": "0.00100000", "price": "3033.47000000", "time": "2025-07-15T14:39:11.088362Z", "fetched_at": "2025-07-15T14:39:32.910948+00:00", "symbol": "ETH-USD"}, {"trade_id": 667359172, "side": "sell", "size": "0.03010132", "price": "3033.46000000", "time": "2025-07-15T14:39:11.088362Z", "fetched_at": "2025-07-15T14:39:32.910948+00:00", "symbol": "ETH-USD"}, {"trade_id": 667359171, "side": "sell", "size": "0.00185201", "price": "3033.42000000", "time": "2025-07-15T14:39:11.088362Z", "fetched_at": "2025-07-15T14:39:32.910948+00:00", "symbol": "ETH-USD"}, {"trade_id": 667359170, "side": "sell", "size": "0.82416703", "price": "3033.37000000", "time": "2025-07-15T14:39:11.087381Z", "fetched_at": "2025-07-15T14:39:32.910948+00:00", "symbol": "ETH-USD"}, {"trade_id": 667359169, "side": "sell", "size": "0.49561142", "price": "3033.36000000", "time": "2025-07-15T14:39:11.087381Z", "fetched_at": "2025-07-15T14:39:32.910948+00:00", "symbol": "ETH-USD"}, {"trade_id": 667359168, "side": "sell", "size": "0.01866838", "price": "3033.02000000", "time": "2025-07-15T14:39:11.086660Z", "fetched_at": "2025-07-15T14:39:32.910948+00:00", "symbol": "ETH-USD"}, {"trade_id": 667359167, "side": "sell", "size": "0.15000000", "price": "3032.93000000", "time": "2025-07-15T14:39:11.086660Z", "fetched_at": "2025-07-15T14:39:32.910948+00:00", "symbol": "ETH-USD"}, {"trade_id": 667359166, "side": "sell", "size": "0.00266907", "price": "3032.92000000", "time": "2025-07-15T14:39:11.086660Z", "fetched_at": "2025-07-15T14:39:32.910948+00:00", "symbol": "ETH-USD"}, {"trade_id": 667359165, "side": "sell", "size": "0.15000000", "price": "3032.93000000", "time": "2025-07-15T14:39:10.966386Z", "fetched_at": "2025-07-15T14:39:32.910948+00:00", "symbol": "ETH-USD"}, {"trade_id": 667359164, "side": "buy", "size": "0.00361341", "price": "3032.77000000", "time": "2025-07-15T14:39:10.938565Z", "fetched_at": "2025-07-15T14:39:32.910948+00:00", "symbol": "ETH-USD"}, {"trade_id": 667359163, "side": "buy", "size": "0.00060362", "price": "3032.78000000", "time": "2025-07-15T14:39:10.938565Z", "fetched_at": "2025-07-15T14:39:32.910948+00:00", "symbol": "ETH-USD"}, {"trade_id": 667359162, "side": "buy", "size": "0.00100000", "price": "3032.78000000", "time": "2025-07-15T14:39:10.938565Z", "fetched_at": "2025-07-15T14:39:32.910948+00:00", "symbol": "ETH-USD"}, {"trade_id": 667359161, "side": "buy", "size": "0.00863630", "price": "3033.01000000", "time": "2025-07-15T14:39:10.938565Z", "fetched_at": "2025-07-15T14:39:32.910948+00:00", "symbol": "ETH-USD"}, {"trade_id": 667359160, "side": "sell", "size": "0.01602900", "price": "3033.02000000", "time": "2025-07-15T14:39:10.874949Z", "fetched_at": "2025-07-15T14:39:32.910948+00:00", "symbol": "ETH-USD"}, {"trade_id": 667359159, "side": "buy", "size": "0.00061332", "price": "3033.18000000", "time": "2025-07-15T14:39:10.764835Z", "fetched_at": "2025-07-15T14:39:32.910948+00:00", "symbol": "ETH-USD"}, {"trade_id": 667359158, "side": "sell", "size": "0.00400016", "price": "3033.40000000", "time": "2025-07-15T14:39:10.385364Z", "fetched_at": "2025-07-15T14:39:32.910948+00:00", "symbol": "ETH-USD"}, {"trade_id": 667359157, "side": "sell", "size": "0.00152937", "price": "3033.39000000", "time": "2025-07-15T14:39:09.988986Z", "fetched_at": "2025-07-15T14:39:32.910948+00:00", "symbol": "ETH-USD"}, {"trade_id": 667359156, "side": "sell", "size": "0.00010334", "price": "3033.39000000", "time": "2025-07-15T14:39:09.988986Z", "fetched_at": "2025-07-15T14:39:32.910948+00:00", "symbol": "ETH-USD"}, {"trade_id": 667359155, "side": "buy", "size": "0.00074479", "price": "3033.38000000", "time": "2025-07-15T14:39:09.981923Z", "fetched_at": "2025-07-15T14:39:32.910948+00:00", "symbol": "ETH-USD"}, {"trade_id": 667359154, "side": "sell", "size": "0.00318373", "price": "3033.39000000", "time": "2025-07-15T14:39:09.808820Z", "fetched_at": "2025-07-15T14:39:32.910948+00:00", "symbol": "ETH-USD"}, {"trade_id": 667359153, "side": "buy", "size": "0.00074583", "price": "3033.41000000", "time": "2025-07-15T14:39:09.741132Z", "fetched_at": "2025-07-15T14:39:32.910948+00:00", "symbol": "ETH-USD"}, {"trade_id": 667359152, "side": "sell", "size": "0.00938488", "price": "3033.42000000", "time": "2025-07-15T14:39:09.398670Z", "fetched_at": "2025-07-15T14:39:32.910948+00:00", "symbol": "ETH-USD"}, {"trade_id": 667359151, "side": "sell", "size": "0.06411624", "price": "3033.42000000", "time": "2025-07-15T14:39:08.920642Z", "fetched_at": "2025-07-15T14:39:32.910948+00:00", "symbol": "ETH-USD"}, {"trade_id": 667359150, "side": "buy", "size": "0.00056398", "price": "3033.40000000", "time": "2025-07-15T14:39:08.772544Z", "fetched_at": "2025-07-15T14:39:32.910948+00:00", "symbol": "ETH-USD"}, {"trade_id": 667359149, "side": "buy", "size": "0.45643036", "price": "3032.87000000", "time": "2025-07-15T14:39:08.726861Z", "fetched_at": "2025-07-15T14:39:32.910948+00:00", "symbol": "ETH-USD"}, {"trade_id": 667359148, "side": "buy", "size": "5.00000000", "price": "3032.90000000", "time": "2025-07-15T14:39:08.726861Z", "fetched_at": "2025-07-15T14:39:32.910948+00:00", "symbol": "ETH-USD"}, {"trade_id": 667359147, "side": "buy", "size": "3.69360275", "price": "3032.91000000", "time": "2025-07-15T14:39:08.726861Z", "fetched_at": "2025-07-15T14:39:32.910948+00:00", "symbol": "ETH-USD"}, {"trade_id": 667359146, "side": "buy", "size": "0.83263000", "price": "3032.92000000", "time": "2025-07-15T14:39:08.726861Z", "fetched_at": "2025-07-15T14:39:32.910948+00:00", "symbol": "ETH-USD"}, {"trade_id": 667359145, "side": "buy", "size": "0.15000000", "price": "3032.92000000", "time": "2025-07-15T14:39:08.726861Z", "fetched_at": "2025-07-15T14:39:32.910948+00:00", "symbol": "ETH-USD"}, {"trade_id": 667359144, "side": "buy", "size": "0.02808438", "price": "3032.94000000", "time": "2025-07-15T14:39:08.726861Z", "fetched_at": "2025-07-15T14:39:32.910948+00:00", "symbol": "ETH-USD"}, {"trade_id": 667359143, "side": "buy", "size": "0.00056406", "price": "3032.95000000", "time": "2025-07-15T14:39:08.726861Z", "fetched_at": "2025-07-15T14:39:32.910948+00:00", "symbol": "ETH-USD"}, {"trade_id": 667359142, "side": "buy", "size": "0.09849000", "price": "3033.33000000", "time": "2025-07-15T14:39:08.726861Z", "fetched_at": "2025-07-15T14:39:32.910948+00:00", "symbol": "ETH-USD"}, {"trade_id": 667359141, "side": "sell", "size": "0.03659782", "price": "3033.40000000", "time": "2025-07-15T14:39:08.343743Z", "fetched_at": "2025-07-15T14:39:32.910948+00:00", "symbol": "ETH-USD"}, {"trade_id": 667359140, "side": "sell", "size": "0.00246861", "price": "3033.01000000", "time": "2025-07-15T14:39:08.343743Z", "fetched_at": "2025-07-15T14:39:32.910948+00:00", "symbol": "ETH-USD"}, {"trade_id": 667359139, "side": "sell", "size": "0.00100000", "price": "3033.01000000", "time": "2025-07-15T14:39:08.343743Z", "fetched_at": "2025-07-15T14:39:32.910948+00:00", "symbol": "ETH-USD"}, {"trade_id": 667359138, "side": "sell", "size": "0.42871134", "price": "3032.83000000", "time": "2025-07-15T14:39:08.219815Z", "fetched_at": "2025-07-15T14:39:32.910948+00:00", "symbol": "ETH-USD"}, {"trade_id": 667359137, "side": "sell", "size": "0.00005589", "price": "3032.78000000", "time": "2025-07-15T14:39:08.219815Z", "fetched_at": "2025-07-15T14:39:32.910948+00:00", "symbol": "ETH-USD"}, {"trade_id": 667359136, "side": "sell", "size": "0.00105119", "price": "3032.83000000", "time": "2025-07-15T14:39:07.918206Z", "fetched_at": "2025-07-15T14:39:32.910948+00:00", "symbol": "ETH-USD"}, {"trade_id": 667359135, "side": "sell", "size": "0.00245614", "price": "3032.78000000", "time": "2025-07-15T14:39:07.918206Z", "fetched_at": "2025-07-15T14:39:32.910948+00:00", "symbol": "ETH-USD"}, {"trade_id": 667359134, "side": "sell", "size": "0.02807562", "price": "3032.82000000", "time": "2025-07-15T14:39:07.778701Z", "fetched_at": "2025-07-15T14:39:32.910948+00:00", "symbol": "ETH-USD"}, {"trade_id": 667359133, "side": "sell", "size": "0.00100000", "price": "3032.78000000", "time": "2025-07-15T14:39:07.778701Z", "fetched_at": "2025-07-15T14:39:32.910948+00:00", "symbol": "ETH-USD"}, {"trade_id": 667359132, "side": "sell", "size": "0.00298239", "price": "3032.45000000", "time": "2025-07-15T14:39:07.778701Z", "fetched_at": "2025-07-15T14:39:32.910948+00:00", "symbol": "ETH-USD"}, {"trade_id": 667359131, "side": "buy", "size": "0.48221717", "price": "3032.45000000", "time": "2025-07-15T14:39:07.721991Z", "fetched_at": "2025-07-15T14:39:32.910948+00:00", "symbol": "ETH-USD"}, {"trade_id": 667359130, "side": "buy", "size": "0.09849000", "price": "3032.45000000", "time": "2025-07-15T14:39:07.721991Z", "fetched_at": "2025-07-15T14:39:32.910948+00:00", "symbol": "ETH-USD"}, {"trade_id": 667359129, "side": "sell", "size": "1.57372438", "price": "3032.47000000", "time": "2025-07-15T14:39:07.535800Z", "fetched_at": "2025-07-15T14:39:32.910948+00:00", "symbol": "ETH-USD"}, {"trade_id": 667359128, "side": "sell", "size": "0.90000000", "price": "3032.16000000", "time": "2025-07-15T14:39:07.523441Z", "fetched_at": "2025-07-15T14:39:32.910948+00:00", "symbol": "ETH-USD"}, {"trade_id": 667359127, "side": "sell", "size": "0.00261244", "price": "3032.15000000", "time": "2025-07-15T14:39:07.523441Z", "fetched_at": "2025-07-15T14:39:32.910948+00:00", "symbol": "ETH-USD"}, {"trade_id": 667359126, "side": "sell", "size": "0.00688661", "price": "3032.08000000", "time": "2025-07-15T14:39:07.290744Z", "fetched_at": "2025-07-15T14:39:32.910948+00:00", "symbol": "ETH-USD"}, {"trade_id": 667359125, "side": "buy", "size": "0.00183350", "price": "3032.44000000", "time": "2025-07-15T14:39:06.806651Z", "fetched_at": "2025-07-15T14:39:32.910948+00:00", "symbol": "ETH-USD"}, {"trade_id": 667359124, "side": "buy", "size": "0.53463547", "price": "3032.44000000", "time": "2025-07-15T14:39:06.806651Z", "fetched_at": "2025-07-15T14:39:32.910948+00:00", "symbol": "ETH-USD"}, {"trade_id": 667359123, "side": "buy", "size": "0.01342804", "price": "3032.46000000", "time": "2025-07-15T14:39:06.696748Z", "fetched_at": "2025-07-15T14:39:32.910948+00:00", "symbol": "ETH-USD"}, {"trade_id": 667359122, "side": "buy", "size": "0.00968850", "price": "3032.46000000", "time": "2025-07-15T14:39:06.696748Z", "fetched_at": "2025-07-15T14:39:32.910948+00:00", "symbol": "ETH-USD"}, {"trade_id": 667359121, "side": "buy", "size": "0.25231330", "price": "3032.46000000", "time": "2025-07-15T14:39:06.696748Z", "fetched_at": "2025-07-15T14:39:32.910948+00:00", "symbol": "ETH-USD"}, {"trade_id": 667359120, "side": "sell", "size": "0.00001697", "price": "3032.47000000", "time": "2025-07-15T14:39:06.651230Z", "fetched_at": "2025-07-15T14:39:32.910948+00:00", "symbol": "ETH-USD"}, {"trade_id": 667359119, "side": "sell", "size": "0.02899466", "price": "3032.47000000", "time": "2025-07-15T14:39:06.267412Z", "fetched_at": "2025-07-15T14:39:32.910948+00:00", "symbol": "ETH-USD"}, {"trade_id": 667359118, "side": "sell", "size": "0.00305795", "price": "3032.47000000", "time": "2025-07-15T14:39:06.267412Z", "fetched_at": "2025-07-15T14:39:32.910948+00:00", "symbol": "ETH-USD"}, {"trade_id": 667359117, "side": "sell", "size": "1.48266274", "price": "3032.70000000", "time": "2025-07-15T14:39:05.795309Z", "fetched_at": "2025-07-15T14:39:32.910948+00:00", "symbol": "ETH-USD"}, {"trade_id": 667359116, "side": "sell", "size": "0.82434844", "price": "3032.70000000", "time": "2025-07-15T14:39:05.795309Z", "fetched_at": "2025-07-15T14:39:32.910948+00:00", "symbol": "ETH-USD"}, {"trade_id": 667359115, "side": "sell", "size": "0.24913019", "price": "3032.69000000", "time": "2025-07-15T14:39:05.795309Z", "fetched_at": "2025-07-15T14:39:32.910948+00:00", "symbol": "ETH-USD"}, {"trade_id": 667359114, "side": "sell", "size": "0.27179000", "price": "3032.66000000", "time": "2025-07-15T14:39:05.795309Z", "fetched_at": "2025-07-15T14:39:32.910948+00:00", "symbol": "ETH-USD"}, {"trade_id": 667359113, "side": "sell", "size": "0.01885096", "price": "3032.62000000", "time": "2025-07-15T14:39:05.795309Z", "fetched_at": "2025-07-15T14:39:32.910948+00:00", "symbol": "ETH-USD"}, {"trade_id": 667359112, "side": "sell", "size": "0.00312936", "price": "3032.47000000", "time": "2025-07-15T14:39:05.795309Z", "fetched_at": "2025-07-15T14:39:32.910948+00:00", "symbol": "ETH-USD"}, {"trade_id": 667359111, "side": "sell", "size": "0.12945924", "price": "3032.79000000", "time": "2025-07-15T14:39:05.614527Z", "fetched_at": "2025-07-15T14:39:32.910948+00:00", "symbol": "ETH-USD"}, {"trade_id": 667359110, "side": "sell", "size": "0.19714146", "price": "3032.78000000", "time": "2025-07-15T14:39:05.614527Z", "fetched_at": "2025-07-15T14:39:32.910948+00:00", "symbol": "ETH-USD"}, {"trade_id": 667359109, "side": "sell", "size": "0.00312936", "price": "3032.77000000", "time": "2025-07-15T14:39:05.614527Z", "fetched_at": "2025-07-15T14:39:32.910948+00:00", "symbol": "ETH-USD"}, {"trade_id": 667359108, "side": "buy", "size": "0.09849000", "price": "3032.63000000", "time": "2025-07-15T14:39:05.372140Z", "fetched_at": "2025-07-15T14:39:32.910948+00:00", "symbol": "ETH-USD"}, {"trade_id": 667359107, "side": "buy", "size": "0.09849000", "price": "3032.58000000", "time": "2025-07-15T14:39:05.363529Z", "fetched_at": "2025-07-15T14:39:32.910948+00:00", "symbol": "ETH-USD"}, {"trade_id": 667359106, "side": "buy", "size": "0.37077966", "price": "3032.95000000", "time": "2025-07-15T14:39:05.131380Z", "fetched_at": "2025-07-15T14:39:32.910948+00:00", "symbol": "ETH-USD"}, {"trade_id": 667359105, "side": "buy", "size": "0.09849000", "price": "3032.46000000", "time": "2025-07-15T14:39:05.116010Z", "fetched_at": "2025-07-15T14:39:32.910948+00:00", "symbol": "ETH-USD"}, {"trade_id": 667359104, "side": "buy", "size": "0.15029338", "price": "3032.43000000", "time": "2025-07-15T14:39:05.115708Z", "fetched_at": "2025-07-15T14:39:32.910948+00:00", "symbol": "ETH-USD"}, {"trade_id": 667359103, "side": "buy", "size": "0.10533488", "price": "3032.44000000", "time": "2025-07-15T14:39:05.115708Z", "fetched_at": "2025-07-15T14:39:32.910948+00:00", "symbol": "ETH-USD"}, {"trade_id": 667359102, "side": "buy", "size": "0.15101369", "price": "3032.45000000", "time": "2025-07-15T14:39:05.111538Z", "fetched_at": "2025-07-15T14:39:32.910948+00:00", "symbol": "ETH-USD"}, {"trade_id": 667359101, "side": "buy", "size": "0.15000000", "price": "3032.45000000", "time": "2025-07-15T14:39:05.111538Z", "fetched_at": "2025-07-15T14:39:32.910948+00:00", "symbol": "ETH-USD"}, {"trade_id": 667359100, "side": "buy", "size": "0.13370540", "price": "3032.45000000", "time": "2025-07-15T14:39:05.111538Z", "fetched_at": "2025-07-15T14:39:32.910948+00:00", "symbol": "ETH-USD"}, {"trade_id": 667359099, "side": "buy", "size": "0.97200000", "price": "3032.46000000", "time": "2025-07-15T14:39:05.111538Z", "fetched_at": "2025-07-15T14:39:32.910948+00:00", "symbol": "ETH-USD"}, {"trade_id": 667359098, "side": "buy", "size": "0.16482048", "price": "3032.46000000", "time": "2025-07-15T14:39:05.111538Z", "fetched_at": "2025-07-15T14:39:32.910948+00:00", "symbol": "ETH-USD"}, {"trade_id": 667359097, "side": "buy", "size": "0.10461457", "price": "3032.47000000", "time": "2025-07-15T14:39:05.111538Z", "fetched_at": "2025-07-15T14:39:32.910948+00:00", "symbol": "ETH-USD"}, {"trade_id": 667359096, "side": "buy", "size": "0.09849000", "price": "3033.28000000", "time": "2025-07-15T14:39:05.107759Z", "fetched_at": "2025-07-15T14:39:32.910948+00:00", "symbol": "ETH-USD"}, {"trade_id": 667359095, "side": "buy", "size": "0.00034829", "price": "3033.05000000", "time": "2025-07-15T14:39:05.088486Z", "fetched_at": "2025-07-15T14:39:32.910948+00:00", "symbol": "ETH-USD"}, {"trade_id": 667359094, "side": "buy", "size": "0.09849000", "price": "3033.23000000", "time": "2025-07-15T14:39:05.088486Z", "fetched_at": "2025-07-15T14:39:32.910948+00:00", "symbol": "ETH-USD"}, {"trade_id": 667359093, "side": "buy", "size": "0.09849000", "price": "3033.54000000", "time": "2025-07-15T14:39:05.071237Z", "fetched_at": "2025-07-15T14:39:32.910948+00:00", "symbol": "ETH-USD"}, {"trade_id": 667359092, "side": "buy", "size": "0.09849000", "price": "3033.54000000", "time": "2025-07-15T14:39:05.057266Z", "fetched_at": "2025-07-15T14:39:32.910948+00:00", "symbol": "ETH-USD"}, {"trade_id": 667359091, "side": "buy", "size": "0.54394800", "price": "3032.70000000", "time": "2025-07-15T14:39:05.049848Z", "fetched_at": "2025-07-15T14:39:32.910948+00:00", "symbol": "ETH-USD"}, {"trade_id": 667359090, "side": "buy", "size": "0.09429000", "price": "3032.86000000", "time": "2025-07-15T14:39:05.045923Z", "fetched_at": "2025-07-15T14:39:32.910948+00:00", "symbol": "ETH-USD"}, {"trade_id": 667359089, "side": "buy", "size": "0.09429000", "price": "3033.31000000", "time": "2025-07-15T14:39:05.045923Z", "fetched_at": "2025-07-15T14:39:32.910948+00:00", "symbol": "ETH-USD"}, {"trade_id": 667359088, "side": "buy", "size": "0.23547559", "price": "3032.86000000", "time": "2025-07-15T14:39:05.045832Z", "fetched_at": "2025-07-15T14:39:32.910948+00:00", "symbol": "ETH-USD"}, {"trade_id": 667359087, "side": "buy", "size": "0.09429000", "price": "3032.97000000", "time": "2025-07-15T14:39:05.045832Z", "fetched_at": "2025-07-15T14:39:32.910948+00:00", "symbol": "ETH-USD"}, {"trade_id": 667359086, "side": "sell", "size": "0.47086037", "price": "3033.56000000", "time": "2025-07-15T14:39:05.040702Z", "fetched_at": "2025-07-15T14:39:32.910948+00:00", "symbol": "ETH-USD"}, {"trade_id": 667359085, "side": "sell", "size": "0.23915064", "price": "3033.55000000", "time": "2025-07-15T14:39:05.040702Z", "fetched_at": "2025-07-15T14:39:32.910948+00:00", "symbol": "ETH-USD"}, {"trade_id": 667359084, "side": "buy", "size": "0.09849000", "price": "3033.18000000", "time": "2025-07-15T14:39:05.040135Z", "fetched_at": "2025-07-15T14:39:32.910948+00:00", "symbol": "ETH-USD"}, {"trade_id": 667359083, "side": "sell", "size": "0.15000000", "price": "3033.19000000", "time": "2025-07-15T14:39:05.039022Z", "fetched_at": "2025-07-15T14:39:32.910948+00:00", "symbol": "ETH-USD"}, {"trade_id": 667359082, "side": "buy", "size": "0.09429000", "price": "3032.61000000", "time": "2025-07-15T14:39:05.029548Z", "fetched_at": "2025-07-15T14:39:32.910948+00:00", "symbol": "ETH-USD"}, {"trade_id": 667359081, "side": "buy", "size": "0.09429000", "price": "3033.03000000", "time": "2025-07-15T14:39:05.029548Z", "fetched_at": "2025-07-15T14:39:32.910948+00:00", "symbol": "ETH-USD"}, {"trade_id": 667359080, "side": "buy", "size": "0.00039568", "price": "3033.15000000", "time": "2025-07-15T14:39:05.029548Z", "fetched_at": "2025-07-15T14:39:32.910948+00:00", "symbol": "ETH-USD"}, {"trade_id": 667359079, "side": "buy", "size": "0.00420000", "price": "3033.27000000", "time": "2025-07-15T14:39:05.029548Z", "fetched_at": "2025-07-15T14:39:32.910948+00:00", "symbol": "ETH-USD"}, {"trade_id": 667359078, "side": "buy", "size": "0.09849000", "price": "3033.47000000", "time": "2025-07-15T14:39:05.028149Z", "fetched_at": "2025-07-15T14:39:32.910948+00:00", "symbol": "ETH-USD"}, {"trade_id": 667359077, "side": "buy", "size": "0.09429000", "price": "3033.27000000", "time": "2025-07-15T14:39:05.027664Z", "fetched_at": "2025-07-15T14:39:32.910948+00:00", "symbol": "ETH-USD"}, {"trade_id": 667359076, "side": "buy", "size": "0.09849000", "price": "3033.55000000", "time": "2025-07-15T14:39:05.027664Z", "fetched_at": "2025-07-15T14:39:32.910948+00:00", "symbol": "ETH-USD"}, {"trade_id": 667359075, "side": "sell", "size": "0.11052382", "price": "3033.56000000", "time": "2025-07-15T14:39:05.026775Z", "fetched_at": "2025-07-15T14:39:32.910948+00:00", "symbol": "ETH-USD"}, {"trade_id": 667359074, "side": "sell", "size": "0.08634133", "price": "3033.49000000", "time": "2025-07-15T14:39:05.022193Z", "fetched_at": "2025-07-15T14:39:32.910948+00:00", "symbol": "ETH-USD"}, {"trade_id": 667359073, "side": "sell", "size": "0.06683716", "price": "3033.48000000", "time": "2025-07-15T14:39:05.022193Z", "fetched_at": "2025-07-15T14:39:32.910948+00:00", "symbol": "ETH-USD"}, {"trade_id": 667359072, "side": "sell", "size": "0.97200000", "price": "3032.67000000", "time": "2025-07-15T14:39:05.022170Z", "fetched_at": "2025-07-15T14:39:32.910948+00:00", "symbol": "ETH-USD"}, {"trade_id": 667359071, "side": "buy", "size": "0.07075782", "price": "3032.32000000", "time": "2025-07-15T14:39:05.020623Z", "fetched_at": "2025-07-15T14:39:32.910948+00:00", "symbol": "ETH-USD"}, {"trade_id": 667359070, "side": "buy", "size": "0.05205107", "price": "3032.33000000", "time": "2025-07-15T14:39:05.020623Z", "fetched_at": "2025-07-15T14:39:32.910948+00:00", "symbol": "ETH-USD"}, {"trade_id": 667359069, "side": "buy", "size": "0.09849000", "price": "3032.74000000", "time": "2025-07-15T14:39:05.019877Z", "fetched_at": "2025-07-15T14:39:32.910948+00:00", "symbol": "ETH-USD"}, {"trade_id": 667359068, "side": "buy", "size": "0.09429000", "price": "3032.84000000", "time": "2025-07-15T14:39:05.019877Z", "fetched_at": "2025-07-15T14:39:32.910948+00:00", "symbol": "ETH-USD"}, {"trade_id": 667359067, "side": "sell", "size": "0.88416020", "price": "3032.86000000", "time": "2025-07-15T14:39:05.018739Z", "fetched_at": "2025-07-15T14:39:32.910948+00:00", "symbol": "ETH-USD"}, {"trade_id": 667359066, "side": "sell", "size": "0.11052382", "price": "3032.75000000", "time": "2025-07-15T14:39:05.014613Z", "fetched_at": "2025-07-15T14:39:32.910948+00:00", "symbol": "ETH-USD"}, {"trade_id": 667359065, "side": "sell", "size": "0.03913014", "price": "3033.15000000", "time": "2025-07-15T14:39:05.013945Z", "fetched_at": "2025-07-15T14:39:32.910948+00:00", "symbol": "ETH-USD"}, {"trade_id": 667359064, "side": "buy", "size": "0.07959288", "price": "3032.32000000", "time": "2025-07-15T14:39:05.013745Z", "fetched_at": "2025-07-15T14:39:32.910948+00:00", "symbol": "ETH-USD"}, {"trade_id": 667359063, "side": "buy", "size": "0.09429000", "price": "3032.33000000", "time": "2025-07-15T14:39:05.013745Z", "fetched_at": "2025-07-15T14:39:32.910948+00:00", "symbol": "ETH-USD"}, {"trade_id": 667359062, "side": "buy", "size": "0.20317000", "price": "3032.36000000", "time": "2025-07-15T14:39:05.013745Z", "fetched_at": "2025-07-15T14:39:32.910948+00:00", "symbol": "ETH-USD"}, {"trade_id": 667359061, "side": "buy", "size": "0.09429000", "price": "3032.65000000", "time": "2025-07-15T14:39:05.013745Z", "fetched_at": "2025-07-15T14:39:32.910948+00:00", "symbol": "ETH-USD"}, {"trade_id": 667359060, "side": "buy", "size": "0.18517443", "price": "3032.69000000", "time": "2025-07-15T14:39:05.013745Z", "fetched_at": "2025-07-15T14:39:32.910948+00:00", "symbol": "ETH-USD"}, {"trade_id": 667359059, "side": "buy", "size": "0.05556661", "price": "3033.12000000", "time": "2025-07-15T14:39:05.013304Z", "fetched_at": "2025-07-15T14:39:32.910948+00:00", "symbol": "ETH-USD"}, {"trade_id": 667359058, "side": "sell", "size": "0.12128561", "price": "3033.29000000", "time": "2025-07-15T14:39:05.013269Z", "fetched_at": "2025-07-15T14:39:32.910948+00:00", "symbol": "ETH-USD"}, {"trade_id": 667359057, "side": "sell", "size": "0.16183173", "price": "3033.29000000", "time": "2025-07-15T14:39:05.013269Z", "fetched_at": "2025-07-15T14:39:32.910948+00:00", "symbol": "ETH-USD"}, {"trade_id": 667359056, "side": "sell", "size": "0.01485329", "price": "3033.20000000", "time": "2025-07-15T14:39:05.013269Z", "fetched_at": "2025-07-15T14:39:32.910948+00:00", "symbol": "ETH-USD"}, {"trade_id": 667359055, "side": "sell", "size": "0.00742665", "price": "3033.19000000", "time": "2025-07-15T14:39:05.013269Z", "fetched_at": "2025-07-15T14:39:32.910948+00:00", "symbol": "ETH-USD"}, {"trade_id": 667359054, "side": "sell", "size": "0.00742664", "price": "3033.19000000", "time": "2025-07-15T14:39:05.013269Z", "fetched_at": "2025-07-15T14:39:32.910948+00:00", "symbol": "ETH-USD"}, {"trade_id": 667359053, "side": "sell", "size": "0.54348931", "price": "3033.29000000", "time": "2025-07-15T14:39:05.011433Z", "fetched_at": "2025-07-15T14:39:32.910948+00:00", "symbol": "ETH-USD"}, {"trade_id": 667359052, "side": "sell", "size": "0.15000000", "price": "3033.25000000", "time": "2025-07-15T14:39:05.011433Z", "fetched_at": "2025-07-15T14:39:32.910948+00:00", "symbol": "ETH-USD"}, {"trade_id": 667359051, "side": "sell", "size": "0.09340720", "price": "3033.16000000", "time": "2025-07-15T14:39:05.011433Z", "fetched_at": "2025-07-15T14:39:32.910948+00:00", "symbol": "ETH-USD"}, {"trade_id": 667359050, "side": "sell", "size": "0.82209848", "price": "3033.16000000", "time": "2025-07-15T14:39:05.011433Z", "fetched_at": "2025-07-15T14:39:32.910948+00:00", "symbol": "ETH-USD"}, {"trade_id": 667359049, "side": "buy", "size": "0.15030000", "price": "3033.12000000", "time": "2025-07-15T14:39:05.010946Z", "fetched_at": "2025-07-15T14:39:32.910948+00:00", "symbol": "ETH-USD"}, {"trade_id": 667359048, "side": "buy", "size": "0.15030000", "price": "3033.12000000", "time": "2025-07-15T14:39:05.010766Z", "fetched_at": "2025-07-15T14:39:32.910948+00:00", "symbol": "ETH-USD"}, {"trade_id": 667359047, "side": "buy", "size": "0.15000000", "price": "3033.12000000", "time": "2025-07-15T14:39:05.008822Z", "fetched_at": "2025-07-15T14:39:32.910948+00:00", "symbol": "ETH-USD"}, {"trade_id": 667359046, "side": "buy", "size": "0.86073510", "price": "3031.13000000", "time": "2025-07-15T14:39:05.004325Z", "fetched_at": "2025-07-15T14:39:32.910948+00:00", "symbol": "ETH-USD"}, {"trade_id": 667359045, "side": "buy", "size": "0.10329398", "price": "3031.71000000", "time": "2025-07-15T14:39:05.004325Z", "fetched_at": "2025-07-15T14:39:32.910948+00:00", "symbol": "ETH-USD"}, {"trade_id": 667359044, "side": "buy", "size": "0.09913019", "price": "3033.31000000", "time": "2025-07-15T14:39:05.003327Z", "fetched_at": "2025-07-15T14:39:32.910948+00:00", "symbol": "ETH-USD"}, {"trade_id": 667359043, "side": "buy", "size": "0.00100000", "price": "3031.40000000", "time": "2025-07-15T14:39:05.000355Z", "fetched_at": "2025-07-15T14:39:32.910948+00:00", "symbol": "ETH-USD"}, {"trade_id": 667359042, "side": "buy", "size": "0.02813467", "price": "3031.49000000", "time": "2025-07-15T14:39:05.000355Z", "fetched_at": "2025-07-15T14:39:32.910948+00:00", "symbol": "ETH-USD"}, {"trade_id": 667359041, "side": "buy", "size": "0.97200000", "price": "3031.50000000", "time": "2025-07-15T14:39:05.000355Z", "fetched_at": "2025-07-15T14:39:32.910948+00:00", "symbol": "ETH-USD"}, {"trade_id": 667359040, "side": "buy", "size": "0.24127162", "price": "3031.52000000", "time": "2025-07-15T14:39:05.000355Z", "fetched_at": "2025-07-15T14:39:32.910948+00:00", "symbol": "ETH-USD"}, {"trade_id": 667359039, "side": "buy", "size": "0.99479086", "price": "3031.52000000", "time": "2025-07-15T14:39:05.000052Z", "fetched_at": "2025-07-15T14:39:32.910948+00:00", "symbol": "ETH-USD"}, {"trade_id": 667359038, "side": "buy", "size": "0.00100000", "price": "3031.63000000", "time": "2025-07-15T14:39:05.000052Z", "fetched_at": "2025-07-15T14:39:32.910948+00:00", "symbol": "ETH-USD"}, {"trade_id": 667359037, "side": "buy", "size": "1.45322501", "price": "3031.70000000", "time": "2025-07-15T14:39:04.999178Z", "fetched_at": "2025-07-15T14:39:32.910948+00:00", "symbol": "ETH-USD"}, {"trade_id": 667359036, "side": "buy", "size": "5.99166340", "price": "3031.70000000", "time": "2025-07-15T14:39:04.998917Z", "fetched_at": "2025-07-15T14:39:32.910948+00:00", "symbol": "ETH-USD"}, {"trade_id": 667359035, "side": "buy", "size": "0.07817402", "price": "3031.70000000", "time": "2025-07-15T14:39:04.998917Z", "fetched_at": "2025-07-15T14:39:32.910948+00:00", "symbol": "ETH-USD"}, {"trade_id": 667359034, "side": "buy", "size": "0.59444937", "price": "3031.73000000", "time": "2025-07-15T14:39:04.998917Z", "fetched_at": "2025-07-15T14:39:32.910948+00:00", "symbol": "ETH-USD"}, {"trade_id": 667359033, "side": "buy", "size": "0.00641547", "price": "3031.73000000", "time": "2025-07-15T14:39:04.998917Z", "fetched_at": "2025-07-15T14:39:32.910948+00:00", "symbol": "ETH-USD"}, {"trade_id": 667359032, "side": "buy", "size": "0.40742332", "price": "3031.74000000", "time": "2025-07-15T14:39:04.998917Z", "fetched_at": "2025-07-15T14:39:32.910948+00:00", "symbol": "ETH-USD"}, {"trade_id": 667359031, "side": "buy", "size": "0.97200000", "price": "3031.89000000", "time": "2025-07-15T14:39:04.998917Z", "fetched_at": "2025-07-15T14:39:32.910948+00:00", "symbol": "ETH-USD"}, {"trade_id": 667359030, "side": "buy", "size": "0.58320000", "price": "3031.90000000", "time": "2025-07-15T14:39:04.998917Z", "fetched_at": "2025-07-15T14:39:32.910948+00:00", "symbol": "ETH-USD"}, {"trade_id": 667359029, "side": "buy", "size": "0.97200000", "price": "3032.26000000", "time": "2025-07-15T14:39:04.998917Z", "fetched_at": "2025-07-15T14:39:32.910948+00:00", "symbol": "ETH-USD"}, {"trade_id": 667359028, "side": "buy", "size": "0.43052457", "price": "3032.36000000", "time": "2025-07-15T14:39:04.998917Z", "fetched_at": "2025-07-15T14:39:32.910948+00:00", "symbol": "ETH-USD"}, {"trade_id": 667359027, "side": "buy", "size": "3.60000000", "price": "3032.51000000", "time": "2025-07-15T14:39:04.998917Z", "fetched_at": "2025-07-15T14:39:32.910948+00:00", "symbol": "ETH-USD"}, {"trade_id": 667359026, "side": "buy", "size": "0.50857076", "price": "3032.69000000", "time": "2025-07-15T14:39:04.998917Z", "fetched_at": "2025-07-15T14:39:32.910948+00:00", "symbol": "ETH-USD"}, {"trade_id": 667359025, "side": "buy", "size": "0.97200000", "price": "3032.75000000", "time": "2025-07-15T14:39:04.998917Z", "fetched_at": "2025-07-15T14:39:32.910948+00:00", "symbol": "ETH-USD"}, {"trade_id": 667359024, "side": "buy", "size": "0.83681000", "price": "3032.94000000", "time": "2025-07-15T14:39:04.998917Z", "fetched_at": "2025-07-15T14:39:32.910948+00:00", "symbol": "ETH-USD"}, {"trade_id": 667359023, "side": "buy", "size": "0.97200000", "price": "3033.06000000", "time": "2025-07-15T14:39:04.998917Z", "fetched_at": "2025-07-15T14:39:32.910948+00:00", "symbol": "ETH-USD"}, {"trade_id": 667359022, "side": "buy", "size": "0.31789036", "price": "3033.11000000", "time": "2025-07-15T14:39:04.998917Z", "fetched_at": "2025-07-15T14:39:32.910948+00:00", "symbol": "ETH-USD"}, {"trade_id": 667359021, "side": "buy", "size": "0.83733000", "price": "3033.17000000", "time": "2025-07-15T14:39:04.998917Z", "fetched_at": "2025-07-15T14:39:32.910948+00:00", "symbol": "ETH-USD"}, {"trade_id": 667359020, "side": "buy", "size": "0.83814000", "price": "3033.17000000", "time": "2025-07-15T14:39:04.998917Z", "fetched_at": "2025-07-15T14:39:32.910948+00:00", "symbol": "ETH-USD"}, {"trade_id": 667359019, "side": "buy", "size": "0.37181984", "price": "3033.26000000", "time": "2025-07-15T14:39:04.998635Z", "fetched_at": "2025-07-15T14:39:32.910948+00:00", "symbol": "ETH-USD"}, {"trade_id": 667359018, "side": "buy", "size": "0.01499128", "price": "3033.28000000", "time": "2025-07-15T14:39:04.998635Z", "fetched_at": "2025-07-15T14:39:32.910948+00:00", "symbol": "ETH-USD"}, {"trade_id": 667359017, "side": "buy", "size": "3.81488324", "price": "3033.30000000", "time": "2025-07-15T14:39:04.998635Z", "fetched_at": "2025-07-15T14:39:32.910948+00:00", "symbol": "ETH-USD"}, {"trade_id": 667359016, "side": "buy", "size": "1.18511676", "price": "3033.30000000", "time": "2025-07-15T14:39:04.998236Z", "fetched_at": "2025-07-15T14:39:32.910948+00:00", "symbol": "ETH-USD"}, {"trade_id": 667359015, "side": "buy", "size": "0.07875120", "price": "3033.30000000", "time": "2025-07-15T14:39:04.998236Z", "fetched_at": "2025-07-15T14:39:32.910948+00:00", "symbol": "ETH-USD"}, {"trade_id": 667359014, "side": "buy", "size": "0.13076964", "price": "3033.41000000", "time": "2025-07-15T14:39:04.998074Z", "fetched_at": "2025-07-15T14:39:32.910948+00:00", "symbol": "ETH-USD"}, {"trade_id": 667359013, "side": "buy", "size": "0.16142341", "price": "3033.42000000", "time": "2025-07-15T14:39:04.998074Z", "fetched_at": "2025-07-15T14:39:32.910948+00:00", "symbol": "ETH-USD"}, {"trade_id": 667359012, "side": "buy", "size": "0.16258488", "price": "3033.43000000", "time": "2025-07-15T14:39:04.998074Z", "fetched_at": "2025-07-15T14:39:32.910948+00:00", "symbol": "ETH-USD"}, {"trade_id": 667359011, "side": "buy", "size": "0.10000000", "price": "3033.49000000", "time": "2025-07-15T14:39:04.998074Z", "fetched_at": "2025-07-15T14:39:32.910948+00:00", "symbol": "ETH-USD"}, {"trade_id": 667359010, "side": "buy", "size": "0.10000000", "price": "3033.50000000", "time": "2025-07-15T14:39:04.998074Z", "fetched_at": "2025-07-15T14:39:32.910948+00:00", "symbol": "ETH-USD"}, {"trade_id": 667359009, "side": "buy", "size": "0.01103000", "price": "3033.50000000", "time": "2025-07-15T14:39:04.998074Z", "fetched_at": "2025-07-15T14:39:32.910948+00:00", "symbol": "ETH-USD"}, {"trade_id": 667359008, "side": "buy", "size": "0.09913019", "price": "3033.92000000", "time": "2025-07-15T14:39:04.997843Z", "fetched_at": "2025-07-15T14:39:32.910948+00:00", "symbol": "ETH-USD"}, {"trade_id": 667359007, "side": "buy", "size": "0.00039557", "price": "3033.92000000", "time": "2025-07-15T14:39:04.997843Z", "fetched_at": "2025-07-15T14:39:32.910948+00:00", "symbol": "ETH-USD"}, {"trade_id": 667359006, "side": "buy", "size": "0.09849000", "price": "3033.92000000", "time": "2025-07-15T14:39:04.997843Z", "fetched_at": "2025-07-15T14:39:32.910948+00:00", "symbol": "ETH-USD"}, {"trade_id": 667359005, "side": "buy", "size": "0.21177064", "price": "3033.40000000", "time": "2025-07-15T14:39:04.912366Z", "fetched_at": "2025-07-15T14:39:32.910948+00:00", "symbol": "ETH-USD"}, {"trade_id": 667359004, "side": "buy", "size": "0.00000329", "price": "3033.56000000", "time": "2025-07-15T14:39:04.912366Z", "fetched_at": "2025-07-15T14:39:32.910948+00:00", "symbol": "ETH-USD"}, {"trade_id": 667359003, "side": "buy", "size": "0.03175147", "price": "3033.56000000", "time": "2025-07-15T14:39:04.912366Z", "fetched_at": "2025-07-15T14:39:32.910948+00:00", "symbol": "ETH-USD"}, {"trade_id": 667359002, "side": "buy", "size": "0.13579898", "price": "3033.57000000", "time": "2025-07-15T14:39:04.912366Z", "fetched_at": "2025-07-15T14:39:32.910948+00:00", "symbol": "ETH-USD"}, {"trade_id": 667359001, "side": "buy", "size": "0.00039562", "price": "3033.57000000", "time": "2025-07-15T14:39:04.912366Z", "fetched_at": "2025-07-15T14:39:32.910948+00:00", "symbol": "ETH-USD"}, {"trade_id": 667359000, "side": "buy", "size": "0.10000000", "price": "3033.57000000", "time": "2025-07-15T14:39:04.912366Z", "fetched_at": "2025-07-15T14:39:32.910948+00:00", "symbol": "ETH-USD"}, {"trade_id": 667358999, "side": "buy", "size": "0.15000000", "price": "3033.92000000", "time": "2025-07-15T14:39:04.912366Z", "fetched_at": "2025-07-15T14:39:32.910948+00:00", "symbol": "ETH-USD"}, {"trade_id": 667358998, "side": "buy", "size": "0.27179000", "price": "3033.92000000", "time": "2025-07-15T14:39:04.912366Z", "fetched_at": "2025-07-15T14:39:32.910948+00:00", "symbol": "ETH-USD"}, {"trade_id": 667358997, "side": "buy", "size": "0.09849000", "price": "3033.92000000", "time": "2025-07-15T14:39:04.912366Z", "fetched_at": "2025-07-15T14:39:32.910948+00:00", "symbol": "ETH-USD"}, {"trade_id": 667358996, "side": "sell", "size": "0.00162552", "price": "3033.59000000", "time": "2025-07-15T14:39:04.892716Z", "fetched_at": "2025-07-15T14:39:32.910948+00:00", "symbol": "ETH-USD"}, {"trade_id": 667358995, "side": "sell", "size": "0.00015636", "price": "3033.57000000", "time": "2025-07-15T14:39:04.892716Z", "fetched_at": "2025-07-15T14:39:32.910948+00:00", "symbol": "ETH-USD"}, {"trade_id": 667358994, "side": "sell", "size": "0.33089241", "price": "3033.57000000", "time": "2025-07-15T14:39:04.892716Z", "fetched_at": "2025-07-15T14:39:32.910948+00:00", "symbol": "ETH-USD"}, {"trade_id": 667358993, "side": "sell", "size": "0.46910759", "price": "3033.57000000", "time": "2025-07-15T14:39:04.856104Z", "fetched_at": "2025-07-15T14:39:32.910948+00:00", "symbol": "ETH-USD"}, {"trade_id": 667358992, "side": "buy", "size": "0.09849000", "price": "3033.58000000", "time": "2025-07-15T14:39:04.622932Z", "fetched_at": "2025-07-15T14:39:32.910948+00:00", "symbol": "ETH-USD"}, {"trade_id": 667358991, "side": "sell", "size": "0.06410756", "price": "3033.59000000", "time": "2025-07-15T14:39:04.554148Z", "fetched_at": "2025-07-15T14:39:32.910948+00:00", "symbol": "ETH-USD"}, {"trade_id": 667358990, "side": "buy", "size": "0.09849000", "price": "3033.81000000", "time": "2025-07-15T14:39:04.421997Z", "fetched_at": "2025-07-15T14:39:32.910948+00:00", "symbol": "ETH-USD"}, {"trade_id": 667358989, "side": "buy", "size": "0.09849000", "price": "3033.92000000", "time": "2025-07-15T14:39:04.415363Z", "fetched_at": "2025-07-15T14:39:32.910948+00:00", "symbol": "ETH-USD"}, {"trade_id": 667358988, "side": "buy", "size": "0.09849000", "price": "3033.81000000", "time": "2025-07-15T14:39:04.413718Z", "fetched_at": "2025-07-15T14:39:32.910948+00:00", "symbol": "ETH-USD"}, {"trade_id": 667358987, "side": "buy", "size": "0.09849000", "price": "3033.84000000", "time": "2025-07-15T14:39:04.384932Z", "fetched_at": "2025-07-15T14:39:32.910948+00:00", "symbol": "ETH-USD"}, {"trade_id": 667358986, "side": "buy", "size": "0.09849000", "price": "3033.92000000", "time": "2025-07-15T14:39:04.347850Z", "fetched_at": "2025-07-15T14:39:32.910948+00:00", "symbol": "ETH-USD"}, {"trade_id": 667358985, "side": "buy", "size": "0.09849000", "price": "3033.92000000", "time": "2025-07-15T14:39:04.332737Z", "fetched_at": "2025-07-15T14:39:32.910948+00:00", "symbol": "ETH-USD"}, {"trade_id": 667358984, "side": "buy", "size": "0.09849000", "price": "3033.92000000", "time": "2025-07-15T14:39:04.318010Z", "fetched_at": "2025-07-15T14:39:32.910948+00:00", "symbol": "ETH-USD"}, {"trade_id": 667358983, "side": "buy", "size": "0.09849000", "price": "3033.92000000", "time": "2025-07-15T14:39:04.295673Z", "fetched_at": "2025-07-15T14:39:32.910948+00:00", "symbol": "ETH-USD"}, {"trade_id": 667358982, "side": "buy", "size": "0.09849000", "price": "3033.92000000", "time": "2025-07-15T14:39:04.272215Z", "fetched_at": "2025-07-15T14:39:32.910948+00:00", "symbol": "ETH-USD"}, {"trade_id": 667358981, "side": "buy", "size": "0.09849000", "price": "3033.86000000", "time": "2025-07-15T14:39:04.259992Z", "fetched_at": "2025-07-15T14:39:32.910948+00:00", "symbol": "ETH-USD"}, {"trade_id": 667358980, "side": "sell", "size": "0.00031331", "price": "3033.88000000", "time": "2025-07-15T14:39:04.245952Z", "fetched_at": "2025-07-15T14:39:32.910948+00:00", "symbol": "ETH-USD"}, {"trade_id": 667358979, "side": "buy", "size": "0.09849000", "price": "3033.88000000", "time": "2025-07-15T14:39:04.241547Z", "fetched_at": "2025-07-15T14:39:32.910948+00:00", "symbol": "ETH-USD"}, {"trade_id": 667358978, "side": "buy", "size": "0.09849000", "price": "3033.92000000", "time": "2025-07-15T14:39:04.219348Z", "fetched_at": "2025-07-15T14:39:32.910948+00:00", "symbol": "ETH-USD"}, {"trade_id": 667358977, "side": "buy", "size": "0.09849000", "price": "3033.91000000", "time": "2025-07-15T14:39:04.208789Z", "fetched_at": "2025-07-15T14:39:32.910948+00:00", "symbol": "ETH-USD"}, {"trade_id": 667358976, "side": "buy", "size": "0.09849000", "price": "3033.92000000", "time": "2025-07-15T14:39:04.176078Z", "fetched_at": "2025-07-15T14:39:32.910948+00:00", "symbol": "ETH-USD"}, {"trade_id": 667358975, "side": "sell", "size": "0.33553665", "price": "3033.80000000", "time": "2025-07-15T14:39:04.155786Z", "fetched_at": "2025-07-15T14:39:32.910948+00:00", "symbol": "ETH-USD"}, {"trade_id": 667358974, "side": "sell", "size": "0.16487493", "price": "3033.78000000", "time": "2025-07-15T14:39:04.155786Z", "fetched_at": "2025-07-15T14:39:32.910948+00:00", "symbol": "ETH-USD"}, {"trade_id": 667358973, "side": "sell", "size": "5.52745151", "price": "3033.75000000", "time": "2025-07-15T14:39:04.155786Z", "fetched_at": "2025-07-15T14:39:32.910948+00:00", "symbol": "ETH-USD"}, {"trade_id": 667358972, "side": "sell", "size": "0.00100000", "price": "3033.70000000", "time": "2025-07-15T14:39:04.155786Z", "fetched_at": "2025-07-15T14:39:32.910948+00:00", "symbol": "ETH-USD"}, {"trade_id": 667358971, "side": "sell", "size": "0.43124450", "price": "3033.66000000", "time": "2025-07-15T14:39:04.155786Z", "fetched_at": "2025-07-15T14:39:32.910948+00:00", "symbol": "ETH-USD"}, {"trade_id": 667358970, "side": "sell", "size": "0.07886661", "price": "3033.59000000", "time": "2025-07-15T14:39:04.155786Z", "fetched_at": "2025-07-15T14:39:32.910948+00:00", "symbol": "ETH-USD"}, {"trade_id": 667358969, "side": "sell", "size": "0.20315900", "price": "3033.47000000", "time": "2025-07-15T14:39:04.155786Z", "fetched_at": "2025-07-15T14:39:32.910948+00:00", "symbol": "ETH-USD"}, {"trade_id": 667358968, "side": "sell", "size": "6.33614670", "price": "3033.60000000", "time": "2025-07-15T14:39:04.151546Z", "fetched_at": "2025-07-15T14:39:32.910948+00:00", "symbol": "ETH-USD"}, {"trade_id": 667358967, "side": "sell", "size": "0.00049466", "price": "3033.54000000", "time": "2025-07-15T14:39:04.150739Z", "fetched_at": "2025-07-15T14:39:32.910948+00:00", "symbol": "ETH-USD"}, {"trade_id": 667358966, "side": "sell", "size": "0.65961843", "price": "3033.53000000", "time": "2025-07-15T14:39:04.150739Z", "fetched_at": "2025-07-15T14:39:32.910948+00:00", "symbol": "ETH-USD"}, {"trade_id": 667358965, "side": "sell", "size": "0.15035070", "price": "3033.49000000", "time": "2025-07-15T14:39:04.150739Z", "fetched_at": "2025-07-15T14:39:32.910948+00:00", "symbol": "ETH-USD"}, {"trade_id": 667358964, "side": "sell", "size": "1.06947827", "price": "3033.48000000", "time": "2025-07-15T14:39:04.150739Z", "fetched_at": "2025-07-15T14:39:32.910948+00:00", "symbol": "ETH-USD"}, {"trade_id": 667358963, "side": "sell", "size": "0.53258592", "price": "3033.48000000", "time": "2025-07-15T14:39:04.150739Z", "fetched_at": "2025-07-15T14:39:32.910948+00:00", "symbol": "ETH-USD"}, {"trade_id": 667358962, "side": "sell", "size": "0.00100000", "price": "3033.47000000", "time": "2025-07-15T14:39:04.150739Z", "fetched_at": "2025-07-15T14:39:32.910948+00:00", "symbol": "ETH-USD"}, {"trade_id": 667358961, "side": "sell", "size": "0.40000000", "price": "3033.41000000", "time": "2025-07-15T14:39:04.149876Z", "fetched_at": "2025-07-15T14:39:32.910948+00:00", "symbol": "ETH-USD"}, {"trade_id": 667358960, "side": "sell", "size": "0.20000000", "price": "3033.41000000", "time": "2025-07-15T14:39:04.149876Z", "fetched_at": "2025-07-15T14:39:32.910948+00:00", "symbol": "ETH-USD"}, {"trade_id": 667358959, "side": "sell", "size": "0.33955939", "price": "3033.34000000", "time": "2025-07-15T14:39:04.149876Z", "fetched_at": "2025-07-15T14:39:32.910948+00:00", "symbol": "ETH-USD"}, {"trade_id": 667358958, "side": "sell", "size": "0.00100000", "price": "3033.24000000", "time": "2025-07-15T14:39:04.149876Z", "fetched_at": "2025-07-15T14:39:32.910948+00:00", "symbol": "ETH-USD"}, {"trade_id": 667358957, "side": "sell", "size": "0.40000000", "price": "3033.03000000", "time": "2025-07-15T14:39:04.148211Z", "fetched_at": "2025-07-15T14:39:32.910948+00:00", "symbol": "ETH-USD"}, {"trade_id": 667358956, "side": "sell", "size": "0.20000000", "price": "3033.03000000", "time": "2025-07-15T14:39:04.148211Z", "fetched_at": "2025-07-15T14:39:32.910948+00:00", "symbol": "ETH-USD"}, {"trade_id": 667358955, "side": "sell", "size": "0.37025773", "price": "3033.03000000", "time": "2025-07-15T14:39:04.148211Z", "fetched_at": "2025-07-15T14:39:32.910948+00:00", "symbol": "ETH-USD"}, {"trade_id": 667358954, "side": "buy", "size": "0.01661000", "price": "3032.57000000", "time": "2025-07-15T14:39:04.146331Z", "fetched_at": "2025-07-15T14:39:32.910948+00:00", "symbol": "ETH-USD"}, {"trade_id": 667358953, "side": "sell", "size": "0.42974227", "price": "3033.03000000", "time": "2025-07-15T14:39:04.145812Z", "fetched_at": "2025-07-15T14:39:32.910948+00:00", "symbol": "ETH-USD"}, {"trade_id": 667358952, "side": "sell", "size": "1.17237692", "price": "3033.02000000", "time": "2025-07-15T14:39:04.145812Z", "fetched_at": "2025-07-15T14:39:32.910948+00:00", "symbol": "ETH-USD"}, {"trade_id": 667358951, "side": "sell", "size": "0.00100000", "price": "3033.01000000", "time": "2025-07-15T14:39:04.145812Z", "fetched_at": "2025-07-15T14:39:32.910948+00:00", "symbol": "ETH-USD"}, {"trade_id": 667358950, "side": "sell", "size": "0.97025773", "price": "3032.98000000", "time": "2025-07-15T14:39:04.145812Z", "fetched_at": "2025-07-15T14:39:32.910948+00:00", "symbol": "ETH-USD"}, {"trade_id": 667358949, "side": "sell", "size": "1.51601212", "price": "3032.98000000", "time": "2025-07-15T14:39:04.143874Z", "fetched_at": "2025-07-15T14:39:32.910948+00:00", "symbol": "ETH-USD"}, {"trade_id": 667358948, "side": "sell", "size": "1.49176191", "price": "3032.97000000", "time": "2025-07-15T14:39:04.143874Z", "fetched_at": "2025-07-15T14:39:32.910948+00:00", "symbol": "ETH-USD"}, {"trade_id": 667358947, "side": "sell", "size": "0.65113057", "price": "3032.85000000", "time": "2025-07-15T14:39:04.143874Z", "fetched_at": "2025-07-15T14:39:32.910948+00:00", "symbol": "ETH-USD"}, {"trade_id": 667358946, "side": "sell", "size": "0.07435480", "price": "3032.79000000", "time": "2025-07-15T14:39:04.143874Z", "fetched_at": "2025-07-15T14:39:32.910948+00:00", "symbol": "ETH-USD"}, {"trade_id": 667358945, "side": "sell", "size": "0.00100000", "price": "3032.78000000", "time": "2025-07-15T14:39:04.143874Z", "fetched_at": "2025-07-15T14:39:32.910948+00:00", "symbol": "ETH-USD"}, {"trade_id": 667358944, "side": "sell", "size": "0.24377236", "price": "3032.76000000", "time": "2025-07-15T14:39:04.143874Z", "fetched_at": "2025-07-15T14:39:32.910948+00:00", "symbol": "ETH-USD"}, {"trade_id": 667358943, "side": "sell", "size": "0.11901816", "price": "3032.76000000", "time": "2025-07-15T14:39:04.143454Z", "fetched_at": "2025-07-15T14:39:32.910948+00:00", "symbol": "ETH-USD"}, {"trade_id": 667358942, "side": "sell", "size": "0.53211241", "price": "3032.71000000", "time": "2025-07-15T14:39:04.143454Z", "fetched_at": "2025-07-15T14:39:32.910948+00:00", "symbol": "ETH-USD"}, {"trade_id": 667358941, "side": "sell", "size": "0.43988759", "price": "3032.71000000", "time": "2025-07-15T14:39:04.143123Z", "fetched_at": "2025-07-15T14:39:32.910948+00:00", "symbol": "ETH-USD"}, {"trade_id": 667358940, "side": "sell", "size": "1.30676102", "price": "3032.70000000", "time": "2025-07-15T14:39:04.143123Z", "fetched_at": "2025-07-15T14:39:32.910948+00:00", "symbol": "ETH-USD"}, {"trade_id": 667358939, "side": "sell", "size": "0.82327042", "price": "3032.69000000", "time": "2025-07-15T14:39:04.143123Z", "fetched_at": "2025-07-15T14:39:32.910948+00:00", "symbol": "ETH-USD"}, {"trade_id": 667358938, "side": "sell", "size": "0.97025773", "price": "3032.67000000", "time": "2025-07-15T14:39:04.143123Z", "fetched_at": "2025-07-15T14:39:32.910948+00:00", "symbol": "ETH-USD"}, {"trade_id": 667358937, "side": "sell", "size": "1.54891499", "price": "3032.67000000", "time": "2025-07-15T14:39:04.143089Z", "fetched_at": "2025-07-15T14:39:32.910948+00:00", "symbol": "ETH-USD"}, {"trade_id": 667358936, "side": "sell", "size": "0.24753846", "price": "3032.67000000", "time": "2025-07-15T14:39:04.143089Z", "fetched_at": "2025-07-15T14:39:32.910948+00:00", "symbol": "ETH-USD"}, {"trade_id": 667358935, "side": "sell", "size": "0.30000000", "price": "3032.66000000", "time": "2025-07-15T14:39:04.143011Z", "fetched_at": "2025-07-15T14:39:32.910948+00:00", "symbol": "ETH-USD"}, {"trade_id": 667358934, "side": "sell", "size": "0.00299163", "price": "3032.65000000", "time": "2025-07-15T14:39:04.143011Z", "fetched_at": "2025-07-15T14:39:32.910948+00:00", "symbol": "ETH-USD"}, {"trade_id": 667358933, "side": "sell", "size": "0.00007610", "price": "3032.58000000", "time": "2025-07-15T14:39:04.143011Z", "fetched_at": "2025-07-15T14:39:32.910948+00:00", "symbol": "ETH-USD"}, {"trade_id": 667358932, "side": "sell", "size": "0.00024001", "price": "3032.44000000", "time": "2025-07-15T14:39:03.711828Z", "fetched_at": "2025-07-15T14:39:32.910948+00:00", "symbol": "ETH-USD"}, {"trade_id": 667358931, "side": "sell", "size": "0.31331490", "price": "3032.44000000", "time": "2025-07-15T14:39:03.711828Z", "fetched_at": "2025-07-15T14:39:32.910948+00:00", "symbol": "ETH-USD"}, {"trade_id": 667358930, "side": "sell", "size": "0.31400454", "price": "3032.44000000", "time": "2025-07-15T14:39:03.711828Z", "fetched_at": "2025-07-15T14:39:32.910948+00:00", "symbol": "ETH-USD"}, {"trade_id": 667358929, "side": "sell", "size": "0.00005588", "price": "3032.44000000", "time": "2025-07-15T14:39:03.711828Z", "fetched_at": "2025-07-15T14:39:32.910948+00:00", "symbol": "ETH-USD"}, {"trade_id": 667358928, "side": "sell", "size": "0.15000000", "price": "3032.40000000", "time": "2025-07-15T14:39:03.711828Z", "fetched_at": "2025-07-15T14:39:32.910948+00:00", "symbol": "ETH-USD"}, {"trade_id": 667358927, "side": "sell", "size": "0.00166005", "price": "3032.40000000", "time": "2025-07-15T14:39:03.711828Z", "fetched_at": "2025-07-15T14:39:32.910948+00:00", "symbol": "ETH-USD"}, {"trade_id": 667358926, "side": "sell", "size": "0.28100840", "price": "3032.40000000", "time": "2025-07-15T14:39:03.711828Z", "fetched_at": "2025-07-15T14:39:32.910948+00:00", "symbol": "ETH-USD"}, {"trade_id": 667358925, "side": "sell", "size": "0.34579036", "price": "3032.40000000", "time": "2025-07-15T14:39:03.711557Z", "fetched_at": "2025-07-15T14:39:32.910948+00:00", "symbol": "ETH-USD"}, {"trade_id": 667358924, "side": "sell", "size": "0.24170849", "price": "3032.40000000", "time": "2025-07-15T14:39:03.695649Z", "fetched_at": "2025-07-15T14:39:32.910948+00:00", "symbol": "ETH-USD"}, {"trade_id": 667358923, "side": "sell", "size": "0.00166005", "price": "3032.40000000", "time": "2025-07-15T14:39:03.695649Z", "fetched_at": "2025-07-15T14:39:32.910948+00:00", "symbol": "ETH-USD"}, {"trade_id": 667358922, "side": "sell", "size": "0.00233478", "price": "3032.40000000", "time": "2025-07-15T14:39:03.695649Z", "fetched_at": "2025-07-15T14:39:32.910948+00:00", "symbol": "ETH-USD"}, {"trade_id": 667358921, "side": "sell", "size": "0.00162552", "price": "3032.40000000", "time": "2025-07-15T14:39:03.695649Z", "fetched_at": "2025-07-15T14:39:32.910948+00:00", "symbol": "ETH-USD"}, {"trade_id": 667358920, "side": "buy", "size": "0.09849000", "price": "3032.39000000", "time": "2025-07-15T14:39:03.614221Z", "fetched_at": "2025-07-15T14:39:32.910948+00:00", "symbol": "ETH-USD"}, {"trade_id": 667358919, "side": "sell", "size": "0.00710839", "price": "3032.43000000", "time": "2025-07-15T14:39:03.506967Z", "fetched_at": "2025-07-15T14:39:32.910948+00:00", "symbol": "ETH-USD"}, {"trade_id": 667358918, "side": "sell", "size": "0.08989576", "price": "3032.37000000", "time": "2025-07-15T14:39:03.506967Z", "fetched_at": "2025-07-15T14:39:32.910948+00:00", "symbol": "ETH-USD"}, {"trade_id": 667358917, "side": "sell", "size": "0.00301315", "price": "3032.36000000", "time": "2025-07-15T14:39:03.506967Z", "fetched_at": "2025-07-15T14:39:32.910948+00:00", "symbol": "ETH-USD"}, {"trade_id": 667358916, "side": "buy", "size": "0.01658267", "price": "3032.43000000", "time": "2025-07-15T14:39:03.055667Z", "fetched_at": "2025-07-15T14:39:32.910948+00:00", "symbol": "ETH-USD"}, {"trade_id": 667358915, "side": "buy", "size": "0.09849000", "price": "3032.66000000", "time": "2025-07-15T14:39:02.536855Z", "fetched_at": "2025-07-15T14:39:32.910948+00:00", "symbol": "ETH-USD"}, {"trade_id": 667358914, "side": "buy", "size": "3.65608422", "price": "3031.80000000", "time": "2025-07-15T14:39:02.528748Z", "fetched_at": "2025-07-15T14:39:32.910948+00:00", "symbol": "ETH-USD"}, {"trade_id": 667358913, "side": "buy", "size": "0.00083770", "price": "3031.81000000", "time": "2025-07-15T14:39:02.528748Z", "fetched_at": "2025-07-15T14:39:32.910948+00:00", "symbol": "ETH-USD"}, {"trade_id": 667358912, "side": "buy", "size": "0.23099723", "price": "3031.81000000", "time": "2025-07-15T14:39:02.528748Z", "fetched_at": "2025-07-15T14:39:32.910948+00:00", "symbol": "ETH-USD"}, {"trade_id": 667358911, "side": "buy", "size": "0.52534928", "price": "3032.00000000", "time": "2025-07-15T14:39:02.528748Z", "fetched_at": "2025-07-15T14:39:32.910948+00:00", "symbol": "ETH-USD"}, {"trade_id": 667358910, "side": "buy", "size": "0.01372655", "price": "3032.08000000", "time": "2025-07-15T14:39:02.528748Z", "fetched_at": "2025-07-15T14:39:32.910948+00:00", "symbol": "ETH-USD"}, {"trade_id": 667358909, "side": "buy", "size": "0.97200000", "price": "3032.31000000", "time": "2025-07-15T14:39:02.528748Z", "fetched_at": "2025-07-15T14:39:32.910948+00:00", "symbol": "ETH-USD"}, {"trade_id": 667358908, "side": "buy", "size": "0.09849000", "price": "3032.31000000", "time": "2025-07-15T14:39:02.528748Z", "fetched_at": "2025-07-15T14:39:32.910948+00:00", "symbol": "ETH-USD"}, {"trade_id": 667358907, "side": "buy", "size": "0.17571000", "price": "3032.39000000", "time": "2025-07-15T14:39:02.528748Z", "fetched_at": "2025-07-15T14:39:32.910948+00:00", "symbol": "ETH-USD"}, {"trade_id": 667358906, "side": "buy", "size": "0.09849000", "price": "3032.43000000", "time": "2025-07-15T14:39:02.528748Z", "fetched_at": "2025-07-15T14:39:32.910948+00:00", "symbol": "ETH-USD"}, {"trade_id": 667358905, "side": "sell", "size": "0.38268715", "price": "3032.64000000", "time": "2025-07-15T14:39:02.522692Z", "fetched_at": "2025-07-15T14:39:32.910948+00:00", "symbol": "ETH-USD"}, {"trade_id": 667358904, "side": "sell", "size": "0.00049485", "price": "3032.63000000", "time": "2025-07-15T14:39:02.522692Z", "fetched_at": "2025-07-15T14:39:32.910948+00:00", "symbol": "ETH-USD"}, {"trade_id": 667358903, "side": "sell", "size": "0.16487794", "price": "3032.55000000", "time": "2025-07-15T14:39:02.522692Z", "fetched_at": "2025-07-15T14:39:32.910948+00:00", "symbol": "ETH-USD"}, {"trade_id": 667358902, "side": "sell", "size": "0.00100000", "price": "3032.55000000", "time": "2025-07-15T14:39:02.522692Z", "fetched_at": "2025-07-15T14:39:32.910948+00:00", "symbol": "ETH-USD"}, {"trade_id": 667358901, "side": "sell", "size": "0.43265584", "price": "3032.45000000", "time": "2025-07-15T14:39:02.522692Z", "fetched_at": "2025-07-15T14:39:32.910948+00:00", "symbol": "ETH-USD"}, {"trade_id": 667358900, "side": "sell", "size": "0.62679876", "price": "3032.38000000", "time": "2025-07-15T14:39:02.522692Z", "fetched_at": "2025-07-15T14:39:32.910948+00:00", "symbol": "ETH-USD"}, {"trade_id": 667358899, "side": "sell", "size": "0.00399225", "price": "3032.37000000", "time": "2025-07-15T14:39:02.522692Z", "fetched_at": "2025-07-15T14:39:32.910948+00:00", "symbol": "ETH-USD"}, {"trade_id": 667358898, "side": "sell", "size": "0.00100000", "price": "3032.32000000", "time": "2025-07-15T14:39:02.522692Z", "fetched_at": "2025-07-15T14:39:32.910948+00:00", "symbol": "ETH-USD"}, {"trade_id": 667358897, "side": "sell", "size": "0.00100000", "price": "3032.09000000", "time": "2025-07-15T14:39:02.518317Z", "fetched_at": "2025-07-15T14:39:32.910948+00:00", "symbol": "ETH-USD"}, {"trade_id": 667358896, "side": "sell", "size": "0.24989797", "price": "3032.00000000", "time": "2025-07-15T14:39:02.191890Z", "fetched_at": "2025-07-15T14:39:32.910948+00:00", "symbol": "ETH-USD"}, {"trade_id": 667358895, "side": "sell", "size": "1.74986022", "price": "3032.00000000", "time": "2025-07-15T14:39:02.191847Z", "fetched_at": "2025-07-15T14:39:32.910948+00:00", "symbol": "ETH-USD"}, {"trade_id": 667358894, "side": "sell", "size": "2.42810061", "price": "3032.00000000", "time": "2025-07-15T14:39:02.191531Z", "fetched_at": "2025-07-15T14:39:32.910948+00:00", "symbol": "ETH-USD"}, {"trade_id": 667358893, "side": "sell", "size": "0.18269187", "price": "3032.00000000", "time": "2025-07-15T14:39:02.191423Z", "fetched_at": "2025-07-15T14:39:32.910948+00:00", "symbol": "ETH-USD"}, {"trade_id": 667358892, "side": "sell", "size": "2.04842672", "price": "3032.00000000", "time": "2025-07-15T14:39:02.188227Z", "fetched_at": "2025-07-15T14:39:32.910948+00:00", "symbol": "ETH-USD"}, {"trade_id": 667358891, "side": "sell", "size": "0.00399225", "price": "3031.99000000", "time": "2025-07-15T14:39:02.188227Z", "fetched_at": "2025-07-15T14:39:32.910948+00:00", "symbol": "ETH-USD"}, {"trade_id": 667358890, "side": "sell", "size": "0.00100000", "price": "3031.86000000", "time": "2025-07-15T14:39:02.188227Z", "fetched_at": "2025-07-15T14:39:32.910948+00:00", "symbol": "ETH-USD"}, {"trade_id": 667358889, "side": "sell", "size": "0.00005032", "price": "3031.84000000", "time": "2025-07-15T14:39:02.188227Z", "fetched_at": "2025-07-15T14:39:32.910948+00:00", "symbol": "ETH-USD"}, {"trade_id": 667358888, "side": "sell", "size": "0.00136904", "price": "3031.84000000", "time": "2025-07-15T14:39:02.188227Z", "fetched_at": "2025-07-15T14:39:32.910948+00:00", "symbol": "ETH-USD"}, {"trade_id": 667358887, "side": "sell", "size": "0.00024004", "price": "3031.77000000", "time": "2025-07-15T14:39:02.188227Z", "fetched_at": "2025-07-15T14:39:32.910948+00:00", "symbol": "ETH-USD"}, {"trade_id": 667358886, "side": "sell", "size": "0.00325104", "price": "3031.74000000", "time": "2025-07-15T14:39:02.188227Z", "fetched_at": "2025-07-15T14:39:32.910948+00:00", "symbol": "ETH-USD"}, {"trade_id": 667358885, "side": "sell", "size": "0.01650206", "price": "3031.74000000", "time": "2025-07-15T14:39:02.188227Z", "fetched_at": "2025-07-15T14:39:32.910948+00:00", "symbol": "ETH-USD"}, {"trade_id": 667358884, "side": "buy", "size": "0.00379651", "price": "3031.73000000", "time": "2025-07-15T14:39:00.356799Z", "fetched_at": "2025-07-15T14:39:32.910948+00:00", "symbol": "ETH-USD"}, {"trade_id": 667358883, "side": "buy", "size": "0.00284985", "price": "3031.73000000", "time": "2025-07-15T14:39:00.356799Z", "fetched_at": "2025-07-15T14:39:32.910948+00:00", "symbol": "ETH-USD"}, {"trade_id": 667358882, "side": "buy", "size": "0.09849000", "price": "3031.73000000", "time": "2025-07-15T14:39:00.356799Z", "fetched_at": "2025-07-15T14:39:32.910948+00:00", "symbol": "ETH-USD"}, {"trade_id": 667358881, "side": "sell", "size": "0.47011180", "price": "3031.33000000", "time": "2025-07-15T14:39:00.240432Z", "fetched_at": "2025-07-15T14:39:32.910948+00:00", "symbol": "ETH-USD"}, {"trade_id": 667358880, "side": "sell", "size": "0.32988820", "price": "3031.33000000", "time": "2025-07-15T14:38:59.816504Z", "fetched_at": "2025-07-15T14:39:32.910948+00:00", "symbol": "ETH-USD"}, {"trade_id": 667358879, "side": "buy", "size": "0.53930498", "price": "3030.78000000", "time": "2025-07-15T14:38:59.585222Z", "fetched_at": "2025-07-15T14:39:32.910948+00:00", "symbol": "ETH-USD"}, {"trade_id": 667358878, "side": "buy", "size": "0.36742709", "price": "3030.87000000", "time": "2025-07-15T14:38:59.585222Z", "fetched_at": "2025-07-15T14:39:32.910948+00:00", "symbol": "ETH-USD"}, {"trade_id": 667358877, "side": "buy", "size": "0.54403924", "price": "3030.88000000", "time": "2025-07-15T14:38:59.585222Z", "fetched_at": "2025-07-15T14:39:32.910948+00:00", "symbol": "ETH-USD"}, {"trade_id": 667358876, "side": "buy", "size": "0.97200000", "price": "3030.90000000", "time": "2025-07-15T14:38:59.585222Z", "fetched_at": "2025-07-15T14:39:32.910948+00:00", "symbol": "ETH-USD"}, {"trade_id": 667358875, "side": "buy", "size": "0.58342258", "price": "3030.91000000", "time": "2025-07-15T14:38:59.585222Z", "fetched_at": "2025-07-15T14:39:32.910948+00:00", "symbol": "ETH-USD"}, {"trade_id": 667358874, "side": "buy", "size": "0.10063110", "price": "3030.92000000", "time": "2025-07-15T14:38:59.585222Z", "fetched_at": "2025-07-15T14:39:32.910948+00:00", "symbol": "ETH-USD"}, {"trade_id": 667358873, "side": "buy", "size": "0.00000329", "price": "3031.13000000", "time": "2025-07-15T14:38:59.585222Z", "fetched_at": "2025-07-15T14:39:32.910948+00:00", "symbol": "ETH-USD"}, {"trade_id": 667358872, "side": "buy", "size": "0.01284339", "price": "3031.13000000", "time": "2025-07-15T14:38:59.585222Z", "fetched_at": "2025-07-15T14:39:32.910948+00:00", "symbol": "ETH-USD"}, {"trade_id": 667358871, "side": "buy", "size": "0.55997337", "price": "3031.32000000", "time": "2025-07-15T14:38:59.585222Z", "fetched_at": "2025-07-15T14:39:32.910948+00:00", "symbol": "ETH-USD"}, {"trade_id": 667358870, "side": "buy", "size": "0.00037875", "price": "3031.32000000", "time": "2025-07-15T14:38:59.585222Z", "fetched_at": "2025-07-15T14:39:32.910948+00:00", "symbol": "ETH-USD"}, {"trade_id": 667358869, "side": "buy", "size": "0.09849000", "price": "3031.32000000", "time": "2025-07-15T14:38:59.585222Z", "fetched_at": "2025-07-15T14:39:32.910948+00:00", "symbol": "ETH-USD"}, {"trade_id": 667358868, "side": "buy", "size": "0.14960475", "price": "3031.26000000", "time": "2025-07-15T14:38:59.045036Z", "fetched_at": "2025-07-15T14:39:32.910948+00:00", "symbol": "ETH-USD"}, {"trade_id": 667358867, "side": "buy", "size": "0.00037571", "price": "3031.27000000", "time": "2025-07-15T14:38:59.045036Z", "fetched_at": "2025-07-15T14:39:32.910948+00:00", "symbol": "ETH-USD"}, {"trade_id": 667358866, "side": "buy", "size": "0.00000659", "price": "3031.65000000", "time": "2025-07-15T14:38:59.045036Z", "fetched_at": "2025-07-15T14:39:32.910948+00:00", "symbol": "ETH-USD"}, {"trade_id": 667358865, "side": "buy", "size": "0.00000329", "price": "3031.65000000", "time": "2025-07-15T14:38:59.045036Z", "fetched_at": "2025-07-15T14:39:32.910948+00:00", "symbol": "ETH-USD"}, {"trade_id": 667358864, "side": "buy", "size": "0.00000966", "price": "3031.74000000", "time": "2025-07-15T14:38:59.045036Z", "fetched_at": "2025-07-15T14:39:32.910948+00:00", "symbol": "ETH-USD"}, {"trade_id": 667358863, "side": "buy", "size": "0.04224000", "price": "3031.74000000", "time": "2025-07-15T14:38:59.044832Z", "fetched_at": "2025-07-15T14:39:32.910948+00:00", "symbol": "ETH-USD"}, {"trade_id": 667358862, "side": "sell", "size": "0.16485281", "price": "3031.73000000", "time": "2025-07-15T14:38:58.482Z", "fetched_at": "2025-07-15T14:39:32.910948+00:00", "symbol": "ETH-USD"}, {"trade_id": 667358861, "side": "sell", "size": "0.00006952", "price": "3031.73000000", "time": "2025-07-15T14:38:58.482Z", "fetched_at": "2025-07-15T14:39:32.910948+00:00", "symbol": "ETH-USD"}, {"trade_id": 667358860, "side": "buy", "size": "0.01926343", "price": "3031.65000000", "time": "2025-07-15T14:38:58.326687Z", "fetched_at": "2025-07-15T14:39:32.910948+00:00", "symbol": "ETH-USD"}, {"trade_id": 667358859, "side": "buy", "size": "0.36766002", "price": "3031.65000000", "time": "2025-07-15T14:38:58.326687Z", "fetched_at": "2025-07-15T14:39:32.910948+00:00", "symbol": "ETH-USD"}, {"trade_id": 667358858, "side": "buy", "size": "0.19000000", "price": "3031.65000000", "time": "2025-07-15T14:38:57.444750Z", "fetched_at": "2025-07-15T14:39:32.910948+00:00", "symbol": "ETH-USD"}, {"trade_id": 667358857, "side": "buy", "size": "0.14773000", "price": "3031.85000000", "time": "2025-07-15T14:38:57.268416Z", "fetched_at": "2025-07-15T14:39:32.910948+00:00", "symbol": "ETH-USD"}, {"trade_id": 667358856, "side": "sell", "size": "0.09994473", "price": "3031.90000000", "time": "2025-07-15T14:38:57.260538Z", "fetched_at": "2025-07-15T14:39:32.910948+00:00", "symbol": "ETH-USD"}, {"trade_id": 667358855, "side": "sell", "size": "0.04489452", "price": "3031.89000000", "time": "2025-07-15T14:38:57.260538Z", "fetched_at": "2025-07-15T14:39:32.910948+00:00", "symbol": "ETH-USD"}, {"trade_id": 667358854, "side": "sell", "size": "0.00825099", "price": "3031.86000000", "time": "2025-07-15T14:38:57.260538Z", "fetched_at": "2025-07-15T14:39:32.910948+00:00", "symbol": "ETH-USD"}, {"trade_id": 667358853, "side": "sell", "size": "0.00555596", "price": "3031.82000000", "time": "2025-07-15T14:38:57.260538Z", "fetched_at": "2025-07-15T14:39:32.910948+00:00", "symbol": "ETH-USD"}, {"trade_id": 667358852, "side": "sell", "size": "0.00017669", "price": "3031.82000000", "time": "2025-07-15T14:38:57.260538Z", "fetched_at": "2025-07-15T14:39:32.910948+00:00", "symbol": "ETH-USD"}, {"trade_id": 667358851, "side": "sell", "size": "0.00040218", "price": "3031.82000000", "time": "2025-07-15T14:38:57.260538Z", "fetched_at": "2025-07-15T14:39:32.910948+00:00", "symbol": "ETH-USD"}, {"trade_id": 667358850, "side": "sell", "size": "0.00402391", "price": "3031.81000000", "time": "2025-07-15T14:38:57.260538Z", "fetched_at": "2025-07-15T14:39:32.910948+00:00", "symbol": "ETH-USD"}, {"trade_id": 667358849, "side": "buy", "size": "0.09849000", "price": "3032.08000000", "time": "2025-07-15T14:38:56.273583Z", "fetched_at": "2025-07-15T14:39:32.910948+00:00", "symbol": "ETH-USD"}, {"trade_id": 667358848, "side": "buy", "size": "0.09429000", "price": "3031.83000000", "time": "2025-07-15T14:38:55.885591Z", "fetched_at": "2025-07-15T14:39:32.910948+00:00", "symbol": "ETH-USD"}