[{"trade_id": 667387762, "side": "buy", "size": "0.01939414", "price": "2996.78000000", "time": "2025-07-15T15:23:19.206946Z", "fetched_at": "2025-07-15T15:23:24.947171+00:00", "symbol": "ETH-USD"}, {"trade_id": 667387761, "side": "buy", "size": "0.10265376", "price": "2996.87000000", "time": "2025-07-15T15:23:19.189491Z", "fetched_at": "2025-07-15T15:23:24.947171+00:00", "symbol": "ETH-USD"}, {"trade_id": 667387760, "side": "buy", "size": "0.00544535", "price": "2997.05000000", "time": "2025-07-15T15:23:19.080060Z", "fetched_at": "2025-07-15T15:23:24.947171+00:00", "symbol": "ETH-USD"}, {"trade_id": 667387759, "side": "sell", "size": "0.02125264", "price": "2997.06000000", "time": "2025-07-15T15:23:19.013235Z", "fetched_at": "2025-07-15T15:23:24.947171+00:00", "symbol": "ETH-USD"}, {"trade_id": 667387758, "side": "sell", "size": "0.00100000", "price": "2997.06000000", "time": "2025-07-15T15:23:19.013235Z", "fetched_at": "2025-07-15T15:23:24.947171+00:00", "symbol": "ETH-USD"}, {"trade_id": 667387757, "side": "sell", "size": "0.00333710", "price": "2996.61000000", "time": "2025-07-15T15:23:18.226209Z", "fetched_at": "2025-07-15T15:23:24.947171+00:00", "symbol": "ETH-USD"}, {"trade_id": 667387756, "side": "sell", "size": "0.00005589", "price": "2996.51000000", "time": "2025-07-15T15:23:18.226209Z", "fetched_at": "2025-07-15T15:23:24.947171+00:00", "symbol": "ETH-USD"}, {"trade_id": 667387755, "side": "sell", "size": "0.00970617", "price": "2996.51000000", "time": "2025-07-15T15:23:18.226209Z", "fetched_at": "2025-07-15T15:23:24.947171+00:00", "symbol": "ETH-USD"}, {"trade_id": 667387754, "side": "sell", "size": "0.00024002", "price": "2996.51000000", "time": "2025-07-15T15:23:18.226209Z", "fetched_at": "2025-07-15T15:23:24.947171+00:00", "symbol": "ETH-USD"}, {"trade_id": 667387753, "side": "sell", "size": "0.24269000", "price": "2996.51000000", "time": "2025-07-15T15:23:18.226209Z", "fetched_at": "2025-07-15T15:23:24.947171+00:00", "symbol": "ETH-USD"}, {"trade_id": 667387752, "side": "buy", "size": "0.05179814", "price": "2996.50000000", "time": "2025-07-15T15:23:17.077007Z", "fetched_at": "2025-07-15T15:23:24.947171+00:00", "symbol": "ETH-USD"}, {"trade_id": 667387751, "side": "buy", "size": "0.00085751", "price": "2996.51000000", "time": "2025-07-15T15:23:17.077007Z", "fetched_at": "2025-07-15T15:23:24.947171+00:00", "symbol": "ETH-USD"}, {"trade_id": 667387750, "side": "buy", "size": "0.02105435", "price": "2996.53000000", "time": "2025-07-15T15:23:17.077007Z", "fetched_at": "2025-07-15T15:23:24.947171+00:00", "symbol": "ETH-USD"}, {"trade_id": 667387749, "side": "sell", "size": "0.00032478", "price": "2996.88000000", "time": "2025-07-15T15:23:16.869317Z", "fetched_at": "2025-07-15T15:23:24.947171+00:00", "symbol": "ETH-USD"}, {"trade_id": 667387748, "side": "sell", "size": "0.00322643", "price": "2996.87000000", "time": "2025-07-15T15:23:16.869317Z", "fetched_at": "2025-07-15T15:23:24.947171+00:00", "symbol": "ETH-USD"}, {"trade_id": 667387747, "side": "buy", "size": "0.00270302", "price": "2996.64000000", "time": "2025-07-15T15:23:16.698226Z", "fetched_at": "2025-07-15T15:23:24.947171+00:00", "symbol": "ETH-USD"}, {"trade_id": 667387746, "side": "buy", "size": "0.03264246", "price": "2996.71000000", "time": "2025-07-15T15:23:16.698226Z", "fetched_at": "2025-07-15T15:23:24.947171+00:00", "symbol": "ETH-USD"}, {"trade_id": 667387745, "side": "buy", "size": "0.41063699", "price": "2996.71000000", "time": "2025-07-15T15:23:16.698226Z", "fetched_at": "2025-07-15T15:23:24.947171+00:00", "symbol": "ETH-USD"}, {"trade_id": 667387744, "side": "buy", "size": "0.00754160", "price": "2996.71000000", "time": "2025-07-15T15:23:16.698226Z", "fetched_at": "2025-07-15T15:23:24.947171+00:00", "symbol": "ETH-USD"}, {"trade_id": 667387743, "side": "buy", "size": "0.01072843", "price": "2996.71000000", "time": "2025-07-15T15:23:16.698226Z", "fetched_at": "2025-07-15T15:23:24.947171+00:00", "symbol": "ETH-USD"}, {"trade_id": 667387742, "side": "buy", "size": "0.00135148", "price": "2996.71000000", "time": "2025-07-15T15:23:16.698226Z", "fetched_at": "2025-07-15T15:23:24.947171+00:00", "symbol": "ETH-USD"}, {"trade_id": 667387741, "side": "buy", "size": "0.79128887", "price": "2996.71000000", "time": "2025-07-15T15:23:16.698226Z", "fetched_at": "2025-07-15T15:23:24.947171+00:00", "symbol": "ETH-USD"}, {"trade_id": 667387740, "side": "buy", "size": "0.00790766", "price": "2996.71000000", "time": "2025-07-15T15:23:16.451753Z", "fetched_at": "2025-07-15T15:23:24.947171+00:00", "symbol": "ETH-USD"}, {"trade_id": 667387739, "side": "buy", "size": "0.02207413", "price": "2996.71000000", "time": "2025-07-15T15:23:16.090266Z", "fetched_at": "2025-07-15T15:23:24.947171+00:00", "symbol": "ETH-USD"}, {"trade_id": 667387738, "side": "buy", "size": "0.01130906", "price": "2996.71000000", "time": "2025-07-15T15:23:16.090266Z", "fetched_at": "2025-07-15T15:23:24.947171+00:00", "symbol": "ETH-USD"}, {"trade_id": 667387737, "side": "sell", "size": "0.00080903", "price": "2996.72000000", "time": "2025-07-15T15:23:16.062845Z", "fetched_at": "2025-07-15T15:23:24.947171+00:00", "symbol": "ETH-USD"}, {"trade_id": 667387736, "side": "sell", "size": "0.00307378", "price": "2996.72000000", "time": "2025-07-15T15:23:16.062845Z", "fetched_at": "2025-07-15T15:23:24.947171+00:00", "symbol": "ETH-USD"}, {"trade_id": 667387735, "side": "sell", "size": "0.00555859", "price": "2996.99000000", "time": "2025-07-15T15:23:15.525117Z", "fetched_at": "2025-07-15T15:23:24.947171+00:00", "symbol": "ETH-USD"}, {"trade_id": 667387734, "side": "sell", "size": "0.00331030", "price": "2996.98000000", "time": "2025-07-15T15:23:15.525117Z", "fetched_at": "2025-07-15T15:23:24.947171+00:00", "symbol": "ETH-USD"}, {"trade_id": 667387733, "side": "sell", "size": "0.02064670", "price": "2997.04000000", "time": "2025-07-15T15:23:15.049667Z", "fetched_at": "2025-07-15T15:23:24.947171+00:00", "symbol": "ETH-USD"}, {"trade_id": 667387732, "side": "sell", "size": "0.00010334", "price": "2997.00000000", "time": "2025-07-15T15:23:15.049667Z", "fetched_at": "2025-07-15T15:23:24.947171+00:00", "symbol": "ETH-USD"}, {"trade_id": 667387731, "side": "sell", "size": "0.02488163", "price": "2996.99000000", "time": "2025-07-15T15:23:15.049667Z", "fetched_at": "2025-07-15T15:23:24.947171+00:00", "symbol": "ETH-USD"}, {"trade_id": 667387730, "side": "sell", "size": "0.00302305", "price": "2996.98000000", "time": "2025-07-15T15:23:15.049667Z", "fetched_at": "2025-07-15T15:23:24.947171+00:00", "symbol": "ETH-USD"}, {"trade_id": 667387729, "side": "sell", "size": "0.32323943", "price": "2996.95000000", "time": "2025-07-15T15:23:14.612618Z", "fetched_at": "2025-07-15T15:23:24.947171+00:00", "symbol": "ETH-USD"}, {"trade_id": 667387728, "side": "sell", "size": "0.00111509", "price": "2996.94000000", "time": "2025-07-15T15:23:14.612618Z", "fetched_at": "2025-07-15T15:23:24.947171+00:00", "symbol": "ETH-USD"}, {"trade_id": 667387727, "side": "sell", "size": "0.00693978", "price": "2996.91000000", "time": "2025-07-15T15:23:14.248674Z", "fetched_at": "2025-07-15T15:23:24.947171+00:00", "symbol": "ETH-USD"}, {"trade_id": 667387726, "side": "sell", "size": "0.00116934", "price": "2996.90000000", "time": "2025-07-15T15:23:14.248674Z", "fetched_at": "2025-07-15T15:23:24.947171+00:00", "symbol": "ETH-USD"}, {"trade_id": 667387725, "side": "buy", "size": "0.01457662", "price": "2996.56000000", "time": "2025-07-15T15:23:14.210595Z", "fetched_at": "2025-07-15T15:23:24.947171+00:00", "symbol": "ETH-USD"}, {"trade_id": 667387724, "side": "buy", "size": "0.00048618", "price": "2996.57000000", "time": "2025-07-15T15:23:14.210595Z", "fetched_at": "2025-07-15T15:23:24.947171+00:00", "symbol": "ETH-USD"}, {"trade_id": 667387723, "side": "buy", "size": "0.01696510", "price": "2996.74000000", "time": "2025-07-15T15:23:14.210595Z", "fetched_at": "2025-07-15T15:23:24.947171+00:00", "symbol": "ETH-USD"}, {"trade_id": 667387722, "side": "sell", "size": "0.01247365", "price": "2996.73000000", "time": "2025-07-15T15:23:13.415608Z", "fetched_at": "2025-07-15T15:23:24.947171+00:00", "symbol": "ETH-USD"}, {"trade_id": 667387721, "side": "sell", "size": "0.00044500", "price": "2996.63000000", "time": "2025-07-15T15:23:13.415608Z", "fetched_at": "2025-07-15T15:23:24.947171+00:00", "symbol": "ETH-USD"}, {"trade_id": 667387720, "side": "sell", "size": "0.00324370", "price": "2996.57000000", "time": "2025-07-15T15:23:13.415608Z", "fetched_at": "2025-07-15T15:23:24.947171+00:00", "symbol": "ETH-USD"}, {"trade_id": 667387719, "side": "sell", "size": "0.00005589", "price": "2996.52000000", "time": "2025-07-15T15:23:13.415608Z", "fetched_at": "2025-07-15T15:23:24.947171+00:00", "symbol": "ETH-USD"}, {"trade_id": 667387718, "side": "buy", "size": "0.00485493", "price": "2996.29000000", "time": "2025-07-15T15:23:12.858225Z", "fetched_at": "2025-07-15T15:23:24.947171+00:00", "symbol": "ETH-USD"}, {"trade_id": 667387717, "side": "buy", "size": "0.00076433", "price": "2996.29000000", "time": "2025-07-15T15:23:12.858225Z", "fetched_at": "2025-07-15T15:23:24.947171+00:00", "symbol": "ETH-USD"}, {"trade_id": 667387716, "side": "buy", "size": "0.97200000", "price": "2996.27000000", "time": "2025-07-15T15:23:12.548855Z", "fetched_at": "2025-07-15T15:23:24.947171+00:00", "symbol": "ETH-USD"}, {"trade_id": 667387715, "side": "buy", "size": "0.00088879", "price": "2996.28000000", "time": "2025-07-15T15:23:12.548855Z", "fetched_at": "2025-07-15T15:23:24.947171+00:00", "symbol": "ETH-USD"}, {"trade_id": 667387714, "side": "buy", "size": "0.00100000", "price": "2996.40000000", "time": "2025-07-15T15:23:12.548855Z", "fetched_at": "2025-07-15T15:23:24.947171+00:00", "symbol": "ETH-USD"}, {"trade_id": 667387713, "side": "buy", "size": "0.00269971", "price": "2996.61000000", "time": "2025-07-15T15:23:12.548855Z", "fetched_at": "2025-07-15T15:23:24.947171+00:00", "symbol": "ETH-USD"}, {"trade_id": 667387712, "side": "buy", "size": "0.02317618", "price": "2996.61000000", "time": "2025-07-15T15:23:12.548855Z", "fetched_at": "2025-07-15T15:23:24.947171+00:00", "symbol": "ETH-USD"}, {"trade_id": 667387711, "side": "buy", "size": "0.40314087", "price": "2996.62000000", "time": "2025-07-15T15:23:12.548855Z", "fetched_at": "2025-07-15T15:23:24.947171+00:00", "symbol": "ETH-USD"}, {"trade_id": 667387710, "side": "buy", "size": "0.00087082", "price": "2996.62000000", "time": "2025-07-15T15:23:12.548855Z", "fetched_at": "2025-07-15T15:23:24.947171+00:00", "symbol": "ETH-USD"}, {"trade_id": 667387709, "side": "buy", "size": "0.01609480", "price": "2996.62000000", "time": "2025-07-15T15:23:12.548855Z", "fetched_at": "2025-07-15T15:23:24.947171+00:00", "symbol": "ETH-USD"}, {"trade_id": 667387708, "side": "buy", "size": "0.07996676", "price": "2996.62000000", "time": "2025-07-15T15:23:12.548855Z", "fetched_at": "2025-07-15T15:23:24.947171+00:00", "symbol": "ETH-USD"}, {"trade_id": 667387707, "side": "buy", "size": "0.00100000", "price": "2996.62000000", "time": "2025-07-15T15:23:12.548855Z", "fetched_at": "2025-07-15T15:23:24.947171+00:00", "symbol": "ETH-USD"}, {"trade_id": 667387706, "side": "sell", "size": "0.00133500", "price": "2996.78000000", "time": "2025-07-15T15:23:11.923355Z", "fetched_at": "2025-07-15T15:23:24.947171+00:00", "symbol": "ETH-USD"}, {"trade_id": 667387705, "side": "sell", "size": "0.02152567", "price": "2996.86000000", "time": "2025-07-15T15:23:11.772726Z", "fetched_at": "2025-07-15T15:23:24.947171+00:00", "symbol": "ETH-USD"}, {"trade_id": 667387704, "side": "sell", "size": "0.00326819", "price": "2996.85000000", "time": "2025-07-15T15:23:11.772726Z", "fetched_at": "2025-07-15T15:23:24.947171+00:00", "symbol": "ETH-USD"}, {"trade_id": 667387703, "side": "sell", "size": "0.02934634", "price": "2997.04000000", "time": "2025-07-15T15:23:11.621376Z", "fetched_at": "2025-07-15T15:23:24.947171+00:00", "symbol": "ETH-USD"}, {"trade_id": 667387702, "side": "sell", "size": "0.00309241", "price": "2997.03000000", "time": "2025-07-15T15:23:11.621376Z", "fetched_at": "2025-07-15T15:23:24.947171+00:00", "symbol": "ETH-USD"}, {"trade_id": 667387701, "side": "buy", "size": "0.62742611", "price": "2997.07000000", "time": "2025-07-15T15:23:11.559222Z", "fetched_at": "2025-07-15T15:23:24.947171+00:00", "symbol": "ETH-USD"}, {"trade_id": 667387700, "side": "buy", "size": "0.02290236", "price": "2997.07000000", "time": "2025-07-15T15:23:11.559222Z", "fetched_at": "2025-07-15T15:23:24.947171+00:00", "symbol": "ETH-USD"}, {"trade_id": 667387699, "side": "buy", "size": "0.93107601", "price": "2997.07000000", "time": "2025-07-15T15:23:11.559222Z", "fetched_at": "2025-07-15T15:23:24.947171+00:00", "symbol": "ETH-USD"}, {"trade_id": 667387698, "side": "buy", "size": "0.00135465", "price": "2997.07000000", "time": "2025-07-15T15:23:11.559222Z", "fetched_at": "2025-07-15T15:23:24.947171+00:00", "symbol": "ETH-USD"}, {"trade_id": 667387697, "side": "buy", "size": "0.05222433", "price": "2997.07000000", "time": "2025-07-15T15:23:11.559222Z", "fetched_at": "2025-07-15T15:23:24.947171+00:00", "symbol": "ETH-USD"}, {"trade_id": 667387696, "side": "sell", "size": "0.00668770", "price": "2997.35000000", "time": "2025-07-15T15:23:11.220223Z", "fetched_at": "2025-07-15T15:23:24.947171+00:00", "symbol": "ETH-USD"}, {"trade_id": 667387695, "side": "sell", "size": "0.00304391", "price": "2997.08000000", "time": "2025-07-15T15:23:11.220223Z", "fetched_at": "2025-07-15T15:23:24.947171+00:00", "symbol": "ETH-USD"}, {"trade_id": 667387694, "side": "sell", "size": "0.02253543", "price": "2997.37000000", "time": "2025-07-15T15:23:10.882272Z", "fetched_at": "2025-07-15T15:23:24.947171+00:00", "symbol": "ETH-USD"}, {"trade_id": 667387693, "side": "sell", "size": "0.00727698", "price": "2997.20000000", "time": "2025-07-15T15:23:10.882272Z", "fetched_at": "2025-07-15T15:23:24.947171+00:00", "symbol": "ETH-USD"}, {"trade_id": 667387692, "side": "sell", "size": "0.00323643", "price": "2997.20000000", "time": "2025-07-15T15:23:10.882272Z", "fetched_at": "2025-07-15T15:23:24.947171+00:00", "symbol": "ETH-USD"}, {"trade_id": 667387691, "side": "sell", "size": "0.00104483", "price": "2997.20000000", "time": "2025-07-15T15:23:10.750199Z", "fetched_at": "2025-07-15T15:23:24.947171+00:00", "symbol": "ETH-USD"}, {"trade_id": 667387690, "side": "sell", "size": "0.00995102", "price": "2997.08000000", "time": "2025-07-15T15:23:10.750199Z", "fetched_at": "2025-07-15T15:23:24.947171+00:00", "symbol": "ETH-USD"}, {"trade_id": 667387689, "side": "sell", "size": "0.00014627", "price": "2997.08000000", "time": "2025-07-15T15:23:10.750199Z", "fetched_at": "2025-07-15T15:23:24.947171+00:00", "symbol": "ETH-USD"}, {"trade_id": 667387688, "side": "sell", "size": "0.00325788", "price": "2997.08000000", "time": "2025-07-15T15:23:10.750199Z", "fetched_at": "2025-07-15T15:23:24.947171+00:00", "symbol": "ETH-USD"}, {"trade_id": 667387687, "side": "sell", "size": "0.00322184", "price": "2997.43000000", "time": "2025-07-15T15:23:09.545034Z", "fetched_at": "2025-07-15T15:23:24.947171+00:00", "symbol": "ETH-USD"}, {"trade_id": 667387686, "side": "sell", "size": "0.00811183", "price": "2997.32000000", "time": "2025-07-15T15:23:09.413927Z", "fetched_at": "2025-07-15T15:23:24.947171+00:00", "symbol": "ETH-USD"}, {"trade_id": 667387685, "side": "sell", "size": "0.00327728", "price": "2996.99000000", "time": "2025-07-15T15:23:09.411655Z", "fetched_at": "2025-07-15T15:23:24.947171+00:00", "symbol": "ETH-USD"}, {"trade_id": 667387684, "side": "sell", "size": "0.00001758", "price": "2997.33000000", "time": "2025-07-15T15:23:09.349101Z", "fetched_at": "2025-07-15T15:23:24.947171+00:00", "symbol": "ETH-USD"}, {"trade_id": 667387683, "side": "sell", "size": "0.00328710", "price": "2996.98000000", "time": "2025-07-15T15:23:09.349101Z", "fetched_at": "2025-07-15T15:23:24.947171+00:00", "symbol": "ETH-USD"}, {"trade_id": 667387682, "side": "sell", "size": "0.06174251", "price": "2997.34000000", "time": "2025-07-15T15:23:09.331050Z", "fetched_at": "2025-07-15T15:23:24.947171+00:00", "symbol": "ETH-USD"}, {"trade_id": 667387681, "side": "sell", "size": "0.00100000", "price": "2997.28000000", "time": "2025-07-15T15:23:09.331050Z", "fetched_at": "2025-07-15T15:23:24.947171+00:00", "symbol": "ETH-USD"}, {"trade_id": 667387680, "side": "sell", "size": "0.00005870", "price": "2997.22000000", "time": "2025-07-15T15:23:09.331050Z", "fetched_at": "2025-07-15T15:23:24.947171+00:00", "symbol": "ETH-USD"}, {"trade_id": 667387679, "side": "sell", "size": "0.00328710", "price": "2996.97000000", "time": "2025-07-15T15:23:09.331050Z", "fetched_at": "2025-07-15T15:23:24.947171+00:00", "symbol": "ETH-USD"}, {"trade_id": 667387678, "side": "sell", "size": "0.00099857", "price": "2997.25000000", "time": "2025-07-15T15:23:09.141079Z", "fetched_at": "2025-07-15T15:23:24.947171+00:00", "symbol": "ETH-USD"}, {"trade_id": 667387677, "side": "sell", "size": "0.02591566", "price": "2997.18000000", "time": "2025-07-15T15:23:08.984388Z", "fetched_at": "2025-07-15T15:23:24.947171+00:00", "symbol": "ETH-USD"}, {"trade_id": 667387676, "side": "sell", "size": "0.00100000", "price": "2997.06000000", "time": "2025-07-15T15:23:08.984388Z", "fetched_at": "2025-07-15T15:23:24.947171+00:00", "symbol": "ETH-USD"}, {"trade_id": 667387675, "side": "buy", "size": "0.11116330", "price": "2997.03000000", "time": "2025-07-15T15:23:08.625264Z", "fetched_at": "2025-07-15T15:23:24.947171+00:00", "symbol": "ETH-USD"}, {"trade_id": 667387674, "side": "sell", "size": "0.03143931", "price": "2996.95000000", "time": "2025-07-15T15:23:08.575703Z", "fetched_at": "2025-07-15T15:23:24.947171+00:00", "symbol": "ETH-USD"}, {"trade_id": 667387673, "side": "sell", "size": "0.00100000", "price": "2996.84000000", "time": "2025-07-15T15:23:08.575703Z", "fetched_at": "2025-07-15T15:23:24.947171+00:00", "symbol": "ETH-USD"}, {"trade_id": 667387672, "side": "sell", "size": "0.00995102", "price": "2996.62000000", "time": "2025-07-15T15:23:08.555750Z", "fetched_at": "2025-07-15T15:23:24.947171+00:00", "symbol": "ETH-USD"}, {"trade_id": 667387671, "side": "sell", "size": "0.00100000", "price": "2996.62000000", "time": "2025-07-15T15:23:08.555750Z", "fetched_at": "2025-07-15T15:23:24.947171+00:00", "symbol": "ETH-USD"}, {"trade_id": 667387670, "side": "buy", "size": "0.00840685", "price": "2996.12000000", "time": "2025-07-15T15:23:07.519043Z", "fetched_at": "2025-07-15T15:23:24.947171+00:00", "symbol": "ETH-USD"}, {"trade_id": 667387669, "side": "buy", "size": "0.47270616", "price": "2996.18000000", "time": "2025-07-15T15:23:07.519043Z", "fetched_at": "2025-07-15T15:23:24.947171+00:00", "symbol": "ETH-USD"}, {"trade_id": 667387668, "side": "buy", "size": "0.22537302", "price": "2996.41000000", "time": "2025-07-15T15:23:07.519043Z", "fetched_at": "2025-07-15T15:23:24.947171+00:00", "symbol": "ETH-USD"}, {"trade_id": 667387667, "side": "buy", "size": "0.00157134", "price": "2996.42000000", "time": "2025-07-15T15:23:07.519043Z", "fetched_at": "2025-07-15T15:23:24.947171+00:00", "symbol": "ETH-USD"}, {"trade_id": 667387666, "side": "sell", "size": "0.34038199", "price": "2996.41000000", "time": "2025-07-15T15:23:07.045743Z", "fetched_at": "2025-07-15T15:23:24.947171+00:00", "symbol": "ETH-USD"}, {"trade_id": 667387665, "side": "sell", "size": "0.83458103", "price": "2996.41000000", "time": "2025-07-15T15:23:07.045743Z", "fetched_at": "2025-07-15T15:23:24.947171+00:00", "symbol": "ETH-USD"}, {"trade_id": 667387664, "side": "sell", "size": "0.00333807", "price": "2996.40000000", "time": "2025-07-15T15:23:07.045743Z", "fetched_at": "2025-07-15T15:23:24.947171+00:00", "symbol": "ETH-USD"}, {"trade_id": 667387663, "side": "sell", "size": "0.00100000", "price": "2996.40000000", "time": "2025-07-15T15:23:07.045743Z", "fetched_at": "2025-07-15T15:23:24.947171+00:00", "symbol": "ETH-USD"}, {"trade_id": 667387662, "side": "sell", "size": "0.00100000", "price": "2996.18000000", "time": "2025-07-15T15:23:07.045743Z", "fetched_at": "2025-07-15T15:23:24.947171+00:00", "symbol": "ETH-USD"}, {"trade_id": 667387661, "side": "sell", "size": "0.00655815", "price": "2996.09000000", "time": "2025-07-15T15:23:07.045743Z", "fetched_at": "2025-07-15T15:23:24.947171+00:00", "symbol": "ETH-USD"}, {"trade_id": 667387660, "side": "buy", "size": "0.09179130", "price": "2996.05000000", "time": "2025-07-15T15:23:06.640332Z", "fetched_at": "2025-07-15T15:23:24.947171+00:00", "symbol": "ETH-USD"}, {"trade_id": 667387659, "side": "sell", "size": "0.00003900", "price": "2995.87000000", "time": "2025-07-15T15:23:05.858936Z", "fetched_at": "2025-07-15T15:23:24.947171+00:00", "symbol": "ETH-USD"}, {"trade_id": 667387658, "side": "sell", "size": "0.00327173", "price": "2996.06000000", "time": "2025-07-15T15:23:05.810376Z", "fetched_at": "2025-07-15T15:23:24.947171+00:00", "symbol": "ETH-USD"}, {"trade_id": 667387657, "side": "sell", "size": "0.00333827", "price": "2995.87000000", "time": "2025-07-15T15:23:05.810376Z", "fetched_at": "2025-07-15T15:23:24.947171+00:00", "symbol": "ETH-USD"}, {"trade_id": 667387656, "side": "sell", "size": "0.00322184", "price": "2996.04000000", "time": "2025-07-15T15:23:05.457438Z", "fetched_at": "2025-07-15T15:23:24.947171+00:00", "symbol": "ETH-USD"}, {"trade_id": 667387655, "side": "sell", "size": "0.00333909", "price": "2995.67000000", "time": "2025-07-15T15:23:05.375002Z", "fetched_at": "2025-07-15T15:23:24.947171+00:00", "symbol": "ETH-USD"}, {"trade_id": 667387654, "side": "sell", "size": "0.00834627", "price": "2995.67000000", "time": "2025-07-15T15:23:05.375002Z", "fetched_at": "2025-07-15T15:23:24.947171+00:00", "symbol": "ETH-USD"}, {"trade_id": 667387653, "side": "buy", "size": "0.00100151", "price": "2995.66000000", "time": "2025-07-15T15:23:05.263741Z", "fetched_at": "2025-07-15T15:23:24.947171+00:00", "symbol": "ETH-USD"}, {"trade_id": 667387652, "side": "sell", "size": "0.00477003", "price": "2995.67000000", "time": "2025-07-15T15:23:04.551689Z", "fetched_at": "2025-07-15T15:23:24.947171+00:00", "symbol": "ETH-USD"}, {"trade_id": 667387651, "side": "sell", "size": "0.00333909", "price": "2995.67000000", "time": "2025-07-15T15:23:04.551689Z", "fetched_at": "2025-07-15T15:23:24.947171+00:00", "symbol": "ETH-USD"}, {"trade_id": 667387650, "side": "sell", "size": "0.01248910", "price": "2995.81000000", "time": "2025-07-15T15:23:03.424911Z", "fetched_at": "2025-07-15T15:23:24.947171+00:00", "symbol": "ETH-USD"}, {"trade_id": 667387649, "side": "sell", "size": "0.00333909", "price": "2995.67000000", "time": "2025-07-15T15:23:03.424911Z", "fetched_at": "2025-07-15T15:23:24.947171+00:00", "symbol": "ETH-USD"}, {"trade_id": 667387648, "side": "sell", "size": "0.00473847", "price": "2995.81000000", "time": "2025-07-15T15:23:03.334605Z", "fetched_at": "2025-07-15T15:23:24.947171+00:00", "symbol": "ETH-USD"}, {"trade_id": 667387647, "side": "sell", "size": "0.00003503", "price": "2995.72000000", "time": "2025-07-15T15:23:03.334605Z", "fetched_at": "2025-07-15T15:23:24.947171+00:00", "symbol": "ETH-USD"}, {"trade_id": 667387646, "side": "sell", "size": "0.00333909", "price": "2995.67000000", "time": "2025-07-15T15:23:03.334605Z", "fetched_at": "2025-07-15T15:23:24.947171+00:00", "symbol": "ETH-USD"}, {"trade_id": 667387645, "side": "sell", "size": "0.02901974", "price": "2995.97000000", "time": "2025-07-15T15:23:03.000244Z", "fetched_at": "2025-07-15T15:23:24.947171+00:00", "symbol": "ETH-USD"}, {"trade_id": 667387644, "side": "sell", "size": "0.00005307", "price": "2995.72000000", "time": "2025-07-15T15:23:03.000244Z", "fetched_at": "2025-07-15T15:23:24.947171+00:00", "symbol": "ETH-USD"}, {"trade_id": 667387643, "side": "sell", "size": "0.00006042", "price": "2995.72000000", "time": "2025-07-15T15:23:03.000244Z", "fetched_at": "2025-07-15T15:23:24.947171+00:00", "symbol": "ETH-USD"}, {"trade_id": 667387642, "side": "sell", "size": "0.00040882", "price": "2995.72000000", "time": "2025-07-15T15:23:03.000244Z", "fetched_at": "2025-07-15T15:23:24.947171+00:00", "symbol": "ETH-USD"}, {"trade_id": 667387641, "side": "sell", "size": "0.00024000", "price": "2995.72000000", "time": "2025-07-15T15:23:03.000244Z", "fetched_at": "2025-07-15T15:23:24.947171+00:00", "symbol": "ETH-USD"}, {"trade_id": 667387640, "side": "sell", "size": "0.00333909", "price": "2995.72000000", "time": "2025-07-15T15:23:03.000244Z", "fetched_at": "2025-07-15T15:23:24.947171+00:00", "symbol": "ETH-USD"}, {"trade_id": 667387639, "side": "sell", "size": "0.26457248", "price": "2995.98000000", "time": "2025-07-15T15:23:02.893266Z", "fetched_at": "2025-07-15T15:23:24.947171+00:00", "symbol": "ETH-USD"}, {"trade_id": 667387638, "side": "sell", "size": "0.10000000", "price": "2995.97000000", "time": "2025-07-15T15:23:02.893266Z", "fetched_at": "2025-07-15T15:23:24.947171+00:00", "symbol": "ETH-USD"}, {"trade_id": 667387637, "side": "sell", "size": "0.00100000", "price": "2995.96000000", "time": "2025-07-15T15:23:02.893266Z", "fetched_at": "2025-07-15T15:23:24.947171+00:00", "symbol": "ETH-USD"}, {"trade_id": 667387636, "side": "sell", "size": "0.00050418", "price": "2995.96000000", "time": "2025-07-15T15:23:02.893266Z", "fetched_at": "2025-07-15T15:23:24.947171+00:00", "symbol": "ETH-USD"}, {"trade_id": 667387635, "side": "sell", "size": "0.00096004", "price": "2995.96000000", "time": "2025-07-15T15:23:02.893266Z", "fetched_at": "2025-07-15T15:23:24.947171+00:00", "symbol": "ETH-USD"}, {"trade_id": 667387634, "side": "sell", "size": "0.00016766", "price": "2995.96000000", "time": "2025-07-15T15:23:02.893266Z", "fetched_at": "2025-07-15T15:23:24.947171+00:00", "symbol": "ETH-USD"}, {"trade_id": 667387633, "side": "sell", "size": "0.00540992", "price": "2995.96000000", "time": "2025-07-15T15:23:02.893266Z", "fetched_at": "2025-07-15T15:23:24.947171+00:00", "symbol": "ETH-USD"}, {"trade_id": 667387632, "side": "sell", "size": "0.00333909", "price": "2995.72000000", "time": "2025-07-15T15:23:02.893266Z", "fetched_at": "2025-07-15T15:23:24.947171+00:00", "symbol": "ETH-USD"}, {"trade_id": 667387631, "side": "sell", "size": "0.32436089", "price": "2995.52000000", "time": "2025-07-15T15:23:02.652962Z", "fetched_at": "2025-07-15T15:23:24.947171+00:00", "symbol": "ETH-USD"}, {"trade_id": 667387630, "side": "buy", "size": "0.01373600", "price": "2995.51000000", "time": "2025-07-15T15:23:02.479592Z", "fetched_at": "2025-07-15T15:23:24.947171+00:00", "symbol": "ETH-USD"}, {"trade_id": 667387629, "side": "sell", "size": "0.00009900", "price": "2995.38000000", "time": "2025-07-15T15:23:02.031799Z", "fetched_at": "2025-07-15T15:23:24.947171+00:00", "symbol": "ETH-USD"}, {"trade_id": 667387628, "side": "sell", "size": "0.00477095", "price": "2995.38000000", "time": "2025-07-15T15:23:01.954786Z", "fetched_at": "2025-07-15T15:23:24.947171+00:00", "symbol": "ETH-USD"}, {"trade_id": 667387627, "side": "sell", "size": "0.00333817", "price": "2994.89000000", "time": "2025-07-15T15:23:01.954786Z", "fetched_at": "2025-07-15T15:23:24.947171+00:00", "symbol": "ETH-USD"}, {"trade_id": 667387626, "side": "sell", "size": "0.00041306", "price": "2994.89000000", "time": "2025-07-15T15:23:01.728281Z", "fetched_at": "2025-07-15T15:23:24.947171+00:00", "symbol": "ETH-USD"}, {"trade_id": 667387625, "side": "sell", "size": "0.01248391", "price": "2995.03000000", "time": "2025-07-15T15:23:01.593772Z", "fetched_at": "2025-07-15T15:23:24.947171+00:00", "symbol": "ETH-USD"}, {"trade_id": 667387624, "side": "sell", "size": "0.00333817", "price": "2994.89000000", "time": "2025-07-15T15:23:01.593772Z", "fetched_at": "2025-07-15T15:23:24.947171+00:00", "symbol": "ETH-USD"}, {"trade_id": 667387623, "side": "buy", "size": "0.00808026", "price": "2994.94000000", "time": "2025-07-15T15:23:01.468676Z", "fetched_at": "2025-07-15T15:23:24.947171+00:00", "symbol": "ETH-USD"}, {"trade_id": 667387622, "side": "buy", "size": "0.37596930", "price": "2994.99000000", "time": "2025-07-15T15:23:01.468676Z", "fetched_at": "2025-07-15T15:23:24.947171+00:00", "symbol": "ETH-USD"}, {"trade_id": 667387621, "side": "buy", "size": "0.00075541", "price": "2995.00000000", "time": "2025-07-15T15:23:01.468676Z", "fetched_at": "2025-07-15T15:23:24.947171+00:00", "symbol": "ETH-USD"}, {"trade_id": 667387620, "side": "buy", "size": "0.00100000", "price": "2995.30000000", "time": "2025-07-15T15:23:01.468676Z", "fetched_at": "2025-07-15T15:23:24.947171+00:00", "symbol": "ETH-USD"}, {"trade_id": 667387619, "side": "buy", "size": "0.00094244", "price": "2995.55000000", "time": "2025-07-15T15:23:01.266446Z", "fetched_at": "2025-07-15T15:23:24.947171+00:00", "symbol": "ETH-USD"}, {"trade_id": 667387618, "side": "buy", "size": "0.83460059", "price": "2995.44000000", "time": "2025-07-15T15:23:01.257064Z", "fetched_at": "2025-07-15T15:23:24.947171+00:00", "symbol": "ETH-USD"}, {"trade_id": 667387617, "side": "buy", "size": "0.03226883", "price": "2995.46000000", "time": "2025-07-15T15:23:01.257064Z", "fetched_at": "2025-07-15T15:23:24.947171+00:00", "symbol": "ETH-USD"}, {"trade_id": 667387616, "side": "buy", "size": "0.54095531", "price": "2995.46000000", "time": "2025-07-15T15:23:01.257064Z", "fetched_at": "2025-07-15T15:23:24.947171+00:00", "symbol": "ETH-USD"}, {"trade_id": 667387615, "side": "buy", "size": "0.00000667", "price": "2995.46000000", "time": "2025-07-15T15:23:01.257064Z", "fetched_at": "2025-07-15T15:23:24.947171+00:00", "symbol": "ETH-USD"}, {"trade_id": 667387614, "side": "buy", "size": "0.30732209", "price": "2995.48000000", "time": "2025-07-15T15:23:01.257064Z", "fetched_at": "2025-07-15T15:23:24.947171+00:00", "symbol": "ETH-USD"}, {"trade_id": 667387613, "side": "buy", "size": "0.66606471", "price": "2995.49000000", "time": "2025-07-15T15:23:01.257064Z", "fetched_at": "2025-07-15T15:23:24.947171+00:00", "symbol": "ETH-USD"}, {"trade_id": 667387612, "side": "buy", "size": "0.16691447", "price": "2995.54000000", "time": "2025-07-15T15:23:01.257064Z", "fetched_at": "2025-07-15T15:23:24.947171+00:00", "symbol": "ETH-USD"}, {"trade_id": 667387611, "side": "buy", "size": "0.00094244", "price": "2995.55000000", "time": "2025-07-15T15:23:01.257064Z", "fetched_at": "2025-07-15T15:23:24.947171+00:00", "symbol": "ETH-USD"}, {"trade_id": 667387610, "side": "buy", "size": "0.12304000", "price": "2995.86000000", "time": "2025-07-15T15:23:01.257064Z", "fetched_at": "2025-07-15T15:23:24.947171+00:00", "symbol": "ETH-USD"}, {"trade_id": 667387609, "side": "buy", "size": "0.12304000", "price": "2995.87000000", "time": "2025-07-15T15:23:01.213940Z", "fetched_at": "2025-07-15T15:23:24.947171+00:00", "symbol": "ETH-USD"}, {"trade_id": 667387608, "side": "buy", "size": "0.18029005", "price": "2995.95000000", "time": "2025-07-15T15:23:01.152921Z", "fetched_at": "2025-07-15T15:23:24.947171+00:00", "symbol": "ETH-USD"}, {"trade_id": 667387607, "side": "sell", "size": "0.00788562", "price": "2995.96000000", "time": "2025-07-15T15:23:01.102407Z", "fetched_at": "2025-07-15T15:23:24.947171+00:00", "symbol": "ETH-USD"}, {"trade_id": 667387606, "side": "sell", "size": "0.00100000", "price": "2995.96000000", "time": "2025-07-15T15:23:01.102407Z", "fetched_at": "2025-07-15T15:23:24.947171+00:00", "symbol": "ETH-USD"}, {"trade_id": 667387605, "side": "sell", "size": "0.00072006", "price": "2995.96000000", "time": "2025-07-15T15:23:01.102407Z", "fetched_at": "2025-07-15T15:23:24.947171+00:00", "symbol": "ETH-USD"}, {"trade_id": 667387604, "side": "sell", "size": "0.00021926", "price": "2995.96000000", "time": "2025-07-15T15:23:01.102407Z", "fetched_at": "2025-07-15T15:23:24.947171+00:00", "symbol": "ETH-USD"}, {"trade_id": 667387603, "side": "sell", "size": "0.00011177", "price": "2995.96000000", "time": "2025-07-15T15:23:01.102407Z", "fetched_at": "2025-07-15T15:23:24.947171+00:00", "symbol": "ETH-USD"}, {"trade_id": 667387602, "side": "sell", "size": "0.00741382", "price": "2995.75000000", "time": "2025-07-15T15:23:00.803605Z", "fetched_at": "2025-07-15T15:23:24.947171+00:00", "symbol": "ETH-USD"}, {"trade_id": 667387601, "side": "sell", "size": "0.00100000", "price": "2995.52000000", "time": "2025-07-15T15:23:00.541691Z", "fetched_at": "2025-07-15T15:23:24.947171+00:00", "symbol": "ETH-USD"}, {"trade_id": 667387600, "side": "sell", "size": "0.01258104", "price": "2995.47000000", "time": "2025-07-15T15:23:00.541691Z", "fetched_at": "2025-07-15T15:23:24.947171+00:00", "symbol": "ETH-USD"}, {"trade_id": 667387599, "side": "sell", "size": "0.00150479", "price": "2995.47000000", "time": "2025-07-15T15:23:00.306034Z", "fetched_at": "2025-07-15T15:23:24.947171+00:00", "symbol": "ETH-USD"}, {"trade_id": 667387598, "side": "buy", "size": "0.13926168", "price": "2995.15000000", "time": "2025-07-15T15:22:59.261364Z", "fetched_at": "2025-07-15T15:23:24.947171+00:00", "symbol": "ETH-USD"}, {"trade_id": 667387597, "side": "buy", "size": "0.19705628", "price": "2995.16000000", "time": "2025-07-15T15:22:59.261364Z", "fetched_at": "2025-07-15T15:23:24.947171+00:00", "symbol": "ETH-USD"}, {"trade_id": 667387596, "side": "buy", "size": "0.16273975", "price": "2995.17000000", "time": "2025-07-15T15:22:59.261364Z", "fetched_at": "2025-07-15T15:23:24.947171+00:00", "symbol": "ETH-USD"}, {"trade_id": 667387595, "side": "buy", "size": "0.19990044", "price": "2995.18000000", "time": "2025-07-15T15:22:59.261364Z", "fetched_at": "2025-07-15T15:23:24.947171+00:00", "symbol": "ETH-USD"}, {"trade_id": 667387594, "side": "buy", "size": "0.00048218", "price": "2995.19000000", "time": "2025-07-15T15:22:59.261364Z", "fetched_at": "2025-07-15T15:23:24.947171+00:00", "symbol": "ETH-USD"}, {"trade_id": 667387593, "side": "buy", "size": "0.00032092", "price": "2995.19000000", "time": "2025-07-15T15:22:59.259330Z", "fetched_at": "2025-07-15T15:23:24.947171+00:00", "symbol": "ETH-USD"}, {"trade_id": 667387592, "side": "buy", "size": "0.00000667", "price": "2995.48000000", "time": "2025-07-15T15:22:59.259330Z", "fetched_at": "2025-07-15T15:23:24.947171+00:00", "symbol": "ETH-USD"}, {"trade_id": 667387591, "side": "buy", "size": "0.12237316", "price": "2995.48000000", "time": "2025-07-15T15:22:59.259330Z", "fetched_at": "2025-07-15T15:23:24.947171+00:00", "symbol": "ETH-USD"}, {"trade_id": 667387590, "side": "buy", "size": "0.00066684", "price": "2995.48000000", "time": "2025-07-15T15:22:59.258870Z", "fetched_at": "2025-07-15T15:23:24.947171+00:00", "symbol": "ETH-USD"}, {"trade_id": 667387589, "side": "sell", "size": "0.54239808", "price": "2995.05000000", "time": "2025-07-15T15:22:58.908926Z", "fetched_at": "2025-07-15T15:23:24.947171+00:00", "symbol": "ETH-USD"}, {"trade_id": 667387588, "side": "sell", "size": "0.00795282", "price": "2994.96000000", "time": "2025-07-15T15:22:58.908926Z", "fetched_at": "2025-07-15T15:23:24.947171+00:00", "symbol": "ETH-USD"}, {"trade_id": 667387587, "side": "sell", "size": "0.01091874", "price": "2994.96000000", "time": "2025-07-15T15:22:58.908926Z", "fetched_at": "2025-07-15T15:23:24.947171+00:00", "symbol": "ETH-USD"}, {"trade_id": 667387586, "side": "buy", "size": "0.00649112", "price": "2994.86000000", "time": "2025-07-15T15:22:57.744297Z", "fetched_at": "2025-07-15T15:23:24.947171+00:00", "symbol": "ETH-USD"}, {"trade_id": 667387585, "side": "buy", "size": "0.18204189", "price": "2994.86000000", "time": "2025-07-15T15:22:57.744297Z", "fetched_at": "2025-07-15T15:23:24.947171+00:00", "symbol": "ETH-USD"}, {"trade_id": 667387584, "side": "buy", "size": "0.00100000", "price": "2994.86000000", "time": "2025-07-15T15:22:57.744297Z", "fetched_at": "2025-07-15T15:23:24.947171+00:00", "symbol": "ETH-USD"}, {"trade_id": 667387583, "side": "buy", "size": "0.00804353", "price": "2994.95000000", "time": "2025-07-15T15:22:57.744297Z", "fetched_at": "2025-07-15T15:23:24.947171+00:00", "symbol": "ETH-USD"}, {"trade_id": 667387582, "side": "buy", "size": "0.01087163", "price": "2994.95000000", "time": "2025-07-15T15:22:57.733705Z", "fetched_at": "2025-07-15T15:23:24.947171+00:00", "symbol": "ETH-USD"}, {"trade_id": 667387581, "side": "sell", "size": "0.06187697", "price": "2994.90000000", "time": "2025-07-15T15:22:57.195729Z", "fetched_at": "2025-07-15T15:23:24.947171+00:00", "symbol": "ETH-USD"}, {"trade_id": 667387580, "side": "sell", "size": "0.00296765", "price": "2994.87000000", "time": "2025-07-15T15:22:57.195729Z", "fetched_at": "2025-07-15T15:23:24.947171+00:00", "symbol": "ETH-USD"}, {"trade_id": 667387579, "side": "buy", "size": "0.00100380", "price": "2995.01000000", "time": "2025-07-15T15:22:56.831047Z", "fetched_at": "2025-07-15T15:23:24.947171+00:00", "symbol": "ETH-USD"}, {"trade_id": 667387578, "side": "buy", "size": "1.00395659", "price": "2995.00000000", "time": "2025-07-15T15:22:56.815994Z", "fetched_at": "2025-07-15T15:23:24.947171+00:00", "symbol": "ETH-USD"}, {"trade_id": 667387577, "side": "buy", "size": "0.28306282", "price": "2995.00000000", "time": "2025-07-15T15:22:56.815994Z", "fetched_at": "2025-07-15T15:23:24.947171+00:00", "symbol": "ETH-USD"}, {"trade_id": 667387576, "side": "buy", "size": "0.00100380", "price": "2995.01000000", "time": "2025-07-15T15:22:56.815994Z", "fetched_at": "2025-07-15T15:23:24.947171+00:00", "symbol": "ETH-USD"}, {"trade_id": 667387575, "side": "buy", "size": "0.00100000", "price": "2995.08000000", "time": "2025-07-15T15:22:56.815994Z", "fetched_at": "2025-07-15T15:23:24.947171+00:00", "symbol": "ETH-USD"}, {"trade_id": 667387574, "side": "buy", "size": "0.01607163", "price": "2995.34000000", "time": "2025-07-15T15:22:56.751637Z", "fetched_at": "2025-07-15T15:23:24.947171+00:00", "symbol": "ETH-USD"}, {"trade_id": 667387573, "side": "buy", "size": "0.00089045", "price": "2995.35000000", "time": "2025-07-15T15:22:56.751637Z", "fetched_at": "2025-07-15T15:23:24.947171+00:00", "symbol": "ETH-USD"}, {"trade_id": 667387572, "side": "buy", "size": "0.00100000", "price": "2995.30000000", "time": "2025-07-15T15:22:56.728346Z", "fetched_at": "2025-07-15T15:23:24.947171+00:00", "symbol": "ETH-USD"}, {"trade_id": 667387571, "side": "buy", "size": "0.35426235", "price": "2995.34000000", "time": "2025-07-15T15:22:56.728346Z", "fetched_at": "2025-07-15T15:23:24.947171+00:00", "symbol": "ETH-USD"}, {"trade_id": 667387570, "side": "buy", "size": "0.00089045", "price": "2995.35000000", "time": "2025-07-15T15:22:56.728346Z", "fetched_at": "2025-07-15T15:23:24.947171+00:00", "symbol": "ETH-USD"}, {"trade_id": 667387569, "side": "buy", "size": "0.00100000", "price": "2995.52000000", "time": "2025-07-15T15:22:56.695191Z", "fetched_at": "2025-07-15T15:23:24.947171+00:00", "symbol": "ETH-USD"}, {"trade_id": 667387568, "side": "buy", "size": "0.00733968", "price": "2995.54000000", "time": "2025-07-15T15:22:56.401025Z", "fetched_at": "2025-07-15T15:23:24.947171+00:00", "symbol": "ETH-USD"}, {"trade_id": 667387567, "side": "buy", "size": "0.01073190", "price": "2995.74000000", "time": "2025-07-15T15:22:56.401025Z", "fetched_at": "2025-07-15T15:23:24.947171+00:00", "symbol": "ETH-USD"}, {"trade_id": 667387566, "side": "buy", "size": "0.00100000", "price": "2995.74000000", "time": "2025-07-15T15:22:56.401025Z", "fetched_at": "2025-07-15T15:23:24.947171+00:00", "symbol": "ETH-USD"}, {"trade_id": 667387565, "side": "sell", "size": "0.00886853", "price": "2995.89000000", "time": "2025-07-15T15:22:55.754887Z", "fetched_at": "2025-07-15T15:23:24.947171+00:00", "symbol": "ETH-USD"}, {"trade_id": 667387564, "side": "sell", "size": "0.00206483", "price": "2995.88000000", "time": "2025-07-15T15:22:55.754887Z", "fetched_at": "2025-07-15T15:23:24.947171+00:00", "symbol": "ETH-USD"}, {"trade_id": 667387563, "side": "sell", "size": "0.00384061", "price": "2995.88000000", "time": "2025-07-15T15:22:55.754887Z", "fetched_at": "2025-07-15T15:23:24.947171+00:00", "symbol": "ETH-USD"}, {"trade_id": 667387562, "side": "sell", "size": "0.16690282", "price": "2995.76000000", "time": "2025-07-15T15:22:55.754887Z", "fetched_at": "2025-07-15T15:23:24.947171+00:00", "symbol": "ETH-USD"}, {"trade_id": 667387561, "side": "buy", "size": "0.03257397", "price": "2995.95000000", "time": "2025-07-15T15:22:55.712902Z", "fetched_at": "2025-07-15T15:23:24.947171+00:00", "symbol": "ETH-USD"}, {"trade_id": 667387560, "side": "buy", "size": "0.00646205", "price": "2995.95000000", "time": "2025-07-15T15:22:55.712902Z", "fetched_at": "2025-07-15T15:23:24.947171+00:00", "symbol": "ETH-USD"}, {"trade_id": 667387559, "side": "buy", "size": "0.54591365", "price": "2995.95000000", "time": "2025-07-15T15:22:55.712902Z", "fetched_at": "2025-07-15T15:23:24.947171+00:00", "symbol": "ETH-USD"}, {"trade_id": 667387558, "side": "buy", "size": "0.00000333", "price": "2995.95000000", "time": "2025-07-15T15:22:55.712902Z", "fetched_at": "2025-07-15T15:23:24.947171+00:00", "symbol": "ETH-USD"}, {"trade_id": 667387557, "side": "buy", "size": "0.01939284", "price": "2995.95000000", "time": "2025-07-15T15:22:55.712902Z", "fetched_at": "2025-07-15T15:23:24.947171+00:00", "symbol": "ETH-USD"}, {"trade_id": 667387556, "side": "buy", "size": "0.00537392", "price": "2995.95000000", "time": "2025-07-15T15:22:55.712902Z", "fetched_at": "2025-07-15T15:23:24.947171+00:00", "symbol": "ETH-USD"}, {"trade_id": 667387555, "side": "buy", "size": "0.00000333", "price": "2995.95000000", "time": "2025-07-15T15:22:55.712902Z", "fetched_at": "2025-07-15T15:23:24.947171+00:00", "symbol": "ETH-USD"}, {"trade_id": 667387554, "side": "buy", "size": "0.01093142", "price": "2995.95000000", "time": "2025-07-15T15:22:55.712902Z", "fetched_at": "2025-07-15T15:23:24.947171+00:00", "symbol": "ETH-USD"}, {"trade_id": 667387553, "side": "buy", "size": "0.00666566", "price": "2995.95000000", "time": "2025-07-15T15:22:55.712902Z", "fetched_at": "2025-07-15T15:23:24.947171+00:00", "symbol": "ETH-USD"}, {"trade_id": 667387552, "side": "sell", "size": "0.01106657", "price": "2996.00000000", "time": "2025-07-15T15:22:52.583154Z", "fetched_at": "2025-07-15T15:23:24.947171+00:00", "symbol": "ETH-USD"}, {"trade_id": 667387551, "side": "sell", "size": "0.01043359", "price": "2995.97000000", "time": "2025-07-15T15:22:52.583154Z", "fetched_at": "2025-07-15T15:23:24.947171+00:00", "symbol": "ETH-USD"}, {"trade_id": 667387550, "side": "sell", "size": "0.00308387", "price": "2995.96000000", "time": "2025-07-15T15:22:52.583154Z", "fetched_at": "2025-07-15T15:23:24.947171+00:00", "symbol": "ETH-USD"}, {"trade_id": 667387549, "side": "buy", "size": "0.00001001", "price": "2995.96000000", "time": "2025-07-15T15:22:52.334389Z", "fetched_at": "2025-07-15T15:23:24.947171+00:00", "symbol": "ETH-USD"}, {"trade_id": 667387548, "side": "buy", "size": "0.00100000", "price": "2995.96000000", "time": "2025-07-15T15:22:52.334389Z", "fetched_at": "2025-07-15T15:23:24.947171+00:00", "symbol": "ETH-USD"}, {"trade_id": 667387547, "side": "buy", "size": "0.02367343", "price": "2996.00000000", "time": "2025-07-15T15:22:51.835266Z", "fetched_at": "2025-07-15T15:23:24.947171+00:00", "symbol": "ETH-USD"}, {"trade_id": 667387546, "side": "buy", "size": "0.00100000", "price": "2996.18000000", "time": "2025-07-15T15:22:51.835266Z", "fetched_at": "2025-07-15T15:23:24.947171+00:00", "symbol": "ETH-USD"}, {"trade_id": 667387545, "side": "buy", "size": "0.00145921", "price": "2996.40000000", "time": "2025-07-15T15:22:51.803251Z", "fetched_at": "2025-07-15T15:23:24.947171+00:00", "symbol": "ETH-USD"}, {"trade_id": 667387544, "side": "buy", "size": "0.01092978", "price": "2996.40000000", "time": "2025-07-15T15:22:51.803251Z", "fetched_at": "2025-07-15T15:23:24.947171+00:00", "symbol": "ETH-USD"}, {"trade_id": 667387543, "side": "buy", "size": "0.00100000", "price": "2996.40000000", "time": "2025-07-15T15:22:51.803251Z", "fetched_at": "2025-07-15T15:23:24.947171+00:00", "symbol": "ETH-USD"}, {"trade_id": 667387542, "side": "buy", "size": "0.00001334", "price": "2996.62000000", "time": "2025-07-15T15:22:51.675954Z", "fetched_at": "2025-07-15T15:23:24.947171+00:00", "symbol": "ETH-USD"}, {"trade_id": 667387541, "side": "buy", "size": "0.27082512", "price": "2996.62000000", "time": "2025-07-15T15:22:51.675954Z", "fetched_at": "2025-07-15T15:23:24.947171+00:00", "symbol": "ETH-USD"}, {"trade_id": 667387540, "side": "buy", "size": "0.00100000", "price": "2996.62000000", "time": "2025-07-15T15:22:51.675954Z", "fetched_at": "2025-07-15T15:23:24.947171+00:00", "symbol": "ETH-USD"}, {"trade_id": 667387539, "side": "buy", "size": "0.00003336", "price": "2996.84000000", "time": "2025-07-15T15:22:50.968831Z", "fetched_at": "2025-07-15T15:23:24.947171+00:00", "symbol": "ETH-USD"}, {"trade_id": 667387538, "side": "buy", "size": "0.00100000", "price": "2996.84000000", "time": "2025-07-15T15:22:50.968831Z", "fetched_at": "2025-07-15T15:23:24.947171+00:00", "symbol": "ETH-USD"}, {"trade_id": 667387537, "side": "buy", "size": "0.02411849", "price": "2996.87000000", "time": "2025-07-15T15:22:50.936757Z", "fetched_at": "2025-07-15T15:23:24.947171+00:00", "symbol": "ETH-USD"}, {"trade_id": 667387536, "side": "buy", "size": "0.00664993", "price": "2997.02000000", "time": "2025-07-15T15:22:50.518853Z", "fetched_at": "2025-07-15T15:23:24.947171+00:00", "symbol": "ETH-USD"}, {"trade_id": 667387535, "side": "buy", "size": "0.03217529", "price": "2997.02000000", "time": "2025-07-15T15:22:50.518853Z", "fetched_at": "2025-07-15T15:23:24.947171+00:00", "symbol": "ETH-USD"}, {"trade_id": 667387534, "side": "buy", "size": "0.01403060", "price": "2997.02000000", "time": "2025-07-15T15:22:50.518853Z", "fetched_at": "2025-07-15T15:23:24.947171+00:00", "symbol": "ETH-USD"}, {"trade_id": 667387533, "side": "buy", "size": "0.54155461", "price": "2997.02000000", "time": "2025-07-15T15:22:50.518853Z", "fetched_at": "2025-07-15T15:23:24.947171+00:00", "symbol": "ETH-USD"}, {"trade_id": 667387532, "side": "buy", "size": "0.01995315", "price": "2997.02000000", "time": "2025-07-15T15:22:50.518853Z", "fetched_at": "2025-07-15T15:23:24.947171+00:00", "symbol": "ETH-USD"}, {"trade_id": 667387531, "side": "buy", "size": "0.08945481", "price": "2996.85000000", "time": "2025-07-15T15:22:49.233983Z", "fetched_at": "2025-07-15T15:23:24.947171+00:00", "symbol": "ETH-USD"}, {"trade_id": 667387530, "side": "buy", "size": "0.06246200", "price": "2996.86000000", "time": "2025-07-15T15:22:49.233983Z", "fetched_at": "2025-07-15T15:23:24.947171+00:00", "symbol": "ETH-USD"}, {"trade_id": 667387529, "side": "buy", "size": "0.00150319", "price": "2996.87000000", "time": "2025-07-15T15:22:49.233983Z", "fetched_at": "2025-07-15T15:23:24.947171+00:00", "symbol": "ETH-USD"}, {"trade_id": 667387528, "side": "buy", "size": "0.00171501", "price": "2997.06000000", "time": "2025-07-15T15:22:49.233983Z", "fetched_at": "2025-07-15T15:23:24.947171+00:00", "symbol": "ETH-USD"}, {"trade_id": 667387527, "side": "buy", "size": "0.00546869", "price": "2997.06000000", "time": "2025-07-15T15:22:49.233983Z", "fetched_at": "2025-07-15T15:23:24.947171+00:00", "symbol": "ETH-USD"}, {"trade_id": 667387526, "side": "buy", "size": "0.00142139", "price": "2997.06000000", "time": "2025-07-15T15:22:49.233983Z", "fetched_at": "2025-07-15T15:23:24.947171+00:00", "symbol": "ETH-USD"}, {"trade_id": 667387525, "side": "buy", "size": "0.00343336", "price": "2997.06000000", "time": "2025-07-15T15:22:49.233983Z", "fetched_at": "2025-07-15T15:23:24.947171+00:00", "symbol": "ETH-USD"}, {"trade_id": 667387524, "side": "buy", "size": "0.01090735", "price": "2997.06000000", "time": "2025-07-15T15:22:49.233983Z", "fetched_at": "2025-07-15T15:23:24.947171+00:00", "symbol": "ETH-USD"}, {"trade_id": 667387523, "side": "buy", "size": "0.00665318", "price": "2997.06000000", "time": "2025-07-15T15:22:49.233983Z", "fetched_at": "2025-07-15T15:23:24.947171+00:00", "symbol": "ETH-USD"}, {"trade_id": 667387522, "side": "buy", "size": "0.00001334", "price": "2997.06000000", "time": "2025-07-15T15:22:49.233983Z", "fetched_at": "2025-07-15T15:23:24.947171+00:00", "symbol": "ETH-USD"}, {"trade_id": 667387521, "side": "buy", "size": "0.00683336", "price": "2997.06000000", "time": "2025-07-15T15:22:49.233983Z", "fetched_at": "2025-07-15T15:23:24.947171+00:00", "symbol": "ETH-USD"}, {"trade_id": 667387520, "side": "buy", "size": "0.03271205", "price": "2997.06000000", "time": "2025-07-15T15:22:49.233983Z", "fetched_at": "2025-07-15T15:23:24.947171+00:00", "symbol": "ETH-USD"}, {"trade_id": 667387519, "side": "buy", "size": "0.02000960", "price": "2997.06000000", "time": "2025-07-15T15:22:49.233983Z", "fetched_at": "2025-07-15T15:23:24.947171+00:00", "symbol": "ETH-USD"}, {"trade_id": 667387518, "side": "buy", "size": "0.27826603", "price": "2997.06000000", "time": "2025-07-15T15:22:49.233983Z", "fetched_at": "2025-07-15T15:23:24.947171+00:00", "symbol": "ETH-USD"}, {"trade_id": 667387517, "side": "buy", "size": "0.00100000", "price": "2997.06000000", "time": "2025-07-15T15:22:49.233983Z", "fetched_at": "2025-07-15T15:23:24.947171+00:00", "symbol": "ETH-USD"}, {"trade_id": 667387516, "side": "buy", "size": "0.00000667", "price": "2997.09000000", "time": "2025-07-15T15:22:49.233983Z", "fetched_at": "2025-07-15T15:23:24.947171+00:00", "symbol": "ETH-USD"}, {"trade_id": 667387515, "side": "sell", "size": "0.00324166", "price": "2997.17000000", "time": "2025-07-15T15:22:48.897182Z", "fetched_at": "2025-07-15T15:23:24.947171+00:00", "symbol": "ETH-USD"}, {"trade_id": 667387514, "side": "sell", "size": "0.00444851", "price": "2997.10000000", "time": "2025-07-15T15:22:48.897182Z", "fetched_at": "2025-07-15T15:23:24.947171+00:00", "symbol": "ETH-USD"}, {"trade_id": 667387513, "side": "buy", "size": "0.00040596", "price": "2997.07000000", "time": "2025-07-15T15:22:47.098262Z", "fetched_at": "2025-07-15T15:23:24.947171+00:00", "symbol": "ETH-USD"}, {"trade_id": 667387512, "side": "sell", "size": "0.02641110", "price": "2997.07000000", "time": "2025-07-15T15:22:46.013551Z", "fetched_at": "2025-07-15T15:23:24.947171+00:00", "symbol": "ETH-USD"}, {"trade_id": 667387511, "side": "buy", "size": "0.00100000", "price": "2997.28000000", "time": "2025-07-15T15:22:45.158739Z", "fetched_at": "2025-07-15T15:23:24.947171+00:00", "symbol": "ETH-USD"}, {"trade_id": 667387510, "side": "buy", "size": "0.55646267", "price": "2997.29000000", "time": "2025-07-15T15:22:45.158739Z", "fetched_at": "2025-07-15T15:23:24.947171+00:00", "symbol": "ETH-USD"}, {"trade_id": 667387509, "side": "buy", "size": "0.00093084", "price": "2997.29000000", "time": "2025-07-15T15:22:45.158739Z", "fetched_at": "2025-07-15T15:23:24.947171+00:00", "symbol": "ETH-USD"}, {"trade_id": 667387508, "side": "buy", "size": "0.02049184", "price": "2997.29000000", "time": "2025-07-15T15:22:45.158739Z", "fetched_at": "2025-07-15T15:23:24.947171+00:00", "symbol": "ETH-USD"}, {"trade_id": 667387507, "side": "buy", "size": "0.01616126", "price": "2997.29000000", "time": "2025-07-15T15:22:45.158739Z", "fetched_at": "2025-07-15T15:23:24.947171+00:00", "symbol": "ETH-USD"}, {"trade_id": 667387506, "side": "buy", "size": "0.02003142", "price": "2997.29000000", "time": "2025-07-15T15:22:45.158739Z", "fetched_at": "2025-07-15T15:23:24.947171+00:00", "symbol": "ETH-USD"}, {"trade_id": 667387505, "side": "buy", "size": "0.00186501", "price": "2997.29000000", "time": "2025-07-15T15:22:45.158739Z", "fetched_at": "2025-07-15T15:23:24.947171+00:00", "symbol": "ETH-USD"}, {"trade_id": 667387504, "side": "buy", "size": "0.00166150", "price": "2997.29000000", "time": "2025-07-15T15:22:45.158739Z", "fetched_at": "2025-07-15T15:23:24.947171+00:00", "symbol": "ETH-USD"}, {"trade_id": 667387503, "side": "buy", "size": "0.06009428", "price": "2997.29000000", "time": "2025-07-15T15:22:45.158739Z", "fetched_at": "2025-07-15T15:23:24.947171+00:00", "symbol": "ETH-USD"}, {"trade_id": 667387502, "side": "buy", "size": "0.00371335", "price": "2997.29000000", "time": "2025-07-15T15:22:45.158739Z", "fetched_at": "2025-07-15T15:23:24.947171+00:00", "symbol": "ETH-USD"}, {"trade_id": 667387501, "side": "buy", "size": "0.00332633", "price": "2997.29000000", "time": "2025-07-15T15:22:45.158739Z", "fetched_at": "2025-07-15T15:23:24.947171+00:00", "symbol": "ETH-USD"}, {"trade_id": 667387500, "side": "buy", "size": "0.02382819", "price": "2997.29000000", "time": "2025-07-15T15:22:45.158739Z", "fetched_at": "2025-07-15T15:23:24.947171+00:00", "symbol": "ETH-USD"}, {"trade_id": 667387499, "side": "buy", "size": "0.18025616", "price": "2997.29000000", "time": "2025-07-15T15:22:45.158739Z", "fetched_at": "2025-07-15T15:23:24.947171+00:00", "symbol": "ETH-USD"}, {"trade_id": 667387498, "side": "buy", "size": "0.01112671", "price": "2997.29000000", "time": "2025-07-15T15:22:45.158739Z", "fetched_at": "2025-07-15T15:23:24.947171+00:00", "symbol": "ETH-USD"}, {"trade_id": 667387497, "side": "buy", "size": "0.00662598", "price": "2997.29000000", "time": "2025-07-15T15:22:45.158739Z", "fetched_at": "2025-07-15T15:23:24.947171+00:00", "symbol": "ETH-USD"}, {"trade_id": 667387496, "side": "buy", "size": "0.54074513", "price": "2997.29000000", "time": "2025-07-15T15:22:45.158739Z", "fetched_at": "2025-07-15T15:23:24.947171+00:00", "symbol": "ETH-USD"}, {"trade_id": 667387495, "side": "buy", "size": "0.03335679", "price": "2997.29000000", "time": "2025-07-15T15:22:45.158739Z", "fetched_at": "2025-07-15T15:23:24.947171+00:00", "symbol": "ETH-USD"}, {"trade_id": 667387494, "side": "buy", "size": "0.01984792", "price": "2997.29000000", "time": "2025-07-15T15:22:45.158739Z", "fetched_at": "2025-07-15T15:23:24.947171+00:00", "symbol": "ETH-USD"}, {"trade_id": 667387493, "side": "sell", "size": "0.05000000", "price": "2997.30000000", "time": "2025-07-15T15:22:40.586298Z", "fetched_at": "2025-07-15T15:23:24.947171+00:00", "symbol": "ETH-USD"}, {"trade_id": 667387492, "side": "buy", "size": "0.00100000", "price": "2997.50000000", "time": "2025-07-15T15:22:38.987532Z", "fetched_at": "2025-07-15T15:23:24.947171+00:00", "symbol": "ETH-USD"}, {"trade_id": 667387491, "side": "buy", "size": "0.00363276", "price": "2997.72000000", "time": "2025-07-15T15:22:38.904063Z", "fetched_at": "2025-07-15T15:23:24.947171+00:00", "symbol": "ETH-USD"}, {"trade_id": 667387490, "side": "buy", "size": "0.00166459", "price": "2997.72000000", "time": "2025-07-15T15:22:38.904063Z", "fetched_at": "2025-07-15T15:23:24.947171+00:00", "symbol": "ETH-USD"}, {"trade_id": 667387489, "side": "buy", "size": "0.00100000", "price": "2997.72000000", "time": "2025-07-15T15:22:38.904063Z", "fetched_at": "2025-07-15T15:23:24.947171+00:00", "symbol": "ETH-USD"}, {"trade_id": 667387488, "side": "buy", "size": "0.00082056", "price": "2997.93000000", "time": "2025-07-15T15:22:38.211817Z", "fetched_at": "2025-07-15T15:23:24.947171+00:00", "symbol": "ETH-USD"}, {"trade_id": 667387487, "side": "buy", "size": "0.04348986", "price": "2997.94000000", "time": "2025-07-15T15:22:38.207571Z", "fetched_at": "2025-07-15T15:23:24.947171+00:00", "symbol": "ETH-USD"}, {"trade_id": 667387486, "side": "buy", "size": "0.00100000", "price": "2997.94000000", "time": "2025-07-15T15:22:38.207571Z", "fetched_at": "2025-07-15T15:23:24.947171+00:00", "symbol": "ETH-USD"}, {"trade_id": 667387485, "side": "sell", "size": "0.00567972", "price": "2997.95000000", "time": "2025-07-15T15:22:37.708545Z", "fetched_at": "2025-07-15T15:23:24.947171+00:00", "symbol": "ETH-USD"}, {"trade_id": 667387484, "side": "sell", "size": "0.00092292", "price": "2997.95000000", "time": "2025-07-15T15:22:37.708545Z", "fetched_at": "2025-07-15T15:23:24.947171+00:00", "symbol": "ETH-USD"}, {"trade_id": 667387483, "side": "buy", "size": "0.00100000", "price": "2998.16000000", "time": "2025-07-15T15:22:37.173607Z", "fetched_at": "2025-07-15T15:23:24.947171+00:00", "symbol": "ETH-USD"}, {"trade_id": 667387482, "side": "buy", "size": "0.79726236", "price": "2998.21000000", "time": "2025-07-15T15:22:37.173607Z", "fetched_at": "2025-07-15T15:23:24.947171+00:00", "symbol": "ETH-USD"}, {"trade_id": 667387481, "side": "buy", "size": "0.01723695", "price": "2998.21000000", "time": "2025-07-15T15:22:37.173607Z", "fetched_at": "2025-07-15T15:23:24.947171+00:00", "symbol": "ETH-USD"}, {"trade_id": 667387480, "side": "buy", "size": "0.03974371", "price": "2998.21000000", "time": "2025-07-15T15:22:37.173607Z", "fetched_at": "2025-07-15T15:23:24.947171+00:00", "symbol": "ETH-USD"}, {"trade_id": 667387479, "side": "buy", "size": "0.01969842", "price": "2998.21000000", "time": "2025-07-15T15:22:37.173607Z", "fetched_at": "2025-07-15T15:23:24.947171+00:00", "symbol": "ETH-USD"}, {"trade_id": 667387478, "side": "buy", "size": "0.01086630", "price": "2998.26000000", "time": "2025-07-15T15:22:36.714086Z", "fetched_at": "2025-07-15T15:23:24.947171+00:00", "symbol": "ETH-USD"}, {"trade_id": 667387477, "side": "buy", "size": "0.00332859", "price": "2998.26000000", "time": "2025-07-15T15:22:36.714086Z", "fetched_at": "2025-07-15T15:23:24.947171+00:00", "symbol": "ETH-USD"}, {"trade_id": 667387476, "side": "buy", "size": "0.23225804", "price": "2998.26000000", "time": "2025-07-15T15:22:36.714086Z", "fetched_at": "2025-07-15T15:23:24.947171+00:00", "symbol": "ETH-USD"}, {"trade_id": 667387475, "side": "buy", "size": "0.00975899", "price": "2998.26000000", "time": "2025-07-15T15:22:36.714086Z", "fetched_at": "2025-07-15T15:23:24.947171+00:00", "symbol": "ETH-USD"}, {"trade_id": 667387474, "side": "buy", "size": "0.03259223", "price": "2998.26000000", "time": "2025-07-15T15:22:36.714086Z", "fetched_at": "2025-07-15T15:23:24.947171+00:00", "symbol": "ETH-USD"}, {"trade_id": 667387473, "side": "buy", "size": "0.00664718", "price": "2998.26000000", "time": "2025-07-15T15:22:36.714086Z", "fetched_at": "2025-07-15T15:23:24.947171+00:00", "symbol": "ETH-USD"}, {"trade_id": 667387472, "side": "buy", "size": "0.59316737", "price": "2998.26000000", "time": "2025-07-15T15:22:36.714086Z", "fetched_at": "2025-07-15T15:23:24.947171+00:00", "symbol": "ETH-USD"}, {"trade_id": 667387471, "side": "buy", "size": "0.01992822", "price": "2998.26000000", "time": "2025-07-15T15:22:36.714086Z", "fetched_at": "2025-07-15T15:23:24.947171+00:00", "symbol": "ETH-USD"}, {"trade_id": 667387470, "side": "buy", "size": "0.00000333", "price": "2998.26000000", "time": "2025-07-15T15:22:36.714086Z", "fetched_at": "2025-07-15T15:23:24.947171+00:00", "symbol": "ETH-USD"}, {"trade_id": 667387469, "side": "buy", "size": "0.01609600", "price": "2998.26000000", "time": "2025-07-15T15:22:36.714086Z", "fetched_at": "2025-07-15T15:23:24.947171+00:00", "symbol": "ETH-USD"}, {"trade_id": 667387468, "side": "buy", "size": "0.00168764", "price": "2998.26000000", "time": "2025-07-15T15:22:36.714086Z", "fetched_at": "2025-07-15T15:23:24.947171+00:00", "symbol": "ETH-USD"}, {"trade_id": 667387467, "side": "buy", "size": "0.00000667", "price": "2998.26000000", "time": "2025-07-15T15:22:36.714086Z", "fetched_at": "2025-07-15T15:23:24.947171+00:00", "symbol": "ETH-USD"}, {"trade_id": 667387466, "side": "buy", "size": "0.00337529", "price": "2998.26000000", "time": "2025-07-15T15:22:36.714086Z", "fetched_at": "2025-07-15T15:23:24.947171+00:00", "symbol": "ETH-USD"}, {"trade_id": 667387465, "side": "buy", "size": "0.01652291", "price": "2998.26000000", "time": "2025-07-15T15:22:36.714086Z", "fetched_at": "2025-07-15T15:23:24.947171+00:00", "symbol": "ETH-USD"}, {"trade_id": 667387464, "side": "buy", "size": "0.94133342", "price": "2998.26000000", "time": "2025-07-15T15:22:36.714086Z", "fetched_at": "2025-07-15T15:23:24.947171+00:00", "symbol": "ETH-USD"}, {"trade_id": 667387463, "side": "buy", "size": "0.23225726", "price": "2998.26000000", "time": "2025-07-15T15:22:35.053043Z", "fetched_at": "2025-07-15T15:23:24.947171+00:00", "symbol": "ETH-USD"}, {"trade_id": 667387462, "side": "buy", "size": "0.00716749", "price": "2998.26000000", "time": "2025-07-15T15:22:35.053043Z", "fetched_at": "2025-07-15T15:23:24.947171+00:00", "symbol": "ETH-USD"}, {"trade_id": 667387461, "side": "buy", "size": "0.01310426", "price": "2998.26000000", "time": "2025-07-15T15:22:35.053043Z", "fetched_at": "2025-07-15T15:23:24.947171+00:00", "symbol": "ETH-USD"}, {"trade_id": 667387460, "side": "buy", "size": "0.00747099", "price": "2998.26000000", "time": "2025-07-15T15:22:35.053043Z", "fetched_at": "2025-07-15T15:23:24.947171+00:00", "symbol": "ETH-USD"}, {"trade_id": 667387459, "side": "sell", "size": "0.05800701", "price": "2998.56000000", "time": "2025-07-15T15:22:34.691528Z", "fetched_at": "2025-07-15T15:23:24.947171+00:00", "symbol": "ETH-USD"}, {"trade_id": 667387458, "side": "sell", "size": "0.10000000", "price": "2998.55000000", "time": "2025-07-15T15:22:34.691528Z", "fetched_at": "2025-07-15T15:23:24.947171+00:00", "symbol": "ETH-USD"}, {"trade_id": 667387457, "side": "sell", "size": "0.00119299", "price": "2998.27000000", "time": "2025-07-15T15:22:34.691528Z", "fetched_at": "2025-07-15T15:23:24.947171+00:00", "symbol": "ETH-USD"}, {"trade_id": 667387456, "side": "sell", "size": "0.00667344", "price": "2998.48000000", "time": "2025-07-15T15:22:33.826710Z", "fetched_at": "2025-07-15T15:23:24.947171+00:00", "symbol": "ETH-USD"}, {"trade_id": 667387455, "side": "sell", "size": "0.00005589", "price": "2998.27000000", "time": "2025-07-15T15:22:33.826710Z", "fetched_at": "2025-07-15T15:23:24.947171+00:00", "symbol": "ETH-USD"}, {"trade_id": 667387454, "side": "sell", "size": "0.00118011", "price": "2998.27000000", "time": "2025-07-15T15:22:33.826710Z", "fetched_at": "2025-07-15T15:23:24.947171+00:00", "symbol": "ETH-USD"}, {"trade_id": 667387453, "side": "buy", "size": "9.94599364", "price": "2998.33000000", "time": "2025-07-15T15:22:31.208488Z", "fetched_at": "2025-07-15T15:23:24.947171+00:00", "symbol": "ETH-USD"}, {"trade_id": 667387452, "side": "buy", "size": "0.00301426", "price": "2998.34000000", "time": "2025-07-15T15:22:31.208488Z", "fetched_at": "2025-07-15T15:23:24.947171+00:00", "symbol": "ETH-USD"}, {"trade_id": 667387451, "side": "buy", "size": "0.00032092", "price": "2998.34000000", "time": "2025-07-15T15:22:31.169384Z", "fetched_at": "2025-07-15T15:23:24.947171+00:00", "symbol": "ETH-USD"}, {"trade_id": 667387450, "side": "buy", "size": "0.00034592", "price": "2998.56000000", "time": "2025-07-15T15:22:31.169384Z", "fetched_at": "2025-07-15T15:23:24.947171+00:00", "symbol": "ETH-USD"}, {"trade_id": 667387449, "side": "buy", "size": "0.03301218", "price": "2998.59000000", "time": "2025-07-15T15:22:31.069699Z", "fetched_at": "2025-07-15T15:23:24.947171+00:00", "symbol": "ETH-USD"}, {"trade_id": 667387448, "side": "buy", "size": "1.10891452", "price": "2998.59000000", "time": "2025-07-15T15:22:31.069699Z", "fetched_at": "2025-07-15T15:23:24.947171+00:00", "symbol": "ETH-USD"}, {"trade_id": 667387447, "side": "buy", "size": "0.01074838", "price": "2998.59000000", "time": "2025-07-15T15:22:31.069699Z", "fetched_at": "2025-07-15T15:23:24.947171+00:00", "symbol": "ETH-USD"}, {"trade_id": 667387446, "side": "buy", "size": "0.00672649", "price": "2998.59000000", "time": "2025-07-15T15:22:31.069699Z", "fetched_at": "2025-07-15T15:23:24.947171+00:00", "symbol": "ETH-USD"}, {"trade_id": 667387445, "side": "buy", "size": "0.00235110", "price": "2998.59000000", "time": "2025-07-15T15:22:31.069699Z", "fetched_at": "2025-07-15T15:23:24.947171+00:00", "symbol": "ETH-USD"}, {"trade_id": 667387444, "side": "buy", "size": "0.65764909", "price": "2998.59000000", "time": "2025-07-15T15:22:31.069699Z", "fetched_at": "2025-07-15T15:23:24.947171+00:00", "symbol": "ETH-USD"}, {"trade_id": 667387443, "side": "buy", "size": "0.00191756", "price": "2998.59000000", "time": "2025-07-15T15:22:31.069699Z", "fetched_at": "2025-07-15T15:23:24.947171+00:00", "symbol": "ETH-USD"}, {"trade_id": 667387442, "side": "buy", "size": "0.06976278", "price": "2998.59000000", "time": "2025-07-15T15:22:31.069699Z", "fetched_at": "2025-07-15T15:23:24.947171+00:00", "symbol": "ETH-USD"}, {"trade_id": 667387441, "side": "buy", "size": "0.01612021", "price": "2998.72000000", "time": "2025-07-15T15:22:29.481397Z", "fetched_at": "2025-07-15T15:23:24.947171+00:00", "symbol": "ETH-USD"}, {"trade_id": 667387440, "side": "buy", "size": "0.02015860", "price": "2998.72000000", "time": "2025-07-15T15:22:29.481397Z", "fetched_at": "2025-07-15T15:23:24.947171+00:00", "symbol": "ETH-USD"}, {"trade_id": 667387439, "side": "buy", "size": "0.00469867", "price": "2998.72000000", "time": "2025-07-15T15:22:29.481397Z", "fetched_at": "2025-07-15T15:23:24.947171+00:00", "symbol": "ETH-USD"}, {"trade_id": 667387438, "side": "buy", "size": "1.69277703", "price": "2998.72000000", "time": "2025-07-15T15:22:29.481397Z", "fetched_at": "2025-07-15T15:23:24.947171+00:00", "symbol": "ETH-USD"}, {"trade_id": 667387437, "side": "buy", "size": "0.07371000", "price": "2998.72000000", "time": "2025-07-15T15:22:29.480584Z", "fetched_at": "2025-07-15T15:23:24.947171+00:00", "symbol": "ETH-USD"}, {"trade_id": 667387436, "side": "sell", "size": "0.00685789", "price": "2998.73000000", "time": "2025-07-15T15:22:29.074980Z", "fetched_at": "2025-07-15T15:23:24.947171+00:00", "symbol": "ETH-USD"}, {"trade_id": 667387435, "side": "sell", "size": "0.00118697", "price": "2998.73000000", "time": "2025-07-15T15:22:29.074980Z", "fetched_at": "2025-07-15T15:23:24.947171+00:00", "symbol": "ETH-USD"}, {"trade_id": 667387434, "side": "sell", "size": "0.00005588", "price": "2998.73000000", "time": "2025-07-15T15:22:29.074980Z", "fetched_at": "2025-07-15T15:23:24.947171+00:00", "symbol": "ETH-USD"}, {"trade_id": 667387433, "side": "buy", "size": "0.00936704", "price": "2998.81000000", "time": "2025-07-15T15:22:27.839430Z", "fetched_at": "2025-07-15T15:23:24.947171+00:00", "symbol": "ETH-USD"}, {"trade_id": 667387432, "side": "buy", "size": "1.59945111", "price": "2998.81000000", "time": "2025-07-15T15:22:27.665705Z", "fetched_at": "2025-07-15T15:23:24.947171+00:00", "symbol": "ETH-USD"}, {"trade_id": 667387431, "side": "buy", "size": "0.00219420", "price": "2998.81000000", "time": "2025-07-15T15:22:27.665705Z", "fetched_at": "2025-07-15T15:23:24.947171+00:00", "symbol": "ETH-USD"}, {"trade_id": 667387430, "side": "buy", "size": "0.00665597", "price": "2998.81000000", "time": "2025-07-15T15:22:27.665705Z", "fetched_at": "2025-07-15T15:23:24.947171+00:00", "symbol": "ETH-USD"}, {"trade_id": 667387429, "side": "buy", "size": "0.00437840", "price": "2998.81000000", "time": "2025-07-15T15:22:27.665705Z", "fetched_at": "2025-07-15T15:23:24.947171+00:00", "symbol": "ETH-USD"}, {"trade_id": 667387428, "side": "sell", "size": "0.00061757", "price": "2998.82000000", "time": "2025-07-15T15:22:27.146448Z", "fetched_at": "2025-07-15T15:23:24.947171+00:00", "symbol": "ETH-USD"}, {"trade_id": 667387427, "side": "sell", "size": "0.00718674", "price": "2998.82000000", "time": "2025-07-15T15:22:27.146448Z", "fetched_at": "2025-07-15T15:23:24.947171+00:00", "symbol": "ETH-USD"}, {"trade_id": 667387426, "side": "sell", "size": "0.00010335", "price": "2998.82000000", "time": "2025-07-15T15:22:27.146448Z", "fetched_at": "2025-07-15T15:23:24.947171+00:00", "symbol": "ETH-USD"}, {"trade_id": 667387425, "side": "sell", "size": "0.01883011", "price": "2998.82000000", "time": "2025-07-15T15:22:26.385197Z", "fetched_at": "2025-07-15T15:23:24.947171+00:00", "symbol": "ETH-USD"}, {"trade_id": 667387424, "side": "sell", "size": "0.00066989", "price": "2998.82000000", "time": "2025-07-15T15:22:26.385197Z", "fetched_at": "2025-07-15T15:23:24.947171+00:00", "symbol": "ETH-USD"}, {"trade_id": 667387423, "side": "sell", "size": "0.00033011", "price": "2998.82000000", "time": "2025-07-15T15:22:26.068665Z", "fetched_at": "2025-07-15T15:23:24.947171+00:00", "symbol": "ETH-USD"}, {"trade_id": 667387422, "side": "sell", "size": "0.00000556", "price": "2998.60000000", "time": "2025-07-15T15:22:25.670515Z", "fetched_at": "2025-07-15T15:23:24.947171+00:00", "symbol": "ETH-USD"}, {"trade_id": 667387421, "side": "sell", "size": "0.01254000", "price": "2998.60000000", "time": "2025-07-15T15:22:25.666775Z", "fetched_at": "2025-07-15T15:23:24.947171+00:00", "symbol": "ETH-USD"}, {"trade_id": 667387420, "side": "sell", "size": "0.00100000", "price": "2998.60000000", "time": "2025-07-15T15:22:25.666775Z", "fetched_at": "2025-07-15T15:23:24.947171+00:00", "symbol": "ETH-USD"}, {"trade_id": 667387419, "side": "sell", "size": "0.00005589", "price": "2998.48000000", "time": "2025-07-15T15:22:25.564516Z", "fetched_at": "2025-07-15T15:23:24.947171+00:00", "symbol": "ETH-USD"}, {"trade_id": 667387418, "side": "sell", "size": "0.00020669", "price": "2998.27000000", "time": "2025-07-15T15:22:25.510271Z", "fetched_at": "2025-07-15T15:23:24.947171+00:00", "symbol": "ETH-USD"}, {"trade_id": 667387417, "side": "sell", "size": "0.06512379", "price": "2998.49000000", "time": "2025-07-15T15:22:23.113227Z", "fetched_at": "2025-07-15T15:23:24.947171+00:00", "symbol": "ETH-USD"}, {"trade_id": 667387416, "side": "sell", "size": "0.00100000", "price": "2998.38000000", "time": "2025-07-15T15:22:23.113227Z", "fetched_at": "2025-07-15T15:23:24.947171+00:00", "symbol": "ETH-USD"}, {"trade_id": 667387415, "side": "sell", "size": "0.00075035", "price": "2998.37000000", "time": "2025-07-15T15:22:23.113227Z", "fetched_at": "2025-07-15T15:23:24.947171+00:00", "symbol": "ETH-USD"}, {"trade_id": 667387414, "side": "sell", "size": "0.16675954", "price": "2998.33000000", "time": "2025-07-15T15:22:23.113227Z", "fetched_at": "2025-07-15T15:23:24.947171+00:00", "symbol": "ETH-USD"}, {"trade_id": 667387413, "side": "sell", "size": "0.00535882", "price": "2998.19000000", "time": "2025-07-15T15:22:23.113227Z", "fetched_at": "2025-07-15T15:23:24.947171+00:00", "symbol": "ETH-USD"}, {"trade_id": 667387412, "side": "sell", "size": "0.00100000", "price": "2998.16000000", "time": "2025-07-15T15:22:23.113227Z", "fetched_at": "2025-07-15T15:23:24.947171+00:00", "symbol": "ETH-USD"}, {"trade_id": 667387411, "side": "sell", "size": "0.00100000", "price": "2997.94000000", "time": "2025-07-15T15:22:23.113227Z", "fetched_at": "2025-07-15T15:23:24.947171+00:00", "symbol": "ETH-USD"}, {"trade_id": 667387410, "side": "sell", "size": "0.00024001", "price": "2997.73000000", "time": "2025-07-15T15:22:22.636556Z", "fetched_at": "2025-07-15T15:23:24.947171+00:00", "symbol": "ETH-USD"}, {"trade_id": 667387409, "side": "sell", "size": "0.00603749", "price": "2997.73000000", "time": "2025-07-15T15:22:22.636556Z", "fetched_at": "2025-07-15T15:23:24.947171+00:00", "symbol": "ETH-USD"}, {"trade_id": 667387408, "side": "sell", "size": "0.00010335", "price": "2997.73000000", "time": "2025-07-15T15:22:22.636556Z", "fetched_at": "2025-07-15T15:23:24.947171+00:00", "symbol": "ETH-USD"}, {"trade_id": 667387407, "side": "sell", "size": "0.12964689", "price": "2997.71000000", "time": "2025-07-15T15:22:21.332268Z", "fetched_at": "2025-07-15T15:23:24.947171+00:00", "symbol": "ETH-USD"}, {"trade_id": 667387406, "side": "sell", "size": "0.00194395", "price": "2997.52000000", "time": "2025-07-15T15:22:21.332268Z", "fetched_at": "2025-07-15T15:23:24.947171+00:00", "symbol": "ETH-USD"}, {"trade_id": 667387405, "side": "buy", "size": "0.00327248", "price": "2997.72000000", "time": "2025-07-15T15:22:21.251907Z", "fetched_at": "2025-07-15T15:23:24.947171+00:00", "symbol": "ETH-USD"}, {"trade_id": 667387404, "side": "buy", "size": "0.03214442", "price": "2997.72000000", "time": "2025-07-15T15:22:21.251907Z", "fetched_at": "2025-07-15T15:23:24.947171+00:00", "symbol": "ETH-USD"}, {"trade_id": 667387403, "side": "buy", "size": "0.16704361", "price": "2997.72000000", "time": "2025-07-15T15:22:21.251907Z", "fetched_at": "2025-07-15T15:23:24.947171+00:00", "symbol": "ETH-USD"}, {"trade_id": 667387402, "side": "buy", "size": "0.00654163", "price": "2997.72000000", "time": "2025-07-15T15:22:21.251907Z", "fetched_at": "2025-07-15T15:23:24.947171+00:00", "symbol": "ETH-USD"}, {"trade_id": 667387401, "side": "sell", "size": "0.01490329", "price": "2997.70000000", "time": "2025-07-15T15:22:19.566135Z", "fetched_at": "2025-07-15T15:23:24.947171+00:00", "symbol": "ETH-USD"}, {"trade_id": 667387400, "side": "sell", "size": "0.30000000", "price": "2997.60000000", "time": "2025-07-15T15:22:19.566135Z", "fetched_at": "2025-07-15T15:23:24.947171+00:00", "symbol": "ETH-USD"}, {"trade_id": 667387399, "side": "sell", "size": "0.00905624", "price": "2997.54000000", "time": "2025-07-15T15:22:19.566135Z", "fetched_at": "2025-07-15T15:23:24.947171+00:00", "symbol": "ETH-USD"}, {"trade_id": 667387398, "side": "sell", "size": "0.00006031", "price": "2997.54000000", "time": "2025-07-15T15:22:19.566135Z", "fetched_at": "2025-07-15T15:23:24.947171+00:00", "symbol": "ETH-USD"}, {"trade_id": 667387397, "side": "buy", "size": "0.00000667", "price": "2997.53000000", "time": "2025-07-15T15:22:18.251978Z", "fetched_at": "2025-07-15T15:23:24.947171+00:00", "symbol": "ETH-USD"}, {"trade_id": 667387396, "side": "buy", "size": "1.60013411", "price": "2997.53000000", "time": "2025-07-15T15:22:18.251978Z", "fetched_at": "2025-07-15T15:23:24.947171+00:00", "symbol": "ETH-USD"}, {"trade_id": 667387395, "side": "buy", "size": "0.00082401", "price": "2997.53000000", "time": "2025-07-15T15:22:18.251978Z", "fetched_at": "2025-07-15T15:23:24.947171+00:00", "symbol": "ETH-USD"}, {"trade_id": 667387394, "side": "buy", "size": "0.00001000", "price": "2997.53000000", "time": "2025-07-15T15:22:18.251978Z", "fetched_at": "2025-07-15T15:23:24.947171+00:00", "symbol": "ETH-USD"}, {"trade_id": 667387393, "side": "sell", "size": "0.01596866", "price": "2997.54000000", "time": "2025-07-15T15:22:17.708512Z", "fetched_at": "2025-07-15T15:23:24.947171+00:00", "symbol": "ETH-USD"}, {"trade_id": 667387392, "side": "sell", "size": "0.00024000", "price": "2997.54000000", "time": "2025-07-15T15:22:17.708512Z", "fetched_at": "2025-07-15T15:23:24.947171+00:00", "symbol": "ETH-USD"}, {"trade_id": 667387391, "side": "buy", "size": "1.90649462", "price": "2997.22000000", "time": "2025-07-15T15:22:17.359607Z", "fetched_at": "2025-07-15T15:23:24.947171+00:00", "symbol": "ETH-USD"}, {"trade_id": 667387390, "side": "buy", "size": "0.04375037", "price": "2997.23000000", "time": "2025-07-15T15:22:17.359607Z", "fetched_at": "2025-07-15T15:23:24.947171+00:00", "symbol": "ETH-USD"}, {"trade_id": 667387389, "side": "buy", "size": "0.00164479", "price": "2997.34000000", "time": "2025-07-15T15:22:17.359607Z", "fetched_at": "2025-07-15T15:23:24.947171+00:00", "symbol": "ETH-USD"}, {"trade_id": 667387388, "side": "buy", "size": "0.06281427", "price": "2997.34000000", "time": "2025-07-15T15:22:17.359607Z", "fetched_at": "2025-07-15T15:23:24.947171+00:00", "symbol": "ETH-USD"}, {"trade_id": 667387387, "side": "buy", "size": "0.04449278", "price": "2997.34000000", "time": "2025-07-15T15:22:17.359607Z", "fetched_at": "2025-07-15T15:23:24.947171+00:00", "symbol": "ETH-USD"}, {"trade_id": 667387386, "side": "buy", "size": "1.76729444", "price": "2997.35000000", "time": "2025-07-15T15:22:17.359607Z", "fetched_at": "2025-07-15T15:23:24.947171+00:00", "symbol": "ETH-USD"}, {"trade_id": 667387385, "side": "buy", "size": "0.00316122", "price": "2997.36000000", "time": "2025-07-15T15:22:17.359607Z", "fetched_at": "2025-07-15T15:23:24.947171+00:00", "symbol": "ETH-USD"}, {"trade_id": 667387384, "side": "buy", "size": "0.05986441", "price": "2997.44000000", "time": "2025-07-15T15:22:17.359607Z", "fetched_at": "2025-07-15T15:23:24.947171+00:00", "symbol": "ETH-USD"}, {"trade_id": 667387383, "side": "buy", "size": "0.15342000", "price": "2997.47000000", "time": "2025-07-15T15:22:17.359607Z", "fetched_at": "2025-07-15T15:23:24.947171+00:00", "symbol": "ETH-USD"}, {"trade_id": 667387382, "side": "buy", "size": "0.02313012", "price": "2997.24000000", "time": "2025-07-15T15:22:16.361141Z", "fetched_at": "2025-07-15T15:23:24.947171+00:00", "symbol": "ETH-USD"}, {"trade_id": 667387381, "side": "buy", "size": "0.00333640", "price": "2997.25000000", "time": "2025-07-15T15:22:16.361141Z", "fetched_at": "2025-07-15T15:23:24.947171+00:00", "symbol": "ETH-USD"}, {"trade_id": 667387380, "side": "buy", "size": "0.00100000", "price": "2997.28000000", "time": "2025-07-15T15:22:16.361141Z", "fetched_at": "2025-07-15T15:23:24.947171+00:00", "symbol": "ETH-USD"}, {"trade_id": 667387379, "side": "buy", "size": "0.00100000", "price": "2997.50000000", "time": "2025-07-15T15:22:16.361141Z", "fetched_at": "2025-07-15T15:23:24.947171+00:00", "symbol": "ETH-USD"}, {"trade_id": 667387378, "side": "buy", "size": "0.00100000", "price": "2997.72000000", "time": "2025-07-15T15:22:16.361141Z", "fetched_at": "2025-07-15T15:23:24.947171+00:00", "symbol": "ETH-USD"}, {"trade_id": 667387377, "side": "buy", "size": "0.03727534", "price": "2997.96000000", "time": "2025-07-15T15:22:16.321702Z", "fetched_at": "2025-07-15T15:23:24.947171+00:00", "symbol": "ETH-USD"}, {"trade_id": 667387376, "side": "buy", "size": "0.00081053", "price": "2998.01000000", "time": "2025-07-15T15:22:16.298736Z", "fetched_at": "2025-07-15T15:23:24.947171+00:00", "symbol": "ETH-USD"}, {"trade_id": 667387375, "side": "buy", "size": "0.00084708", "price": "2998.21000000", "time": "2025-07-15T15:22:16.205038Z", "fetched_at": "2025-07-15T15:23:24.947171+00:00", "symbol": "ETH-USD"}, {"trade_id": 667387374, "side": "buy", "size": "0.00720429", "price": "2998.21000000", "time": "2025-07-15T15:22:16.205038Z", "fetched_at": "2025-07-15T15:23:24.947171+00:00", "symbol": "ETH-USD"}, {"trade_id": 667387373, "side": "buy", "size": "1.76678751", "price": "2998.21000000", "time": "2025-07-15T15:22:16.205038Z", "fetched_at": "2025-07-15T15:23:24.947171+00:00", "symbol": "ETH-USD"}, {"trade_id": 667387372, "side": "buy", "size": "0.04842378", "price": "2998.32000000", "time": "2025-07-15T15:22:16.195602Z", "fetched_at": "2025-07-15T15:23:24.947171+00:00", "symbol": "ETH-USD"}, {"trade_id": 667387371, "side": "buy", "size": "0.00329184", "price": "2998.32000000", "time": "2025-07-15T15:22:16.195602Z", "fetched_at": "2025-07-15T15:23:24.947171+00:00", "symbol": "ETH-USD"}, {"trade_id": 667387370, "side": "buy", "size": "0.01971770", "price": "2998.32000000", "time": "2025-07-15T15:22:16.195602Z", "fetched_at": "2025-07-15T15:23:24.947171+00:00", "symbol": "ETH-USD"}, {"trade_id": 667387369, "side": "buy", "size": "0.06124255", "price": "2998.36000000", "time": "2025-07-15T15:22:15.647861Z", "fetched_at": "2025-07-15T15:23:24.947171+00:00", "symbol": "ETH-USD"}, {"trade_id": 667387368, "side": "buy", "size": "0.01003641", "price": "2998.36000000", "time": "2025-07-15T15:22:15.639686Z", "fetched_at": "2025-07-15T15:23:24.947171+00:00", "symbol": "ETH-USD"}, {"trade_id": 667387367, "side": "buy", "size": "0.00657359", "price": "2998.36000000", "time": "2025-07-15T15:22:15.639686Z", "fetched_at": "2025-07-15T15:23:24.947171+00:00", "symbol": "ETH-USD"}, {"trade_id": 667387366, "side": "buy", "size": "0.01361566", "price": "2998.36000000", "time": "2025-07-15T15:22:14.536962Z", "fetched_at": "2025-07-15T15:23:24.947171+00:00", "symbol": "ETH-USD"}, {"trade_id": 667387365, "side": "sell", "size": "0.00680876", "price": "2998.37000000", "time": "2025-07-15T15:22:13.750855Z", "fetched_at": "2025-07-15T15:23:24.947171+00:00", "symbol": "ETH-USD"}, {"trade_id": 667387364, "side": "sell", "size": "0.00129201", "price": "2998.33000000", "time": "2025-07-15T15:22:13.750855Z", "fetched_at": "2025-07-15T15:23:24.947171+00:00", "symbol": "ETH-USD"}, {"trade_id": 667387363, "side": "sell", "size": "0.01491328", "price": "2998.37000000", "time": "2025-07-15T15:22:13.404323Z", "fetched_at": "2025-07-15T15:23:24.947171+00:00", "symbol": "ETH-USD"}, {"trade_id": 667387362, "side": "sell", "size": "0.00112552", "price": "2998.22000000", "time": "2025-07-15T15:22:13.404323Z", "fetched_at": "2025-07-15T15:23:24.947171+00:00", "symbol": "ETH-USD"}, {"trade_id": 667387361, "side": "sell", "size": "0.00009478", "price": "2998.22000000", "time": "2025-07-15T15:22:13.404323Z", "fetched_at": "2025-07-15T15:23:24.947171+00:00", "symbol": "ETH-USD"}, {"trade_id": 667387360, "side": "sell", "size": "0.00034093", "price": "2998.22000000", "time": "2025-07-15T15:22:13.404323Z", "fetched_at": "2025-07-15T15:23:24.947171+00:00", "symbol": "ETH-USD"}, {"trade_id": 667387359, "side": "buy", "size": "0.35096372", "price": "2997.91000000", "time": "2025-07-15T15:22:12.270122Z", "fetched_at": "2025-07-15T15:23:24.947171+00:00", "symbol": "ETH-USD"}, {"trade_id": 667387358, "side": "buy", "size": "0.50427681", "price": "2997.94000000", "time": "2025-07-15T15:22:12.270122Z", "fetched_at": "2025-07-15T15:23:24.947171+00:00", "symbol": "ETH-USD"}, {"trade_id": 667387357, "side": "buy", "size": "0.00100000", "price": "2997.94000000", "time": "2025-07-15T15:22:12.270122Z", "fetched_at": "2025-07-15T15:23:24.947171+00:00", "symbol": "ETH-USD"}, {"trade_id": 667387356, "side": "buy", "size": "0.00333562", "price": "2997.95000000", "time": "2025-07-15T15:22:12.270122Z", "fetched_at": "2025-07-15T15:23:24.947171+00:00", "symbol": "ETH-USD"}, {"trade_id": 667387355, "side": "buy", "size": "0.01280139", "price": "2998.11000000", "time": "2025-07-15T15:22:12.270122Z", "fetched_at": "2025-07-15T15:23:24.947171+00:00", "symbol": "ETH-USD"}, {"trade_id": 667387354, "side": "buy", "size": "0.03543232", "price": "2998.11000000", "time": "2025-07-15T15:22:12.270122Z", "fetched_at": "2025-07-15T15:23:24.947171+00:00", "symbol": "ETH-USD"}, {"trade_id": 667387353, "side": "buy", "size": "0.00966608", "price": "2998.11000000", "time": "2025-07-15T15:22:12.270122Z", "fetched_at": "2025-07-15T15:23:24.947171+00:00", "symbol": "ETH-USD"}, {"trade_id": 667387352, "side": "buy", "size": "0.03585139", "price": "2998.21000000", "time": "2025-07-15T15:22:12.270122Z", "fetched_at": "2025-07-15T15:23:24.947171+00:00", "symbol": "ETH-USD"}, {"trade_id": 667387351, "side": "buy", "size": "1.76672269", "price": "2998.32000000", "time": "2025-07-15T15:22:11.984133Z", "fetched_at": "2025-07-15T15:23:24.947171+00:00", "symbol": "ETH-USD"}, {"trade_id": 667387350, "side": "buy", "size": "0.04643659", "price": "2998.13000000", "time": "2025-07-15T15:22:11.824315Z", "fetched_at": "2025-07-15T15:23:24.947171+00:00", "symbol": "ETH-USD"}, {"trade_id": 667387349, "side": "buy", "size": "0.02164682", "price": "2998.13000000", "time": "2025-07-15T15:22:11.824315Z", "fetched_at": "2025-07-15T15:23:24.947171+00:00", "symbol": "ETH-USD"}, {"trade_id": 667387348, "side": "buy", "size": "0.00001334", "price": "2998.13000000", "time": "2025-07-15T15:22:11.824315Z", "fetched_at": "2025-07-15T15:23:24.947171+00:00", "symbol": "ETH-USD"}, {"trade_id": 667387347, "side": "buy", "size": "0.00333541", "price": "2998.14000000", "time": "2025-07-15T15:22:11.824315Z", "fetched_at": "2025-07-15T15:23:24.947171+00:00", "symbol": "ETH-USD"}, {"trade_id": 667387346, "side": "buy", "size": "0.00100000", "price": "2998.16000000", "time": "2025-07-15T15:22:11.824315Z", "fetched_at": "2025-07-15T15:23:24.947171+00:00", "symbol": "ETH-USD"}, {"trade_id": 667387345, "side": "buy", "size": "0.00000667", "price": "2998.41000000", "time": "2025-07-15T15:22:11.824315Z", "fetched_at": "2025-07-15T15:23:24.947171+00:00", "symbol": "ETH-USD"}, {"trade_id": 667387344, "side": "buy", "size": "0.00162072", "price": "2998.66000000", "time": "2025-07-15T15:22:11.824315Z", "fetched_at": "2025-07-15T15:23:24.947171+00:00", "symbol": "ETH-USD"}, {"trade_id": 667387343, "side": "buy", "size": "0.01594045", "price": "2998.66000000", "time": "2025-07-15T15:22:11.824315Z", "fetched_at": "2025-07-15T15:23:24.947171+00:00", "symbol": "ETH-USD"}, {"trade_id": 667387342, "side": "sell", "size": "0.00536132", "price": "2998.67000000", "time": "2025-07-15T15:22:11.627013Z", "fetched_at": "2025-07-15T15:23:24.947171+00:00", "symbol": "ETH-USD"}, {"trade_id": 667387341, "side": "sell", "size": "0.00124252", "price": "2998.67000000", "time": "2025-07-15T15:22:11.627013Z", "fetched_at": "2025-07-15T15:23:24.947171+00:00", "symbol": "ETH-USD"}, {"trade_id": 667387340, "side": "buy", "size": "0.00000333", "price": "2998.71000000", "time": "2025-07-15T15:22:11.491639Z", "fetched_at": "2025-07-15T15:23:24.947171+00:00", "symbol": "ETH-USD"}, {"trade_id": 667387339, "side": "buy", "size": "0.01073458", "price": "2998.72000000", "time": "2025-07-15T15:22:11.491639Z", "fetched_at": "2025-07-15T15:23:24.947171+00:00", "symbol": "ETH-USD"}, {"trade_id": 667387338, "side": "buy", "size": "0.00313467", "price": "2998.72000000", "time": "2025-07-15T15:22:11.491639Z", "fetched_at": "2025-07-15T15:23:24.947171+00:00", "symbol": "ETH-USD"}, {"trade_id": 667387337, "side": "buy", "size": "0.03212284", "price": "2998.80000000", "time": "2025-07-15T15:22:11.319477Z", "fetched_at": "2025-07-15T15:23:24.947171+00:00", "symbol": "ETH-USD"}, {"trade_id": 667387336, "side": "buy", "size": "1.76643990", "price": "2998.80000000", "time": "2025-07-15T15:22:11.319477Z", "fetched_at": "2025-07-15T15:23:24.947171+00:00", "symbol": "ETH-USD"}, {"trade_id": 667387335, "side": "buy", "size": "0.01940109", "price": "2998.80000000", "time": "2025-07-15T15:22:11.319477Z", "fetched_at": "2025-07-15T15:23:24.947171+00:00", "symbol": "ETH-USD"}, {"trade_id": 667387334, "side": "sell", "size": "0.03589622", "price": "2998.81000000", "time": "2025-07-15T15:22:11.126566Z", "fetched_at": "2025-07-15T15:23:24.947171+00:00", "symbol": "ETH-USD"}, {"trade_id": 667387333, "side": "sell", "size": "0.02893000", "price": "2998.81000000", "time": "2025-07-15T15:22:11.126566Z", "fetched_at": "2025-07-15T15:23:24.947171+00:00", "symbol": "ETH-USD"}, {"trade_id": 667387332, "side": "buy", "size": "0.00324128", "price": "2998.81000000", "time": "2025-07-15T15:22:10.799930Z", "fetched_at": "2025-07-15T15:23:24.947171+00:00", "symbol": "ETH-USD"}, {"trade_id": 667387331, "side": "buy", "size": "0.00647590", "price": "2998.81000000", "time": "2025-07-15T15:22:10.799930Z", "fetched_at": "2025-07-15T15:23:24.947171+00:00", "symbol": "ETH-USD"}, {"trade_id": 667387330, "side": "buy", "size": "0.01609971", "price": "2998.81000000", "time": "2025-07-15T15:22:10.799930Z", "fetched_at": "2025-07-15T15:23:24.947171+00:00", "symbol": "ETH-USD"}, {"trade_id": 667387329, "side": "buy", "size": "1.76643401", "price": "2998.81000000", "time": "2025-07-15T15:22:10.799930Z", "fetched_at": "2025-07-15T15:23:24.947171+00:00", "symbol": "ETH-USD"}, {"trade_id": 667387328, "side": "sell", "size": "0.12051857", "price": "2998.70000000", "time": "2025-07-15T15:22:06.441681Z", "fetched_at": "2025-07-15T15:23:24.947171+00:00", "symbol": "ETH-USD"}, {"trade_id": 667387327, "side": "sell", "size": "0.00189135", "price": "2998.69000000", "time": "2025-07-15T15:22:06.441681Z", "fetched_at": "2025-07-15T15:23:24.947171+00:00", "symbol": "ETH-USD"}, {"trade_id": 667387326, "side": "sell", "size": "0.00100000", "price": "2998.60000000", "time": "2025-07-15T15:22:06.441681Z", "fetched_at": "2025-07-15T15:23:24.947171+00:00", "symbol": "ETH-USD"}, {"trade_id": 667387325, "side": "sell", "size": "0.00659008", "price": "2998.34000000", "time": "2025-07-15T15:22:06.441681Z", "fetched_at": "2025-07-15T15:23:24.947171+00:00", "symbol": "ETH-USD"}, {"trade_id": 667387324, "side": "sell", "size": "0.00537674", "price": "2998.35000000", "time": "2025-07-15T15:22:05.259396Z", "fetched_at": "2025-07-15T15:23:24.947171+00:00", "symbol": "ETH-USD"}, {"trade_id": 667387323, "side": "sell", "size": "0.00013915", "price": "2998.12000000", "time": "2025-07-15T15:22:05.259396Z", "fetched_at": "2025-07-15T15:23:24.947171+00:00", "symbol": "ETH-USD"}, {"trade_id": 667387322, "side": "sell", "size": "0.00010335", "price": "2998.12000000", "time": "2025-07-15T15:22:05.259396Z", "fetched_at": "2025-07-15T15:23:24.947171+00:00", "symbol": "ETH-USD"}, {"trade_id": 667387321, "side": "sell", "size": "0.01518682", "price": "2998.12000000", "time": "2025-07-15T15:22:05.189661Z", "fetched_at": "2025-07-15T15:23:24.947171+00:00", "symbol": "ETH-USD"}, {"trade_id": 667387320, "side": "sell", "size": "0.00105300", "price": "2998.12000000", "time": "2025-07-15T15:22:05.178562Z", "fetched_at": "2025-07-15T15:23:24.947171+00:00", "symbol": "ETH-USD"}, {"trade_id": 667387319, "side": "sell", "size": "0.00115791", "price": "2998.12000000", "time": "2025-07-15T15:22:05.165927Z", "fetched_at": "2025-07-15T15:23:24.947171+00:00", "symbol": "ETH-USD"}, {"trade_id": 667387318, "side": "sell", "size": "0.00048004", "price": "2998.12000000", "time": "2025-07-15T15:22:05.165927Z", "fetched_at": "2025-07-15T15:23:24.947171+00:00", "symbol": "ETH-USD"}, {"trade_id": 667387317, "side": "sell", "size": "0.00001257", "price": "2998.12000000", "time": "2025-07-15T15:22:05.165927Z", "fetched_at": "2025-07-15T15:23:24.947171+00:00", "symbol": "ETH-USD"}, {"trade_id": 667387316, "side": "sell", "size": "0.01870478", "price": "2998.41000000", "time": "2025-07-15T15:22:04.271143Z", "fetched_at": "2025-07-15T15:23:24.947171+00:00", "symbol": "ETH-USD"}, {"trade_id": 667387315, "side": "sell", "size": "0.00046935", "price": "2998.40000000", "time": "2025-07-15T15:22:04.271143Z", "fetched_at": "2025-07-15T15:23:24.947171+00:00", "symbol": "ETH-USD"}, {"trade_id": 667387314, "side": "sell", "size": "0.00005589", "price": "2998.20000000", "time": "2025-07-15T15:22:04.271143Z", "fetched_at": "2025-07-15T15:23:24.947171+00:00", "symbol": "ETH-USD"}, {"trade_id": 667387313, "side": "sell", "size": "0.01318017", "price": "2998.14000000", "time": "2025-07-15T15:22:04.271143Z", "fetched_at": "2025-07-15T15:23:24.947171+00:00", "symbol": "ETH-USD"}, {"trade_id": 667387312, "side": "sell", "size": "0.03240321", "price": "2998.12000000", "time": "2025-07-15T15:22:04.206517Z", "fetched_at": "2025-07-15T15:23:24.947171+00:00", "symbol": "ETH-USD"}, {"trade_id": 667387311, "side": "buy", "size": "0.19155959", "price": "2997.83000000", "time": "2025-07-15T15:22:04.173197Z", "fetched_at": "2025-07-15T15:23:24.947171+00:00", "symbol": "ETH-USD"}, {"trade_id": 667387310, "side": "buy", "size": "0.05714397", "price": "2997.84000000", "time": "2025-07-15T15:22:04.173197Z", "fetched_at": "2025-07-15T15:23:24.947171+00:00", "symbol": "ETH-USD"}, {"trade_id": 667387309, "side": "buy", "size": "0.00233501", "price": "2997.84000000", "time": "2025-07-15T15:22:04.173197Z", "fetched_at": "2025-07-15T15:23:24.947171+00:00", "symbol": "ETH-USD"}, {"trade_id": 667387308, "side": "buy", "size": "0.00000333", "price": "2997.84000000", "time": "2025-07-15T15:22:04.173197Z", "fetched_at": "2025-07-15T15:23:24.947171+00:00", "symbol": "ETH-USD"}, {"trade_id": 667387307, "side": "buy", "size": "0.00333573", "price": "2997.85000000", "time": "2025-07-15T15:22:04.173197Z", "fetched_at": "2025-07-15T15:23:24.947171+00:00", "symbol": "ETH-USD"}, {"trade_id": 667387306, "side": "buy", "size": "0.01686718", "price": "2998.13000000", "time": "2025-07-15T15:22:04.173197Z", "fetched_at": "2025-07-15T15:23:24.947171+00:00", "symbol": "ETH-USD"}, {"trade_id": 667387305, "side": "buy", "size": "0.03542875", "price": "2998.13000000", "time": "2025-07-15T15:22:04.173197Z", "fetched_at": "2025-07-15T15:23:24.947171+00:00", "symbol": "ETH-USD"}, {"trade_id": 667387304, "side": "buy", "size": "0.01930536", "price": "2998.13000000", "time": "2025-07-15T15:22:04.173197Z", "fetched_at": "2025-07-15T15:23:24.947171+00:00", "symbol": "ETH-USD"}, {"trade_id": 667387303, "side": "sell", "size": "0.00324211", "price": "2998.14000000", "time": "2025-07-15T15:22:03.940415Z", "fetched_at": "2025-07-15T15:23:24.947171+00:00", "symbol": "ETH-USD"}, {"trade_id": 667387302, "side": "sell", "size": "0.01371061", "price": "2998.14000000", "time": "2025-07-15T15:22:03.871387Z", "fetched_at": "2025-07-15T15:23:24.947171+00:00", "symbol": "ETH-USD"}, {"trade_id": 667387301, "side": "buy", "size": "0.07000000", "price": "2998.19000000", "time": "2025-07-15T15:22:03.460798Z", "fetched_at": "2025-07-15T15:23:24.947171+00:00", "symbol": "ETH-USD"}, {"trade_id": 667387300, "side": "sell", "size": "0.00075627", "price": "2998.44000000", "time": "2025-07-15T15:22:03.391249Z", "fetched_at": "2025-07-15T15:23:24.947171+00:00", "symbol": "ETH-USD"}, {"trade_id": 667387299, "side": "sell", "size": "0.00100000", "price": "2998.38000000", "time": "2025-07-15T15:22:03.391249Z", "fetched_at": "2025-07-15T15:23:24.947171+00:00", "symbol": "ETH-USD"}, {"trade_id": 667387298, "side": "sell", "size": "0.00691977", "price": "2998.31000000", "time": "2025-07-15T15:22:03.391249Z", "fetched_at": "2025-07-15T15:23:24.947171+00:00", "symbol": "ETH-USD"}, {"trade_id": 667387297, "side": "sell", "size": "0.00100000", "price": "2998.16000000", "time": "2025-07-15T15:22:03.391249Z", "fetched_at": "2025-07-15T15:23:24.947171+00:00", "symbol": "ETH-USD"}, {"trade_id": 667387296, "side": "sell", "size": "0.00626039", "price": "2998.13000000", "time": "2025-07-15T15:22:03.391249Z", "fetched_at": "2025-07-15T15:23:24.947171+00:00", "symbol": "ETH-USD"}, {"trade_id": 667387295, "side": "sell", "size": "0.00002535", "price": "2998.13000000", "time": "2025-07-15T15:22:03.391249Z", "fetched_at": "2025-07-15T15:23:24.947171+00:00", "symbol": "ETH-USD"}, {"trade_id": 667387294, "side": "sell", "size": "0.00024003", "price": "2998.13000000", "time": "2025-07-15T15:22:03.391249Z", "fetched_at": "2025-07-15T15:23:24.947171+00:00", "symbol": "ETH-USD"}, {"trade_id": 667387293, "side": "sell", "size": "0.02270001", "price": "2997.76000000", "time": "2025-07-15T15:22:02.356199Z", "fetched_at": "2025-07-15T15:23:24.947171+00:00", "symbol": "ETH-USD"}, {"trade_id": 667387292, "side": "sell", "size": "0.00102112", "price": "2997.69000000", "time": "2025-07-15T15:22:02.356199Z", "fetched_at": "2025-07-15T15:23:24.947171+00:00", "symbol": "ETH-USD"}, {"trade_id": 667387291, "side": "buy", "size": "0.02083717", "price": "2997.65000000", "time": "2025-07-15T15:22:02.309216Z", "fetched_at": "2025-07-15T15:23:24.947171+00:00", "symbol": "ETH-USD"}, {"trade_id": 667387290, "side": "sell", "size": "0.01523430", "price": "2997.66000000", "time": "2025-07-15T15:22:01.816880Z", "fetched_at": "2025-07-15T15:23:24.947171+00:00", "symbol": "ETH-USD"}, {"trade_id": 667387289, "side": "sell", "size": "0.00088068", "price": "2997.66000000", "time": "2025-07-15T15:22:01.816880Z", "fetched_at": "2025-07-15T15:23:24.947171+00:00", "symbol": "ETH-USD"}, {"trade_id": 667387288, "side": "sell", "size": "0.00008642", "price": "2997.66000000", "time": "2025-07-15T15:22:01.816880Z", "fetched_at": "2025-07-15T15:23:24.947171+00:00", "symbol": "ETH-USD"}, {"trade_id": 667387287, "side": "buy", "size": "0.04295931", "price": "2997.72000000", "time": "2025-07-15T15:22:00.725536Z", "fetched_at": "2025-07-15T15:23:24.947171+00:00", "symbol": "ETH-USD"}, {"trade_id": 667387286, "side": "buy", "size": "0.04879374", "price": "2997.72000000", "time": "2025-07-15T15:22:00.725536Z", "fetched_at": "2025-07-15T15:23:24.947171+00:00", "symbol": "ETH-USD"}, {"trade_id": 667387285, "side": "buy", "size": "0.00001000", "price": "2997.72000000", "time": "2025-07-15T15:22:00.725536Z", "fetched_at": "2025-07-15T15:23:24.947171+00:00", "symbol": "ETH-USD"}, {"trade_id": 667387284, "side": "buy", "size": "0.00100000", "price": "2997.72000000", "time": "2025-07-15T15:22:00.725536Z", "fetched_at": "2025-07-15T15:23:24.947171+00:00", "symbol": "ETH-USD"}, {"trade_id": 667387283, "side": "buy", "size": "1.76697610", "price": "2997.89000000", "time": "2025-07-15T15:22:00.441891Z", "fetched_at": "2025-07-15T15:23:24.947171+00:00", "symbol": "ETH-USD"}, {"trade_id": 667387282, "side": "sell", "size": "0.05838991", "price": "2998.05000000", "time": "2025-07-15T15:22:00.260198Z", "fetched_at": "2025-07-15T15:23:24.947171+00:00", "symbol": "ETH-USD"}, {"trade_id": 667387281, "side": "sell", "size": "0.00043795", "price": "2997.90000000", "time": "2025-07-15T15:22:00.260198Z", "fetched_at": "2025-07-15T15:23:24.947171+00:00", "symbol": "ETH-USD"}, {"trade_id": 667387280, "side": "sell", "size": "0.01235657", "price": "2997.90000000", "time": "2025-07-15T15:22:00.260198Z", "fetched_at": "2025-07-15T15:23:24.947171+00:00", "symbol": "ETH-USD"}, {"trade_id": 667387279, "side": "sell", "size": "0.00010334", "price": "2997.90000000", "time": "2025-07-15T15:22:00.260198Z", "fetched_at": "2025-07-15T15:23:24.947171+00:00", "symbol": "ETH-USD"}, {"trade_id": 667387278, "side": "buy", "size": "0.02332020", "price": "2997.83000000", "time": "2025-07-15T15:22:00.015354Z", "fetched_at": "2025-07-15T15:23:24.947171+00:00", "symbol": "ETH-USD"}, {"trade_id": 667387277, "side": "buy", "size": "0.03927095", "price": "2997.89000000", "time": "2025-07-15T15:22:00.015354Z", "fetched_at": "2025-07-15T15:23:24.947171+00:00", "symbol": "ETH-USD"}, {"trade_id": 667387276, "side": "buy", "size": "0.06478888", "price": "2997.89000000", "time": "2025-07-15T15:22:00.015354Z", "fetched_at": "2025-07-15T15:23:24.947171+00:00", "symbol": "ETH-USD"}, {"trade_id": 667387275, "side": "buy", "size": "0.05750615", "price": "2997.94000000", "time": "2025-07-15T15:21:59.692984Z", "fetched_at": "2025-07-15T15:23:24.947171+00:00", "symbol": "ETH-USD"}, {"trade_id": 667387274, "side": "buy", "size": "0.00992681", "price": "2997.94000000", "time": "2025-07-15T15:21:59.692984Z", "fetched_at": "2025-07-15T15:23:24.947171+00:00", "symbol": "ETH-USD"}, {"trade_id": 667387273, "side": "buy", "size": "0.00100000", "price": "2997.94000000", "time": "2025-07-15T15:21:59.692984Z", "fetched_at": "2025-07-15T15:23:24.947171+00:00", "symbol": "ETH-USD"}, {"trade_id": 667387272, "side": "buy", "size": "0.00660416", "price": "2998.11000000", "time": "2025-07-15T15:21:59.491932Z", "fetched_at": "2025-07-15T15:23:24.947171+00:00", "symbol": "ETH-USD"}, {"trade_id": 667387271, "side": "buy", "size": "0.05749622", "price": "2998.11000000", "time": "2025-07-15T15:21:59.491932Z", "fetched_at": "2025-07-15T15:23:24.947171+00:00", "symbol": "ETH-USD"}, {"trade_id": 667387270, "side": "buy", "size": "1.76684644", "price": "2998.11000000", "time": "2025-07-15T15:21:59.491932Z", "fetched_at": "2025-07-15T15:23:24.947171+00:00", "symbol": "ETH-USD"}, {"trade_id": 667387269, "side": "buy", "size": "0.01979580", "price": "2998.11000000", "time": "2025-07-15T15:21:59.491932Z", "fetched_at": "2025-07-15T15:23:24.947171+00:00", "symbol": "ETH-USD"}, {"trade_id": 667387268, "side": "buy", "size": "0.00000667", "price": "2998.11000000", "time": "2025-07-15T15:21:59.491932Z", "fetched_at": "2025-07-15T15:23:24.947171+00:00", "symbol": "ETH-USD"}, {"trade_id": 667387267, "side": "buy", "size": "0.04276694", "price": "2998.11000000", "time": "2025-07-15T15:21:59.491932Z", "fetched_at": "2025-07-15T15:23:24.947171+00:00", "symbol": "ETH-USD"}, {"trade_id": 667387266, "side": "sell", "size": "0.11404813", "price": "2998.12000000", "time": "2025-07-15T15:21:58.891083Z", "fetched_at": "2025-07-15T15:23:24.947171+00:00", "symbol": "ETH-USD"}, {"trade_id": 667387265, "side": "buy", "size": "0.01613247", "price": "2998.30000000", "time": "2025-07-15T15:21:58.764519Z", "fetched_at": "2025-07-15T15:23:24.947171+00:00", "symbol": "ETH-USD"}, {"trade_id": 667387264, "side": "buy", "size": "0.01755475", "price": "2998.30000000", "time": "2025-07-15T15:21:58.764519Z", "fetched_at": "2025-07-15T15:23:24.947171+00:00", "symbol": "ETH-USD"}, {"trade_id": 667387263, "side": "buy", "size": "0.00228982", "price": "2998.30000000", "time": "2025-07-15T15:21:58.653256Z", "fetched_at": "2025-07-15T15:23:24.947171+00:00", "symbol": "ETH-USD"}, {"trade_id": 667387262, "side": "buy", "size": "0.00165093", "price": "2998.30000000", "time": "2025-07-15T15:21:58.653256Z", "fetched_at": "2025-07-15T15:23:24.947171+00:00", "symbol": "ETH-USD"}, {"trade_id": 667387261, "side": "buy", "size": "0.00330187", "price": "2998.30000000", "time": "2025-07-15T15:21:58.653256Z", "fetched_at": "2025-07-15T15:23:24.947171+00:00", "symbol": "ETH-USD"}, {"trade_id": 667387260, "side": "sell", "size": "0.08001353", "price": "2998.51000000", "time": "2025-07-15T15:21:58.059549Z", "fetched_at": "2025-07-15T15:23:24.947171+00:00", "symbol": "ETH-USD"}, {"trade_id": 667387259, "side": "sell", "size": "0.00100929", "price": "2998.31000000", "time": "2025-07-15T15:21:58.059549Z", "fetched_at": "2025-07-15T15:23:24.947171+00:00", "symbol": "ETH-USD"}