[{"trade_id": 667312258, "side": "sell", "size": "0.07015638", "price": "3031.90000000", "time": "2025-07-15T13:30:08.044905Z", "fetched_at": "2025-07-15T13:30:09.252390+00:00", "symbol": "ETH-USD"}, {"trade_id": 667312257, "side": "sell", "size": "0.39297222", "price": "3031.88000000", "time": "2025-07-15T13:30:08.044905Z", "fetched_at": "2025-07-15T13:30:09.252390+00:00", "symbol": "ETH-USD"}, {"trade_id": 667312256, "side": "sell", "size": "0.00100000", "price": "3031.86000000", "time": "2025-07-15T13:30:08.044905Z", "fetched_at": "2025-07-15T13:30:09.252390+00:00", "symbol": "ETH-USD"}, {"trade_id": 667312255, "side": "sell", "size": "0.54660703", "price": "3031.82000000", "time": "2025-07-15T13:30:08.044905Z", "fetched_at": "2025-07-15T13:30:09.252390+00:00", "symbol": "ETH-USD"}, {"trade_id": 667312254, "side": "sell", "size": "0.17585224", "price": "3031.78000000", "time": "2025-07-15T13:30:08.044905Z", "fetched_at": "2025-07-15T13:30:09.252390+00:00", "symbol": "ETH-USD"}, {"trade_id": 667312253, "side": "sell", "size": "0.16492072", "price": "3031.76000000", "time": "2025-07-15T13:30:08.044905Z", "fetched_at": "2025-07-15T13:30:09.252390+00:00", "symbol": "ETH-USD"}, {"trade_id": 667312252, "side": "sell", "size": "0.82460897", "price": "3031.74000000", "time": "2025-07-15T13:30:08.044905Z", "fetched_at": "2025-07-15T13:30:09.252390+00:00", "symbol": "ETH-USD"}, {"trade_id": 667312251, "side": "sell", "size": "0.00034275", "price": "3031.64000000", "time": "2025-07-15T13:30:08.044905Z", "fetched_at": "2025-07-15T13:30:09.252390+00:00", "symbol": "ETH-USD"}, {"trade_id": 667312250, "side": "sell", "size": "0.00209833", "price": "3031.63000000", "time": "2025-07-15T13:30:08.044905Z", "fetched_at": "2025-07-15T13:30:09.252390+00:00", "symbol": "ETH-USD"}, {"trade_id": 667312249, "side": "sell", "size": "0.00011709", "price": "3031.63000000", "time": "2025-07-15T13:30:08.044905Z", "fetched_at": "2025-07-15T13:30:09.252390+00:00", "symbol": "ETH-USD"}, {"trade_id": 667312248, "side": "sell", "size": "0.00048112", "price": "3031.63000000", "time": "2025-07-15T13:30:08.044905Z", "fetched_at": "2025-07-15T13:30:09.252390+00:00", "symbol": "ETH-USD"}, {"trade_id": 667312247, "side": "sell", "size": "0.00008658", "price": "3031.63000000", "time": "2025-07-15T13:30:08.044905Z", "fetched_at": "2025-07-15T13:30:09.252390+00:00", "symbol": "ETH-USD"}, {"trade_id": 667312246, "side": "sell", "size": "0.00075657", "price": "3031.60000000", "time": "2025-07-15T13:30:08.044905Z", "fetched_at": "2025-07-15T13:30:09.252390+00:00", "symbol": "ETH-USD"}, {"trade_id": 667312245, "side": "sell", "size": "0.00640835", "price": "3031.52000000", "time": "2025-07-15T13:30:07.126887Z", "fetched_at": "2025-07-15T13:30:09.252390+00:00", "symbol": "ETH-USD"}, {"trade_id": 667312244, "side": "buy", "size": "0.98060275", "price": "3031.76000000", "time": "2025-07-15T13:30:06.764360Z", "fetched_at": "2025-07-15T13:30:09.252390+00:00", "symbol": "ETH-USD"}, {"trade_id": 667312243, "side": "sell", "size": "0.02410000", "price": "3031.78000000", "time": "2025-07-15T13:30:06.757919Z", "fetched_at": "2025-07-15T13:30:09.252390+00:00", "symbol": "ETH-USD"}, {"trade_id": 667312242, "side": "buy", "size": "0.31939725", "price": "3031.76000000", "time": "2025-07-15T13:30:06.664232Z", "fetched_at": "2025-07-15T13:30:09.252390+00:00", "symbol": "ETH-USD"}, {"trade_id": 667312241, "side": "buy", "size": "0.28075000", "price": "3031.77000000", "time": "2025-07-15T13:30:06.664232Z", "fetched_at": "2025-07-15T13:30:09.252390+00:00", "symbol": "ETH-USD"}, {"trade_id": 667312240, "side": "buy", "size": "0.02406563", "price": "3031.42000000", "time": "2025-07-15T13:30:05.146581Z", "fetched_at": "2025-07-15T13:30:09.252390+00:00", "symbol": "ETH-USD"}, {"trade_id": 667312239, "side": "buy", "size": "0.00213437", "price": "3031.77000000", "time": "2025-07-15T13:30:05.146581Z", "fetched_at": "2025-07-15T13:30:09.252390+00:00", "symbol": "ETH-USD"}, {"trade_id": 667312238, "side": "sell", "size": "0.16442449", "price": "3031.67000000", "time": "2025-07-15T13:30:04.996841Z", "fetched_at": "2025-07-15T13:30:09.252390+00:00", "symbol": "ETH-USD"}, {"trade_id": 667312237, "side": "sell", "size": "0.03555396", "price": "3031.67000000", "time": "2025-07-15T13:30:04.948711Z", "fetched_at": "2025-07-15T13:30:09.252390+00:00", "symbol": "ETH-USD"}, {"trade_id": 667312236, "side": "sell", "size": "0.00100000", "price": "3031.63000000", "time": "2025-07-15T13:30:04.948711Z", "fetched_at": "2025-07-15T13:30:09.252390+00:00", "symbol": "ETH-USD"}, {"trade_id": 667312235, "side": "sell", "size": "0.04084604", "price": "3031.63000000", "time": "2025-07-15T13:30:04.948711Z", "fetched_at": "2025-07-15T13:30:09.252390+00:00", "symbol": "ETH-USD"}, {"trade_id": 667312234, "side": "sell", "size": "0.00100000", "price": "3031.40000000", "time": "2025-07-15T13:30:04.887622Z", "fetched_at": "2025-07-15T13:30:09.252390+00:00", "symbol": "ETH-USD"}, {"trade_id": 667312233, "side": "sell", "size": "0.37819176", "price": "3031.12000000", "time": "2025-07-15T13:30:03.786661Z", "fetched_at": "2025-07-15T13:30:09.252390+00:00", "symbol": "ETH-USD"}, {"trade_id": 667312232, "side": "sell", "size": "0.00100000", "price": "3030.94000000", "time": "2025-07-15T13:30:03.786661Z", "fetched_at": "2025-07-15T13:30:09.252390+00:00", "symbol": "ETH-USD"}, {"trade_id": 667312231, "side": "sell", "size": "0.01322122", "price": "3030.84000000", "time": "2025-07-15T13:30:03.318751Z", "fetched_at": "2025-07-15T13:30:09.252390+00:00", "symbol": "ETH-USD"}, {"trade_id": 667312230, "side": "sell", "size": "0.00005527", "price": "3030.84000000", "time": "2025-07-15T13:30:03.318751Z", "fetched_at": "2025-07-15T13:30:09.252390+00:00", "symbol": "ETH-USD"}, {"trade_id": 667312229, "side": "sell", "size": "0.00145187", "price": "3030.84000000", "time": "2025-07-15T13:30:03.318751Z", "fetched_at": "2025-07-15T13:30:09.252390+00:00", "symbol": "ETH-USD"}, {"trade_id": 667312228, "side": "sell", "size": "0.00129764", "price": "3030.83000000", "time": "2025-07-15T13:30:03.318751Z", "fetched_at": "2025-07-15T13:30:09.252390+00:00", "symbol": "ETH-USD"}, {"trade_id": 667312227, "side": "sell", "size": "0.47684866", "price": "3030.78000000", "time": "2025-07-15T13:30:02.267907Z", "fetched_at": "2025-07-15T13:30:09.252390+00:00", "symbol": "ETH-USD"}, {"trade_id": 667312226, "side": "sell", "size": "0.04217332", "price": "3030.77000000", "time": "2025-07-15T13:30:02.267907Z", "fetched_at": "2025-07-15T13:30:09.252390+00:00", "symbol": "ETH-USD"}, {"trade_id": 667312225, "side": "sell", "size": "0.16177962", "price": "3030.70000000", "time": "2025-07-15T13:30:02.267907Z", "fetched_at": "2025-07-15T13:30:09.252390+00:00", "symbol": "ETH-USD"}, {"trade_id": 667312224, "side": "sell", "size": "0.19670178", "price": "3030.70000000", "time": "2025-07-15T13:30:02.267907Z", "fetched_at": "2025-07-15T13:30:09.252390+00:00", "symbol": "ETH-USD"}, {"trade_id": 667312223, "side": "sell", "size": "0.16498350", "price": "3030.61000000", "time": "2025-07-15T13:30:02.267907Z", "fetched_at": "2025-07-15T13:30:09.252390+00:00", "symbol": "ETH-USD"}, {"trade_id": 667312222, "side": "sell", "size": "0.00100000", "price": "3030.48000000", "time": "2025-07-15T13:30:02.267907Z", "fetched_at": "2025-07-15T13:30:09.252390+00:00", "symbol": "ETH-USD"}, {"trade_id": 667312221, "side": "sell", "size": "0.39295672", "price": "3030.38000000", "time": "2025-07-15T13:30:02.267052Z", "fetched_at": "2025-07-15T13:30:09.252390+00:00", "symbol": "ETH-USD"}, {"trade_id": 667312220, "side": "sell", "size": "0.00010335", "price": "3030.38000000", "time": "2025-07-15T13:30:02.267052Z", "fetched_at": "2025-07-15T13:30:09.252390+00:00", "symbol": "ETH-USD"}, {"trade_id": 667312219, "side": "sell", "size": "0.00185198", "price": "3030.37000000", "time": "2025-07-15T13:30:02.267052Z", "fetched_at": "2025-07-15T13:30:09.252390+00:00", "symbol": "ETH-USD"}, {"trade_id": 667312218, "side": "sell", "size": "1.40988368", "price": "3030.17000000", "time": "2025-07-15T13:30:01.905818Z", "fetched_at": "2025-07-15T13:30:09.252390+00:00", "symbol": "ETH-USD"}, {"trade_id": 667312217, "side": "sell", "size": "0.30000000", "price": "3030.00000000", "time": "2025-07-15T13:30:01.905818Z", "fetched_at": "2025-07-15T13:30:09.252390+00:00", "symbol": "ETH-USD"}, {"trade_id": 667312216, "side": "sell", "size": "0.30000000", "price": "3029.90000000", "time": "2025-07-15T13:30:01.905818Z", "fetched_at": "2025-07-15T13:30:09.252390+00:00", "symbol": "ETH-USD"}, {"trade_id": 667312215, "side": "sell", "size": "0.03205230", "price": "3029.86000000", "time": "2025-07-15T13:30:01.805029Z", "fetched_at": "2025-07-15T13:30:09.252390+00:00", "symbol": "ETH-USD"}, {"trade_id": 667312214, "side": "buy", "size": "0.01661000", "price": "3029.85000000", "time": "2025-07-15T13:30:01.793213Z", "fetched_at": "2025-07-15T13:30:09.252390+00:00", "symbol": "ETH-USD"}, {"trade_id": 667312213, "side": "sell", "size": "0.73931919", "price": "3029.85000000", "time": "2025-07-15T13:30:01.758389Z", "fetched_at": "2025-07-15T13:30:09.252390+00:00", "symbol": "ETH-USD"}, {"trade_id": 667312212, "side": "sell", "size": "0.65215205", "price": "3029.84000000", "time": "2025-07-15T13:30:01.758389Z", "fetched_at": "2025-07-15T13:30:09.252390+00:00", "symbol": "ETH-USD"}, {"trade_id": 667312211, "side": "sell", "size": "0.15000000", "price": "3029.83000000", "time": "2025-07-15T13:30:01.758389Z", "fetched_at": "2025-07-15T13:30:09.252390+00:00", "symbol": "ETH-USD"}, {"trade_id": 667312210, "side": "sell", "size": "0.00035666", "price": "3029.36000000", "time": "2025-07-15T13:30:01.748770Z", "fetched_at": "2025-07-15T13:30:09.252390+00:00", "symbol": "ETH-USD"}, {"trade_id": 667312209, "side": "buy", "size": "0.00330116", "price": "3029.23000000", "time": "2025-07-15T13:30:01.511229Z", "fetched_at": "2025-07-15T13:30:09.252390+00:00", "symbol": "ETH-USD"}, {"trade_id": 667312208, "side": "buy", "size": "0.00134696", "price": "3029.25000000", "time": "2025-07-15T13:30:01.511229Z", "fetched_at": "2025-07-15T13:30:09.252390+00:00", "symbol": "ETH-USD"}, {"trade_id": 667312207, "side": "buy", "size": "0.16172970", "price": "3029.25000000", "time": "2025-07-15T13:30:01.487898Z", "fetched_at": "2025-07-15T13:30:09.252390+00:00", "symbol": "ETH-USD"}, {"trade_id": 667312206, "side": "buy", "size": "0.00127030", "price": "3029.26000000", "time": "2025-07-15T13:30:01.487898Z", "fetched_at": "2025-07-15T13:30:09.252390+00:00", "symbol": "ETH-USD"}, {"trade_id": 667312205, "side": "buy", "size": "0.00100000", "price": "3029.33000000", "time": "2025-07-15T13:30:01.486255Z", "fetched_at": "2025-07-15T13:30:09.252390+00:00", "symbol": "ETH-USD"}, {"trade_id": 667312204, "side": "buy", "size": "0.00177596", "price": "3029.34000000", "time": "2025-07-15T13:30:01.486255Z", "fetched_at": "2025-07-15T13:30:09.252390+00:00", "symbol": "ETH-USD"}, {"trade_id": 667312203, "side": "buy", "size": "0.00003324", "price": "3029.36000000", "time": "2025-07-15T13:30:01.486255Z", "fetched_at": "2025-07-15T13:30:09.252390+00:00", "symbol": "ETH-USD"}, {"trade_id": 667312202, "side": "buy", "size": "0.01020000", "price": "3029.36000000", "time": "2025-07-15T13:30:01.485234Z", "fetched_at": "2025-07-15T13:30:09.252390+00:00", "symbol": "ETH-USD"}, {"trade_id": 667312201, "side": "buy", "size": "0.00340000", "price": "3029.36000000", "time": "2025-07-15T13:30:01.482196Z", "fetched_at": "2025-07-15T13:30:09.252390+00:00", "symbol": "ETH-USD"}, {"trade_id": 667312200, "side": "buy", "size": "0.04415467", "price": "3029.34000000", "time": "2025-07-15T13:30:01.220472Z", "fetched_at": "2025-07-15T13:30:09.252390+00:00", "symbol": "ETH-USD"}, {"trade_id": 667312199, "side": "buy", "size": "0.00100000", "price": "3029.56000000", "time": "2025-07-15T13:30:01.199308Z", "fetched_at": "2025-07-15T13:30:09.252390+00:00", "symbol": "ETH-USD"}, {"trade_id": 667312198, "side": "buy", "size": "0.70000000", "price": "3029.58000000", "time": "2025-07-15T13:30:01.199308Z", "fetched_at": "2025-07-15T13:30:09.252390+00:00", "symbol": "ETH-USD"}, {"trade_id": 667312197, "side": "sell", "size": "0.52811377", "price": "3030.31000000", "time": "2025-07-15T13:30:01.124003Z", "fetched_at": "2025-07-15T13:30:09.252390+00:00", "symbol": "ETH-USD"}, {"trade_id": 667312196, "side": "sell", "size": "0.44068985", "price": "3030.31000000", "time": "2025-07-15T13:30:01.124003Z", "fetched_at": "2025-07-15T13:30:09.252390+00:00", "symbol": "ETH-USD"}, {"trade_id": 667312195, "side": "sell", "size": "0.05042284", "price": "3030.31000000", "time": "2025-07-15T13:30:01.124003Z", "fetched_at": "2025-07-15T13:30:09.252390+00:00", "symbol": "ETH-USD"}, {"trade_id": 667312194, "side": "sell", "size": "0.04352984", "price": "3030.30000000", "time": "2025-07-15T13:30:01.124003Z", "fetched_at": "2025-07-15T13:30:09.252390+00:00", "symbol": "ETH-USD"}, {"trade_id": 667312193, "side": "sell", "size": "0.26471545", "price": "3030.29000000", "time": "2025-07-15T13:30:01.124003Z", "fetched_at": "2025-07-15T13:30:09.252390+00:00", "symbol": "ETH-USD"}, {"trade_id": 667312192, "side": "sell", "size": "0.03962376", "price": "3030.04000000", "time": "2025-07-15T13:30:01.124003Z", "fetched_at": "2025-07-15T13:30:09.252390+00:00", "symbol": "ETH-USD"}, {"trade_id": 667312191, "side": "sell", "size": "0.97200000", "price": "3029.99000000", "time": "2025-07-15T13:30:01.124003Z", "fetched_at": "2025-07-15T13:30:09.252390+00:00", "symbol": "ETH-USD"}, {"trade_id": 667312190, "side": "sell", "size": "0.34781268", "price": "3029.98000000", "time": "2025-07-15T13:30:01.124003Z", "fetched_at": "2025-07-15T13:30:09.252390+00:00", "symbol": "ETH-USD"}, {"trade_id": 667312189, "side": "sell", "size": "0.82510181", "price": "3029.93000000", "time": "2025-07-15T13:30:01.124003Z", "fetched_at": "2025-07-15T13:30:09.252390+00:00", "symbol": "ETH-USD"}, {"trade_id": 667312188, "side": "sell", "size": "0.16585872", "price": "3029.92000000", "time": "2025-07-15T13:30:01.124003Z", "fetched_at": "2025-07-15T13:30:09.252390+00:00", "symbol": "ETH-USD"}, {"trade_id": 667312187, "side": "sell", "size": "0.16503077", "price": "3029.74000000", "time": "2025-07-15T13:30:01.124003Z", "fetched_at": "2025-07-15T13:30:09.252390+00:00", "symbol": "ETH-USD"}, {"trade_id": 667312186, "side": "sell", "size": "0.24708000", "price": "3029.69000000", "time": "2025-07-15T13:30:01.124003Z", "fetched_at": "2025-07-15T13:30:09.252390+00:00", "symbol": "ETH-USD"}, {"trade_id": 667312185, "side": "sell", "size": "0.50998664", "price": "3029.68000000", "time": "2025-07-15T13:30:01.124003Z", "fetched_at": "2025-07-15T13:30:09.252390+00:00", "symbol": "ETH-USD"}, {"trade_id": 667312184, "side": "sell", "size": "0.15000000", "price": "3029.68000000", "time": "2025-07-15T13:30:01.124003Z", "fetched_at": "2025-07-15T13:30:09.252390+00:00", "symbol": "ETH-USD"}, {"trade_id": 667312183, "side": "buy", "size": "0.00142786", "price": "3029.67000000", "time": "2025-07-15T13:30:01.063579Z", "fetched_at": "2025-07-15T13:30:09.252390+00:00", "symbol": "ETH-USD"}, {"trade_id": 667312182, "side": "buy", "size": "0.00142787", "price": "3029.66000000", "time": "2025-07-15T13:30:01.042702Z", "fetched_at": "2025-07-15T13:30:09.252390+00:00", "symbol": "ETH-USD"}, {"trade_id": 667312181, "side": "buy", "size": "0.19999871", "price": "3029.65000000", "time": "2025-07-15T13:30:01.034871Z", "fetched_at": "2025-07-15T13:30:09.252390+00:00", "symbol": "ETH-USD"}, {"trade_id": 667312180, "side": "buy", "size": "0.00142787", "price": "3029.66000000", "time": "2025-07-15T13:30:01.034871Z", "fetched_at": "2025-07-15T13:30:09.252390+00:00", "symbol": "ETH-USD"}, {"trade_id": 667312179, "side": "buy", "size": "0.00100000", "price": "3029.79000000", "time": "2025-07-15T13:30:01.024074Z", "fetched_at": "2025-07-15T13:30:09.252390+00:00", "symbol": "ETH-USD"}, {"trade_id": 667312178, "side": "buy", "size": "0.00150875", "price": "3030.10000000", "time": "2025-07-15T13:30:00.928597Z", "fetched_at": "2025-07-15T13:30:09.252390+00:00", "symbol": "ETH-USD"}, {"trade_id": 667312177, "side": "sell", "size": "0.01407212", "price": "3030.11000000", "time": "2025-07-15T13:30:00.885249Z", "fetched_at": "2025-07-15T13:30:09.252390+00:00", "symbol": "ETH-USD"}, {"trade_id": 667312176, "side": "buy", "size": "0.78000000", "price": "3030.13000000", "time": "2025-07-15T13:30:00.871065Z", "fetched_at": "2025-07-15T13:30:09.252390+00:00", "symbol": "ETH-USD"}, {"trade_id": 667312175, "side": "buy", "size": "0.00150873", "price": "3030.14000000", "time": "2025-07-15T13:30:00.871065Z", "fetched_at": "2025-07-15T13:30:09.252390+00:00", "symbol": "ETH-USD"}, {"trade_id": 667312174, "side": "buy", "size": "1.36671325", "price": "3030.27000000", "time": "2025-07-15T13:30:00.859818Z", "fetched_at": "2025-07-15T13:30:09.252390+00:00", "symbol": "ETH-USD"}, {"trade_id": 667312173, "side": "buy", "size": "0.03328675", "price": "3030.27000000", "time": "2025-07-15T13:30:00.686174Z", "fetched_at": "2025-07-15T13:30:09.252390+00:00", "symbol": "ETH-USD"}, {"trade_id": 667312172, "side": "sell", "size": "0.21657178", "price": "3030.55000000", "time": "2025-07-15T13:30:00.451390Z", "fetched_at": "2025-07-15T13:30:09.252390+00:00", "symbol": "ETH-USD"}, {"trade_id": 667312171, "side": "sell", "size": "0.15000000", "price": "3030.47000000", "time": "2025-07-15T13:30:00.451390Z", "fetched_at": "2025-07-15T13:30:09.252390+00:00", "symbol": "ETH-USD"}, {"trade_id": 667312170, "side": "buy", "size": "0.20005317", "price": "3030.38000000", "time": "2025-07-15T13:30:00.447691Z", "fetched_at": "2025-07-15T13:30:09.252390+00:00", "symbol": "ETH-USD"}, {"trade_id": 667312169, "side": "buy", "size": "0.00151982", "price": "3030.39000000", "time": "2025-07-15T13:30:00.447691Z", "fetched_at": "2025-07-15T13:30:09.252390+00:00", "symbol": "ETH-USD"}, {"trade_id": 667312168, "side": "buy", "size": "0.00384300", "price": "3030.43000000", "time": "2025-07-15T13:30:00.447300Z", "fetched_at": "2025-07-15T13:30:09.252390+00:00", "symbol": "ETH-USD"}, {"trade_id": 667312167, "side": "buy", "size": "0.01161509", "price": "3030.54000000", "time": "2025-07-15T13:30:00.446558Z", "fetched_at": "2025-07-15T13:30:09.252390+00:00", "symbol": "ETH-USD"}, {"trade_id": 667312166, "side": "buy", "size": "0.00177526", "price": "3030.54000000", "time": "2025-07-15T13:30:00.446558Z", "fetched_at": "2025-07-15T13:30:09.252390+00:00", "symbol": "ETH-USD"}, {"trade_id": 667312165, "side": "buy", "size": "1.20000000", "price": "3030.57000000", "time": "2025-07-15T13:30:00.375585Z", "fetched_at": "2025-07-15T13:30:09.252390+00:00", "symbol": "ETH-USD"}, {"trade_id": 667312164, "side": "buy", "size": "0.15000000", "price": "3030.58000000", "time": "2025-07-15T13:30:00.366377Z", "fetched_at": "2025-07-15T13:30:09.252390+00:00", "symbol": "ETH-USD"}, {"trade_id": 667312163, "side": "buy", "size": "0.00000329", "price": "3030.62000000", "time": "2025-07-15T13:30:00.366377Z", "fetched_at": "2025-07-15T13:30:09.252390+00:00", "symbol": "ETH-USD"}, {"trade_id": 667312162, "side": "buy", "size": "0.03156794", "price": "3030.62000000", "time": "2025-07-15T13:30:00.235128Z", "fetched_at": "2025-07-15T13:30:09.252390+00:00", "symbol": "ETH-USD"}, {"trade_id": 667312161, "side": "sell", "size": "0.03737154", "price": "3030.89000000", "time": "2025-07-15T13:30:00.191169Z", "fetched_at": "2025-07-15T13:30:09.252390+00:00", "symbol": "ETH-USD"}, {"trade_id": 667312160, "side": "buy", "size": "0.70000000", "price": "3030.73000000", "time": "2025-07-15T13:30:00.189741Z", "fetched_at": "2025-07-15T13:30:09.252390+00:00", "symbol": "ETH-USD"}, {"trade_id": 667312159, "side": "buy", "size": "0.30000000", "price": "3030.74000000", "time": "2025-07-15T13:30:00.189741Z", "fetched_at": "2025-07-15T13:30:09.252390+00:00", "symbol": "ETH-USD"}, {"trade_id": 667312158, "side": "buy", "size": "0.09781418", "price": "3030.75000000", "time": "2025-07-15T13:30:00.189741Z", "fetched_at": "2025-07-15T13:30:09.252390+00:00", "symbol": "ETH-USD"}, {"trade_id": 667312157, "side": "sell", "size": "0.97200000", "price": "3031.36000000", "time": "2025-07-15T13:30:00.076563Z", "fetched_at": "2025-07-15T13:30:09.252390+00:00", "symbol": "ETH-USD"}, {"trade_id": 667312156, "side": "sell", "size": "0.24269000", "price": "3031.36000000", "time": "2025-07-15T13:30:00.076563Z", "fetched_at": "2025-07-15T13:30:09.252390+00:00", "symbol": "ETH-USD"}, {"trade_id": 667312155, "side": "sell", "size": "0.00002520", "price": "3031.33000000", "time": "2025-07-15T13:30:00.060095Z", "fetched_at": "2025-07-15T13:30:09.252390+00:00", "symbol": "ETH-USD"}, {"trade_id": 667312154, "side": "sell", "size": "0.00013889", "price": "3031.33000000", "time": "2025-07-15T13:30:00.055210Z", "fetched_at": "2025-07-15T13:30:09.252390+00:00", "symbol": "ETH-USD"}, {"trade_id": 667312153, "side": "sell", "size": "0.36455645", "price": "3031.33000000", "time": "2025-07-15T13:30:00.055210Z", "fetched_at": "2025-07-15T13:30:09.252390+00:00", "symbol": "ETH-USD"}, {"trade_id": 667312152, "side": "sell", "size": "0.82480797", "price": "3031.01000000", "time": "2025-07-15T13:30:00.037902Z", "fetched_at": "2025-07-15T13:30:09.252390+00:00", "symbol": "ETH-USD"}, {"trade_id": 667312151, "side": "sell", "size": "0.16496811", "price": "3030.89000000", "time": "2025-07-15T13:30:00.033732Z", "fetched_at": "2025-07-15T13:30:09.252390+00:00", "symbol": "ETH-USD"}, {"trade_id": 667312150, "side": "sell", "size": "0.29220331", "price": "3031.01000000", "time": "2025-07-15T13:30:00.017742Z", "fetched_at": "2025-07-15T13:30:09.252390+00:00", "symbol": "ETH-USD"}, {"trade_id": 667312149, "side": "sell", "size": "0.00779669", "price": "3031.01000000", "time": "2025-07-15T13:29:59.995218Z", "fetched_at": "2025-07-15T13:30:09.252390+00:00", "symbol": "ETH-USD"}, {"trade_id": 667312148, "side": "sell", "size": "0.00005590", "price": "3030.70000000", "time": "2025-07-15T13:29:59.995218Z", "fetched_at": "2025-07-15T13:30:09.252390+00:00", "symbol": "ETH-USD"}, {"trade_id": 667312147, "side": "sell", "size": "0.00031002", "price": "3030.70000000", "time": "2025-07-15T13:29:59.995218Z", "fetched_at": "2025-07-15T13:30:09.252390+00:00", "symbol": "ETH-USD"}, {"trade_id": 667312146, "side": "sell", "size": "0.00100000", "price": "3031.63000000", "time": "2025-07-15T13:29:59.968700Z", "fetched_at": "2025-07-15T13:30:09.252390+00:00", "symbol": "ETH-USD"}, {"trade_id": 667312145, "side": "sell", "size": "1.30300981", "price": "3031.53000000", "time": "2025-07-15T13:29:59.968700Z", "fetched_at": "2025-07-15T13:30:09.252390+00:00", "symbol": "ETH-USD"}, {"trade_id": 667312144, "side": "sell", "size": "0.99624538", "price": "3031.52000000", "time": "2025-07-15T13:29:59.968700Z", "fetched_at": "2025-07-15T13:30:09.252390+00:00", "symbol": "ETH-USD"}, {"trade_id": 667312143, "side": "sell", "size": "1.35572384", "price": "3031.46000000", "time": "2025-07-15T13:29:59.968700Z", "fetched_at": "2025-07-15T13:30:09.252390+00:00", "symbol": "ETH-USD"}, {"trade_id": 667312142, "side": "sell", "size": "0.00100000", "price": "3031.40000000", "time": "2025-07-15T13:29:59.968700Z", "fetched_at": "2025-07-15T13:30:09.252390+00:00", "symbol": "ETH-USD"}, {"trade_id": 667312141, "side": "sell", "size": "0.30443896", "price": "3031.37000000", "time": "2025-07-15T13:29:59.968700Z", "fetched_at": "2025-07-15T13:30:09.252390+00:00", "symbol": "ETH-USD"}, {"trade_id": 667312140, "side": "sell", "size": "0.65295621", "price": "3031.35000000", "time": "2025-07-15T13:29:59.968700Z", "fetched_at": "2025-07-15T13:30:09.252390+00:00", "symbol": "ETH-USD"}, {"trade_id": 667312139, "side": "sell", "size": "0.37383167", "price": "3031.35000000", "time": "2025-07-15T13:29:59.968700Z", "fetched_at": "2025-07-15T13:30:09.252390+00:00", "symbol": "ETH-USD"}, {"trade_id": 667312138, "side": "sell", "size": "0.39129123", "price": "3031.35000000", "time": "2025-07-15T13:29:59.968700Z", "fetched_at": "2025-07-15T13:30:09.252390+00:00", "symbol": "ETH-USD"}, {"trade_id": 667312137, "side": "sell", "size": "0.35639915", "price": "3031.30000000", "time": "2025-07-15T13:29:59.968700Z", "fetched_at": "2025-07-15T13:30:09.252390+00:00", "symbol": "ETH-USD"}, {"trade_id": 667312136, "side": "sell", "size": "0.10957534", "price": "3031.29000000", "time": "2025-07-15T13:29:59.968700Z", "fetched_at": "2025-07-15T13:30:09.252390+00:00", "symbol": "ETH-USD"}, {"trade_id": 667312135, "side": "sell", "size": "0.97200000", "price": "3031.25000000", "time": "2025-07-15T13:29:59.968700Z", "fetched_at": "2025-07-15T13:30:09.252390+00:00", "symbol": "ETH-USD"}, {"trade_id": 667312134, "side": "sell", "size": "1.40470430", "price": "3031.22000000", "time": "2025-07-15T13:29:59.968700Z", "fetched_at": "2025-07-15T13:30:09.252390+00:00", "symbol": "ETH-USD"}, {"trade_id": 667312133, "side": "sell", "size": "2.29296031", "price": "3031.21000000", "time": "2025-07-15T13:29:59.968700Z", "fetched_at": "2025-07-15T13:30:09.252390+00:00", "symbol": "ETH-USD"}, {"trade_id": 667312132, "side": "sell", "size": "1.28955223", "price": "3031.20000000", "time": "2025-07-15T13:29:59.968700Z", "fetched_at": "2025-07-15T13:30:09.252390+00:00", "symbol": "ETH-USD"}, {"trade_id": 667312131, "side": "sell", "size": "0.00100000", "price": "3031.17000000", "time": "2025-07-15T13:29:59.968700Z", "fetched_at": "2025-07-15T13:30:09.252390+00:00", "symbol": "ETH-USD"}, {"trade_id": 667312130, "side": "sell", "size": "0.32596552", "price": "3031.15000000", "time": "2025-07-15T13:29:59.968700Z", "fetched_at": "2025-07-15T13:30:09.252390+00:00", "symbol": "ETH-USD"}, {"trade_id": 667312129, "side": "sell", "size": "0.82479055", "price": "3031.08000000", "time": "2025-07-15T13:29:59.968700Z", "fetched_at": "2025-07-15T13:30:09.252390+00:00", "symbol": "ETH-USD"}, {"trade_id": 667312128, "side": "sell", "size": "0.90737636", "price": "3031.07000000", "time": "2025-07-15T13:29:59.968700Z", "fetched_at": "2025-07-15T13:30:09.252390+00:00", "symbol": "ETH-USD"}, {"trade_id": 667312127, "side": "sell", "size": "0.49547433", "price": "3031.07000000", "time": "2025-07-15T13:29:59.968700Z", "fetched_at": "2025-07-15T13:30:09.252390+00:00", "symbol": "ETH-USD"}, {"trade_id": 667312126, "side": "sell", "size": "0.01416667", "price": "3031.05000000", "time": "2025-07-15T13:29:59.968700Z", "fetched_at": "2025-07-15T13:30:09.252390+00:00", "symbol": "ETH-USD"}, {"trade_id": 667312125, "side": "sell", "size": "0.39839407", "price": "3031.04000000", "time": "2025-07-15T13:29:59.968700Z", "fetched_at": "2025-07-15T13:30:09.252390+00:00", "symbol": "ETH-USD"}, {"trade_id": 667312124, "side": "sell", "size": "0.07782489", "price": "3031.04000000", "time": "2025-07-15T13:29:59.967051Z", "fetched_at": "2025-07-15T13:30:09.252390+00:00", "symbol": "ETH-USD"}, {"trade_id": 667312123, "side": "sell", "size": "0.65215205", "price": "3031.02000000", "time": "2025-07-15T13:29:59.967051Z", "fetched_at": "2025-07-15T13:30:09.252390+00:00", "symbol": "ETH-USD"}, {"trade_id": 667312122, "side": "sell", "size": "0.68552261", "price": "3031.01000000", "time": "2025-07-15T13:29:59.967051Z", "fetched_at": "2025-07-15T13:30:09.252390+00:00", "symbol": "ETH-USD"}, {"trade_id": 667312121, "side": "sell", "size": "0.82483980", "price": "3030.90000000", "time": "2025-07-15T13:29:59.967051Z", "fetched_at": "2025-07-15T13:30:09.252390+00:00", "symbol": "ETH-USD"}, {"trade_id": 667312120, "side": "sell", "size": "0.00030999", "price": "3030.88000000", "time": "2025-07-15T13:29:59.967051Z", "fetched_at": "2025-07-15T13:30:09.252390+00:00", "symbol": "ETH-USD"}, {"trade_id": 667312119, "side": "sell", "size": "0.00005588", "price": "3030.88000000", "time": "2025-07-15T13:29:59.967051Z", "fetched_at": "2025-07-15T13:30:09.252390+00:00", "symbol": "ETH-USD"}, {"trade_id": 667312118, "side": "sell", "size": "0.30000000", "price": "3030.80000000", "time": "2025-07-15T13:29:59.967051Z", "fetched_at": "2025-07-15T13:30:09.252390+00:00", "symbol": "ETH-USD"}, {"trade_id": 667312117, "side": "sell", "size": "0.16497679", "price": "3030.73000000", "time": "2025-07-15T13:29:59.967051Z", "fetched_at": "2025-07-15T13:30:09.252390+00:00", "symbol": "ETH-USD"}, {"trade_id": 667312116, "side": "sell", "size": "0.00013727", "price": "3030.70000000", "time": "2025-07-15T13:29:59.967051Z", "fetched_at": "2025-07-15T13:30:09.252390+00:00", "symbol": "ETH-USD"}, {"trade_id": 667312115, "side": "sell", "size": "0.29418072", "price": "3030.70000000", "time": "2025-07-15T13:29:59.967051Z", "fetched_at": "2025-07-15T13:30:09.252390+00:00", "symbol": "ETH-USD"}, {"trade_id": 667312114, "side": "buy", "size": "0.00021103", "price": "3030.62000000", "time": "2025-07-15T13:29:59.805552Z", "fetched_at": "2025-07-15T13:30:09.252390+00:00", "symbol": "ETH-USD"}, {"trade_id": 667312113, "side": "sell", "size": "0.00581928", "price": "3030.70000000", "time": "2025-07-15T13:29:59.742461Z", "fetched_at": "2025-07-15T13:30:09.252390+00:00", "symbol": "ETH-USD"}, {"trade_id": 667312112, "side": "sell", "size": "0.00024002", "price": "3030.66000000", "time": "2025-07-15T13:29:59.742461Z", "fetched_at": "2025-07-15T13:30:09.252390+00:00", "symbol": "ETH-USD"}, {"trade_id": 667312111, "side": "sell", "size": "0.00020669", "price": "3030.63000000", "time": "2025-07-15T13:29:59.742461Z", "fetched_at": "2025-07-15T13:30:09.252390+00:00", "symbol": "ETH-USD"}, {"trade_id": 667312110, "side": "sell", "size": "0.00174526", "price": "3030.63000000", "time": "2025-07-15T13:29:59.742461Z", "fetched_at": "2025-07-15T13:30:09.252390+00:00", "symbol": "ETH-USD"}, {"trade_id": 667312109, "side": "sell", "size": "0.00032646", "price": "3030.63000000", "time": "2025-07-15T13:29:59.543020Z", "fetched_at": "2025-07-15T13:30:09.252390+00:00", "symbol": "ETH-USD"}, {"trade_id": 667312108, "side": "sell", "size": "0.00163219", "price": "3030.63000000", "time": "2025-07-15T13:29:59.447098Z", "fetched_at": "2025-07-15T13:30:09.252390+00:00", "symbol": "ETH-USD"}, {"trade_id": 667312107, "side": "sell", "size": "0.00480630", "price": "3030.63000000", "time": "2025-07-15T13:29:58.706589Z", "fetched_at": "2025-07-15T13:30:09.252390+00:00", "symbol": "ETH-USD"}, {"trade_id": 667312106, "side": "sell", "size": "0.32043209", "price": "3030.63000000", "time": "2025-07-15T13:29:58.182938Z", "fetched_at": "2025-07-15T13:30:09.252390+00:00", "symbol": "ETH-USD"}, {"trade_id": 667312105, "side": "buy", "size": "4.65292000", "price": "3030.61000000", "time": "2025-07-15T13:29:58.109373Z", "fetched_at": "2025-07-15T13:30:09.252390+00:00", "symbol": "ETH-USD"}, {"trade_id": 667312104, "side": "buy", "size": "0.10000000", "price": "3030.62000000", "time": "2025-07-15T13:29:58.109373Z", "fetched_at": "2025-07-15T13:30:09.252390+00:00", "symbol": "ETH-USD"}, {"trade_id": 667312103, "side": "buy", "size": "0.24708000", "price": "3030.62000000", "time": "2025-07-15T13:29:58.109373Z", "fetched_at": "2025-07-15T13:30:09.252390+00:00", "symbol": "ETH-USD"}, {"trade_id": 667312102, "side": "buy", "size": "0.00520000", "price": "3030.67000000", "time": "2025-07-15T13:29:57.818005Z", "fetched_at": "2025-07-15T13:30:09.252390+00:00", "symbol": "ETH-USD"}, {"trade_id": 667312101, "side": "sell", "size": "0.64260001", "price": "3030.60000000", "time": "2025-07-15T13:29:57.761171Z", "fetched_at": "2025-07-15T13:30:09.252390+00:00", "symbol": "ETH-USD"}, {"trade_id": 667312100, "side": "sell", "size": "0.00122327", "price": "3030.61000000", "time": "2025-07-15T13:29:57.730939Z", "fetched_at": "2025-07-15T13:30:09.252390+00:00", "symbol": "ETH-USD"}, {"trade_id": 667312099, "side": "sell", "size": "0.77180001", "price": "3030.60000000", "time": "2025-07-15T13:29:57.497656Z", "fetched_at": "2025-07-15T13:30:09.252390+00:00", "symbol": "ETH-USD"}, {"trade_id": 667312098, "side": "sell", "size": "0.00124180", "price": "3030.59000000", "time": "2025-07-15T13:29:57.497656Z", "fetched_at": "2025-07-15T13:30:09.252390+00:00", "symbol": "ETH-USD"}, {"trade_id": 667312097, "side": "sell", "size": "0.00124180", "price": "3030.60000000", "time": "2025-07-15T13:29:57.466758Z", "fetched_at": "2025-07-15T13:30:09.252390+00:00", "symbol": "ETH-USD"}, {"trade_id": 667312096, "side": "sell", "size": "0.00071853", "price": "3030.59000000", "time": "2025-07-15T13:29:57.435894Z", "fetched_at": "2025-07-15T13:30:09.252390+00:00", "symbol": "ETH-USD"}, {"trade_id": 667312095, "side": "sell", "size": "0.80920001", "price": "3030.59000000", "time": "2025-07-15T13:29:57.435894Z", "fetched_at": "2025-07-15T13:30:09.252390+00:00", "symbol": "ETH-USD"}, {"trade_id": 667312094, "side": "sell", "size": "0.30000000", "price": "3030.60000000", "time": "2025-07-15T13:29:57.405855Z", "fetched_at": "2025-07-15T13:30:09.252390+00:00", "symbol": "ETH-USD"}, {"trade_id": 667312093, "side": "sell", "size": "0.61404001", "price": "3030.59000000", "time": "2025-07-15T13:29:57.405855Z", "fetched_at": "2025-07-15T13:30:09.252390+00:00", "symbol": "ETH-USD"}, {"trade_id": 667312092, "side": "sell", "size": "0.00071853", "price": "3030.59000000", "time": "2025-07-15T13:29:57.405855Z", "fetched_at": "2025-07-15T13:30:09.252390+00:00", "symbol": "ETH-USD"}, {"trade_id": 667312091, "side": "sell", "size": "0.78812001", "price": "3030.59000000", "time": "2025-07-15T13:29:57.374606Z", "fetched_at": "2025-07-15T13:30:09.252390+00:00", "symbol": "ETH-USD"}, {"trade_id": 667312090, "side": "sell", "size": "0.00071853", "price": "3030.59000000", "time": "2025-07-15T13:29:57.365125Z", "fetched_at": "2025-07-15T13:30:09.252390+00:00", "symbol": "ETH-USD"}, {"trade_id": 667312089, "side": "sell", "size": "0.00071853", "price": "3030.58000000", "time": "2025-07-15T13:29:57.332838Z", "fetched_at": "2025-07-15T13:30:09.252390+00:00", "symbol": "ETH-USD"}, {"trade_id": 667312088, "side": "sell", "size": "0.64804001", "price": "3030.58000000", "time": "2025-07-15T13:29:57.332838Z", "fetched_at": "2025-07-15T13:30:09.252390+00:00", "symbol": "ETH-USD"}, {"trade_id": 667312087, "side": "sell", "size": "0.00071853", "price": "3030.59000000", "time": "2025-07-15T13:29:57.300536Z", "fetched_at": "2025-07-15T13:30:09.252390+00:00", "symbol": "ETH-USD"}, {"trade_id": 667312086, "side": "sell", "size": "0.00071853", "price": "3030.60000000", "time": "2025-07-15T13:29:57.266090Z", "fetched_at": "2025-07-15T13:30:09.252390+00:00", "symbol": "ETH-USD"}, {"trade_id": 667312085, "side": "sell", "size": "0.09673706", "price": "3030.93000000", "time": "2025-07-15T13:29:57.236613Z", "fetched_at": "2025-07-15T13:30:09.252390+00:00", "symbol": "ETH-USD"}, {"trade_id": 667312084, "side": "sell", "size": "0.00048005", "price": "3030.62000000", "time": "2025-07-15T13:29:57.236613Z", "fetched_at": "2025-07-15T13:30:09.252390+00:00", "symbol": "ETH-USD"}, {"trade_id": 667312083, "side": "sell", "size": "0.76772001", "price": "3030.60000000", "time": "2025-07-15T13:29:57.234442Z", "fetched_at": "2025-07-15T13:30:09.252390+00:00", "symbol": "ETH-USD"}, {"trade_id": 667312082, "side": "sell", "size": "0.00071853", "price": "3030.59000000", "time": "2025-07-15T13:29:57.234442Z", "fetched_at": "2025-07-15T13:30:09.252390+00:00", "symbol": "ETH-USD"}, {"trade_id": 667312081, "side": "sell", "size": "0.74664001", "price": "3030.60000000", "time": "2025-07-15T13:29:57.203890Z", "fetched_at": "2025-07-15T13:30:09.252390+00:00", "symbol": "ETH-USD"}, {"trade_id": 667312080, "side": "sell", "size": "0.00071853", "price": "3030.60000000", "time": "2025-07-15T13:29:57.193937Z", "fetched_at": "2025-07-15T13:30:09.252390+00:00", "symbol": "ETH-USD"}, {"trade_id": 667312079, "side": "sell", "size": "0.60996001", "price": "3030.61000000", "time": "2025-07-15T13:29:57.143869Z", "fetched_at": "2025-07-15T13:30:09.252390+00:00", "symbol": "ETH-USD"}, {"trade_id": 667312078, "side": "sell", "size": "0.00071853", "price": "3030.59000000", "time": "2025-07-15T13:29:57.143869Z", "fetched_at": "2025-07-15T13:30:09.252390+00:00", "symbol": "ETH-USD"}, {"trade_id": 667312077, "side": "sell", "size": "0.00071853", "price": "3030.58000000", "time": "2025-07-15T13:29:57.113397Z", "fetched_at": "2025-07-15T13:30:09.252390+00:00", "symbol": "ETH-USD"}, {"trade_id": 667312076, "side": "sell", "size": "0.80920001", "price": "3030.58000000", "time": "2025-07-15T13:29:57.113397Z", "fetched_at": "2025-07-15T13:30:09.252390+00:00", "symbol": "ETH-USD"}, {"trade_id": 667312075, "side": "sell", "size": "0.00071853", "price": "3030.58000000", "time": "2025-07-15T13:29:57.082754Z", "fetched_at": "2025-07-15T13:30:09.252390+00:00", "symbol": "ETH-USD"}, {"trade_id": 667312074, "side": "sell", "size": "0.00071853", "price": "3030.60000000", "time": "2025-07-15T13:29:57.051656Z", "fetched_at": "2025-07-15T13:30:09.252390+00:00", "symbol": "ETH-USD"}, {"trade_id": 667312073, "side": "sell", "size": "0.00071853", "price": "3030.60000000", "time": "2025-07-15T13:29:57.048761Z", "fetched_at": "2025-07-15T13:30:09.252390+00:00", "symbol": "ETH-USD"}, {"trade_id": 667312072, "side": "sell", "size": "0.12949312", "price": "3030.60000000", "time": "2025-07-15T13:29:57.018117Z", "fetched_at": "2025-07-15T13:30:09.252390+00:00", "symbol": "ETH-USD"}, {"trade_id": 667312071, "side": "sell", "size": "0.50494689", "price": "3030.60000000", "time": "2025-07-15T13:29:56.987257Z", "fetched_at": "2025-07-15T13:30:09.252390+00:00", "symbol": "ETH-USD"}, {"trade_id": 667312070, "side": "sell", "size": "0.01602160", "price": "3030.62000000", "time": "2025-07-15T13:29:56.856646Z", "fetched_at": "2025-07-15T13:30:09.252390+00:00", "symbol": "ETH-USD"}, {"trade_id": 667312069, "side": "sell", "size": "0.14163399", "price": "3029.99000000", "time": "2025-07-15T13:29:55.722169Z", "fetched_at": "2025-07-15T13:30:09.252390+00:00", "symbol": "ETH-USD"}, {"trade_id": 667312068, "side": "sell", "size": "2.20438352", "price": "3030.00000000", "time": "2025-07-15T13:29:55.720494Z", "fetched_at": "2025-07-15T13:30:09.252390+00:00", "symbol": "ETH-USD"}, {"trade_id": 667312067, "side": "sell", "size": "0.20000000", "price": "3030.00000000", "time": "2025-07-15T13:29:55.720199Z", "fetched_at": "2025-07-15T13:30:09.252390+00:00", "symbol": "ETH-USD"}, {"trade_id": 667312066, "side": "sell", "size": "4.43135082", "price": "3030.00000000", "time": "2025-07-15T13:29:55.720015Z", "fetched_at": "2025-07-15T13:30:09.252390+00:00", "symbol": "ETH-USD"}, {"trade_id": 667312065, "side": "sell", "size": "0.48198000", "price": "3030.00000000", "time": "2025-07-15T13:29:55.718922Z", "fetched_at": "2025-07-15T13:30:09.252390+00:00", "symbol": "ETH-USD"}, {"trade_id": 667312064, "side": "buy", "size": "0.00100000", "price": "3030.02000000", "time": "2025-07-15T13:29:55.714020Z", "fetched_at": "2025-07-15T13:30:09.252390+00:00", "symbol": "ETH-USD"}, {"trade_id": 667312063, "side": "buy", "size": "0.00049485", "price": "3030.13000000", "time": "2025-07-15T13:29:55.714020Z", "fetched_at": "2025-07-15T13:30:09.252390+00:00", "symbol": "ETH-USD"}, {"trade_id": 667312062, "side": "buy", "size": "0.32279025", "price": "3030.15000000", "time": "2025-07-15T13:29:55.714020Z", "fetched_at": "2025-07-15T13:30:09.252390+00:00", "symbol": "ETH-USD"}, {"trade_id": 667312061, "side": "buy", "size": "0.00100000", "price": "3030.25000000", "time": "2025-07-15T13:29:55.714020Z", "fetched_at": "2025-07-15T13:30:09.252390+00:00", "symbol": "ETH-USD"}, {"trade_id": 667312060, "side": "buy", "size": "0.47066052", "price": "3030.29000000", "time": "2025-07-15T13:29:55.714020Z", "fetched_at": "2025-07-15T13:30:09.252390+00:00", "symbol": "ETH-USD"}, {"trade_id": 667312059, "side": "buy", "size": "0.47667046", "price": "3030.30000000", "time": "2025-07-15T13:29:55.714020Z", "fetched_at": "2025-07-15T13:30:09.252390+00:00", "symbol": "ETH-USD"}, {"trade_id": 667312058, "side": "buy", "size": "0.61421024", "price": "3030.31000000", "time": "2025-07-15T13:29:55.714020Z", "fetched_at": "2025-07-15T13:30:09.252390+00:00", "symbol": "ETH-USD"}, {"trade_id": 667312057, "side": "buy", "size": "0.97200000", "price": "3030.35000000", "time": "2025-07-15T13:29:55.714020Z", "fetched_at": "2025-07-15T13:30:09.252390+00:00", "symbol": "ETH-USD"}, {"trade_id": 667312056, "side": "buy", "size": "0.98885669", "price": "3030.36000000", "time": "2025-07-15T13:29:55.714020Z", "fetched_at": "2025-07-15T13:30:09.252390+00:00", "symbol": "ETH-USD"}, {"trade_id": 667312055, "side": "buy", "size": "0.03836099", "price": "3030.37000000", "time": "2025-07-15T13:29:55.714020Z", "fetched_at": "2025-07-15T13:30:09.252390+00:00", "symbol": "ETH-USD"}, {"trade_id": 667312054, "side": "buy", "size": "0.31817962", "price": "3030.42000000", "time": "2025-07-15T13:29:55.714020Z", "fetched_at": "2025-07-15T13:30:09.252390+00:00", "symbol": "ETH-USD"}, {"trade_id": 667312053, "side": "buy", "size": "0.30175441", "price": "3030.45000000", "time": "2025-07-15T13:29:55.714020Z", "fetched_at": "2025-07-15T13:30:09.252390+00:00", "symbol": "ETH-USD"}, {"trade_id": 667312052, "side": "buy", "size": "0.00100000", "price": "3030.48000000", "time": "2025-07-15T13:29:55.714020Z", "fetched_at": "2025-07-15T13:30:09.252390+00:00", "symbol": "ETH-USD"}, {"trade_id": 667312051, "side": "buy", "size": "0.38543960", "price": "3030.52000000", "time": "2025-07-15T13:29:55.714020Z", "fetched_at": "2025-07-15T13:30:09.252390+00:00", "symbol": "ETH-USD"}, {"trade_id": 667312050, "side": "buy", "size": "0.57813436", "price": "3030.54000000", "time": "2025-07-15T13:29:55.714020Z", "fetched_at": "2025-07-15T13:30:09.252390+00:00", "symbol": "ETH-USD"}, {"trade_id": 667312049, "side": "buy", "size": "0.36888132", "price": "3030.55000000", "time": "2025-07-15T13:29:55.714020Z", "fetched_at": "2025-07-15T13:30:09.252390+00:00", "symbol": "ETH-USD"}, {"trade_id": 667312048, "side": "buy", "size": "0.34748062", "price": "3030.55000000", "time": "2025-07-15T13:29:55.714020Z", "fetched_at": "2025-07-15T13:30:09.252390+00:00", "symbol": "ETH-USD"}, {"trade_id": 667312047, "side": "buy", "size": "0.42080048", "price": "3030.56000000", "time": "2025-07-15T13:29:55.714020Z", "fetched_at": "2025-07-15T13:30:09.252390+00:00", "symbol": "ETH-USD"}, {"trade_id": 667312046, "side": "buy", "size": "0.97200000", "price": "3030.66000000", "time": "2025-07-15T13:29:55.714020Z", "fetched_at": "2025-07-15T13:30:09.252390+00:00", "symbol": "ETH-USD"}, {"trade_id": 667312045, "side": "buy", "size": "0.00100000", "price": "3030.71000000", "time": "2025-07-15T13:29:55.714020Z", "fetched_at": "2025-07-15T13:30:09.252390+00:00", "symbol": "ETH-USD"}, {"trade_id": 667312044, "side": "buy", "size": "0.58380000", "price": "3030.73000000", "time": "2025-07-15T13:29:55.714020Z", "fetched_at": "2025-07-15T13:30:09.252390+00:00", "symbol": "ETH-USD"}, {"trade_id": 667312043, "side": "buy", "size": "1.00000000", "price": "3030.79000000", "time": "2025-07-15T13:29:55.714020Z", "fetched_at": "2025-07-15T13:30:09.252390+00:00", "symbol": "ETH-USD"}, {"trade_id": 667312042, "side": "buy", "size": "0.60000000", "price": "3030.80000000", "time": "2025-07-15T13:29:55.714020Z", "fetched_at": "2025-07-15T13:30:09.252390+00:00", "symbol": "ETH-USD"}, {"trade_id": 667312041, "side": "buy", "size": "1.34000630", "price": "3030.94000000", "time": "2025-07-15T13:29:55.714020Z", "fetched_at": "2025-07-15T13:30:09.252390+00:00", "symbol": "ETH-USD"}, {"trade_id": 667312040, "side": "buy", "size": "0.00100000", "price": "3030.94000000", "time": "2025-07-15T13:29:55.714020Z", "fetched_at": "2025-07-15T13:30:09.252390+00:00", "symbol": "ETH-USD"}, {"trade_id": 667312039, "side": "buy", "size": "0.48106114", "price": "3030.95000000", "time": "2025-07-15T13:29:55.714020Z", "fetched_at": "2025-07-15T13:30:09.252390+00:00", "symbol": "ETH-USD"}, {"trade_id": 667312038, "side": "buy", "size": "1.09324046", "price": "3030.96000000", "time": "2025-07-15T13:29:55.714020Z", "fetched_at": "2025-07-15T13:30:09.252390+00:00", "symbol": "ETH-USD"}, {"trade_id": 667312037, "side": "buy", "size": "0.00245676", "price": "3030.97000000", "time": "2025-07-15T13:29:55.714020Z", "fetched_at": "2025-07-15T13:30:09.252390+00:00", "symbol": "ETH-USD"}, {"trade_id": 667312036, "side": "buy", "size": "0.00000659", "price": "3031.00000000", "time": "2025-07-15T13:29:55.714020Z", "fetched_at": "2025-07-15T13:30:09.252390+00:00", "symbol": "ETH-USD"}, {"trade_id": 667312035, "side": "sell", "size": "0.16021604", "price": "3031.07000000", "time": "2025-07-15T13:29:55.618235Z", "fetched_at": "2025-07-15T13:30:09.252390+00:00", "symbol": "ETH-USD"}, {"trade_id": 667312034, "side": "sell", "size": "0.00009469", "price": "3031.12000000", "time": "2025-07-15T13:29:55.544846Z", "fetched_at": "2025-07-15T13:30:09.252390+00:00", "symbol": "ETH-USD"}, {"trade_id": 667312033, "side": "sell", "size": "0.73587628", "price": "3031.50000000", "time": "2025-07-15T13:29:55.083490Z", "fetched_at": "2025-07-15T13:30:09.252390+00:00", "symbol": "ETH-USD"}, {"trade_id": 667312032, "side": "sell", "size": "0.08880000", "price": "3031.49000000", "time": "2025-07-15T13:29:55.083490Z", "fetched_at": "2025-07-15T13:30:09.252390+00:00", "symbol": "ETH-USD"}, {"trade_id": 667312031, "side": "sell", "size": "0.05919494", "price": "3031.49000000", "time": "2025-07-15T13:29:55.083490Z", "fetched_at": "2025-07-15T13:30:09.252390+00:00", "symbol": "ETH-USD"}, {"trade_id": 667312030, "side": "sell", "size": "0.00200506", "price": "3031.49000000", "time": "2025-07-15T13:29:55.079753Z", "fetched_at": "2025-07-15T13:30:09.252390+00:00", "symbol": "ETH-USD"}, {"trade_id": 667312029, "side": "sell", "size": "0.08880000", "price": "3031.49000000", "time": "2025-07-15T13:29:55.076387Z", "fetched_at": "2025-07-15T13:30:09.252390+00:00", "symbol": "ETH-USD"}, {"trade_id": 667312028, "side": "sell", "size": "0.05919494", "price": "3031.46000000", "time": "2025-07-15T13:29:55.076387Z", "fetched_at": "2025-07-15T13:30:09.252390+00:00", "symbol": "ETH-USD"}, {"trade_id": 667312027, "side": "sell", "size": "0.00200506", "price": "3031.45000000", "time": "2025-07-15T13:29:55.076387Z", "fetched_at": "2025-07-15T13:30:09.252390+00:00", "symbol": "ETH-USD"}, {"trade_id": 667312026, "side": "sell", "size": "0.06120000", "price": "3031.45000000", "time": "2025-07-15T13:29:55.045849Z", "fetched_at": "2025-07-15T13:30:09.252390+00:00", "symbol": "ETH-USD"}, {"trade_id": 667312025, "side": "sell", "size": "0.57660507", "price": "3031.46000000", "time": "2025-07-15T13:29:55.039815Z", "fetched_at": "2025-07-15T13:30:09.252390+00:00", "symbol": "ETH-USD"}, {"trade_id": 667312024, "side": "buy", "size": "0.00123699", "price": "3031.00000000", "time": "2025-07-15T13:29:54.990164Z", "fetched_at": "2025-07-15T13:30:09.252390+00:00", "symbol": "ETH-USD"}, {"trade_id": 667312023, "side": "buy", "size": "0.00049473", "price": "3031.04000000", "time": "2025-07-15T13:29:54.990164Z", "fetched_at": "2025-07-15T13:30:09.252390+00:00", "symbol": "ETH-USD"}, {"trade_id": 667312022, "side": "buy", "size": "0.00100000", "price": "3031.17000000", "time": "2025-07-15T13:29:54.990164Z", "fetched_at": "2025-07-15T13:30:09.252390+00:00", "symbol": "ETH-USD"}, {"trade_id": 667312021, "side": "buy", "size": "0.00100000", "price": "3031.40000000", "time": "2025-07-15T13:29:54.990164Z", "fetched_at": "2025-07-15T13:30:09.252390+00:00", "symbol": "ETH-USD"}, {"trade_id": 667312020, "side": "buy", "size": "2.59767378", "price": "3031.60000000", "time": "2025-07-15T13:29:54.876544Z", "fetched_at": "2025-07-15T13:30:09.252390+00:00", "symbol": "ETH-USD"}, {"trade_id": 667312019, "side": "buy", "size": "1.39853056", "price": "3031.60000000", "time": "2025-07-15T13:29:54.876027Z", "fetched_at": "2025-07-15T13:30:09.252390+00:00", "symbol": "ETH-USD"}, {"trade_id": 667312018, "side": "buy", "size": "0.00529746", "price": "3031.64000000", "time": "2025-07-15T13:29:54.876027Z", "fetched_at": "2025-07-15T13:30:09.252390+00:00", "symbol": "ETH-USD"}, {"trade_id": 667312017, "side": "buy", "size": "0.00003298", "price": "3031.64000000", "time": "2025-07-15T13:29:54.876027Z", "fetched_at": "2025-07-15T13:30:09.252390+00:00", "symbol": "ETH-USD"}, {"trade_id": 667312016, "side": "sell", "size": "0.14124433", "price": "3031.65000000", "time": "2025-07-15T13:29:54.872399Z", "fetched_at": "2025-07-15T13:30:09.252390+00:00", "symbol": "ETH-USD"}, {"trade_id": 667312015, "side": "sell", "size": "0.14124433", "price": "3031.65000000", "time": "2025-07-15T13:29:54.872350Z", "fetched_at": "2025-07-15T13:30:09.252390+00:00", "symbol": "ETH-USD"}, {"trade_id": 667312014, "side": "buy", "size": "0.01738321", "price": "3031.66000000", "time": "2025-07-15T13:29:54.868346Z", "fetched_at": "2025-07-15T13:30:09.252390+00:00", "symbol": "ETH-USD"}, {"trade_id": 667312013, "side": "buy", "size": "0.03177467", "price": "3031.66000000", "time": "2025-07-15T13:29:54.868346Z", "fetched_at": "2025-07-15T13:30:09.252390+00:00", "symbol": "ETH-USD"}, {"trade_id": 667312012, "side": "buy", "size": "0.17034485", "price": "3031.66000000", "time": "2025-07-15T13:29:54.868346Z", "fetched_at": "2025-07-15T13:30:09.252390+00:00", "symbol": "ETH-USD"}, {"trade_id": 667312011, "side": "buy", "size": "1.22965515", "price": "3031.66000000", "time": "2025-07-15T13:29:54.868172Z", "fetched_at": "2025-07-15T13:30:09.252390+00:00", "symbol": "ETH-USD"}, {"trade_id": 667312010, "side": "buy", "size": "0.56872344", "price": "3031.66000000", "time": "2025-07-15T13:29:54.868172Z", "fetched_at": "2025-07-15T13:30:09.252390+00:00", "symbol": "ETH-USD"}, {"trade_id": 667312009, "side": "buy", "size": "0.23125678", "price": "3031.66000000", "time": "2025-07-15T13:29:54.866806Z", "fetched_at": "2025-07-15T13:30:09.252390+00:00", "symbol": "ETH-USD"}, {"trade_id": 667312008, "side": "buy", "size": "0.00001978", "price": "3031.66000000", "time": "2025-07-15T13:29:54.335787Z", "fetched_at": "2025-07-15T13:30:09.252390+00:00", "symbol": "ETH-USD"}, {"trade_id": 667312007, "side": "sell", "size": "0.00695384", "price": "3031.75000000", "time": "2025-07-15T13:29:53.262923Z", "fetched_at": "2025-07-15T13:30:09.252390+00:00", "symbol": "ETH-USD"}, {"trade_id": 667312006, "side": "sell", "size": "0.00201127", "price": "3031.75000000", "time": "2025-07-15T13:29:53.262923Z", "fetched_at": "2025-07-15T13:30:09.252390+00:00", "symbol": "ETH-USD"}, {"trade_id": 667312005, "side": "sell", "size": "0.00201127", "price": "3031.65000000", "time": "2025-07-15T13:29:53.133072Z", "fetched_at": "2025-07-15T13:30:09.252390+00:00", "symbol": "ETH-USD"}, {"trade_id": 667312004, "side": "sell", "size": "0.67388001", "price": "3031.65000000", "time": "2025-07-15T13:29:53.133072Z", "fetched_at": "2025-07-15T13:30:09.252390+00:00", "symbol": "ETH-USD"}, {"trade_id": 667312003, "side": "buy", "size": "0.01417621", "price": "3031.62000000", "time": "2025-07-15T13:29:52.871017Z", "fetched_at": "2025-07-15T13:30:09.252390+00:00", "symbol": "ETH-USD"}, {"trade_id": 667312002, "side": "buy", "size": "0.11674231", "price": "3031.63000000", "time": "2025-07-15T13:29:52.871017Z", "fetched_at": "2025-07-15T13:30:09.252390+00:00", "symbol": "ETH-USD"}, {"trade_id": 667312001, "side": "buy", "size": "0.00100000", "price": "3031.63000000", "time": "2025-07-15T13:29:52.871017Z", "fetched_at": "2025-07-15T13:30:09.252390+00:00", "symbol": "ETH-USD"}, {"trade_id": 667312000, "side": "buy", "size": "0.00295048", "price": "3031.64000000", "time": "2025-07-15T13:29:52.871017Z", "fetched_at": "2025-07-15T13:30:09.252390+00:00", "symbol": "ETH-USD"}, {"trade_id": 667311999, "side": "buy", "size": "0.02611927", "price": "3031.86000000", "time": "2025-07-15T13:29:52.871017Z", "fetched_at": "2025-07-15T13:30:09.252390+00:00", "symbol": "ETH-USD"}, {"trade_id": 667311998, "side": "buy", "size": "0.00287942", "price": "3031.86000000", "time": "2025-07-15T13:29:52.871017Z", "fetched_at": "2025-07-15T13:30:09.252390+00:00", "symbol": "ETH-USD"}, {"trade_id": 667311997, "side": "buy", "size": "0.00100000", "price": "3031.86000000", "time": "2025-07-15T13:29:52.871017Z", "fetched_at": "2025-07-15T13:30:09.252390+00:00", "symbol": "ETH-USD"}, {"trade_id": 667311996, "side": "buy", "size": "0.22613628", "price": "3032.00000000", "time": "2025-07-15T13:29:51.380671Z", "fetched_at": "2025-07-15T13:30:09.252390+00:00", "symbol": "ETH-USD"}, {"trade_id": 667311995, "side": "buy", "size": "0.11400780", "price": "3032.00000000", "time": "2025-07-15T13:29:51.380671Z", "fetched_at": "2025-07-15T13:30:09.252390+00:00", "symbol": "ETH-USD"}, {"trade_id": 667311994, "side": "buy", "size": "3.75398243", "price": "3032.00000000", "time": "2025-07-15T13:29:51.375144Z", "fetched_at": "2025-07-15T13:30:09.252390+00:00", "symbol": "ETH-USD"}, {"trade_id": 667311993, "side": "buy", "size": "2.13200977", "price": "3032.00000000", "time": "2025-07-15T13:29:51.373593Z", "fetched_at": "2025-07-15T13:30:09.252390+00:00", "symbol": "ETH-USD"}, {"trade_id": 667311992, "side": "buy", "size": "0.00001978", "price": "3032.01000000", "time": "2025-07-15T13:29:51.373593Z", "fetched_at": "2025-07-15T13:30:09.252390+00:00", "symbol": "ETH-USD"}, {"trade_id": 667311991, "side": "buy", "size": "0.00171503", "price": "3032.01000000", "time": "2025-07-15T13:29:51.373593Z", "fetched_at": "2025-07-15T13:30:09.252390+00:00", "symbol": "ETH-USD"}, {"trade_id": 667311990, "side": "buy", "size": "1.19218528", "price": "3032.01000000", "time": "2025-07-15T13:29:51.321379Z", "fetched_at": "2025-07-15T13:30:09.252390+00:00", "symbol": "ETH-USD"}, {"trade_id": 667311989, "side": "buy", "size": "0.70000000", "price": "3032.01000000", "time": "2025-07-15T13:29:51.321379Z", "fetched_at": "2025-07-15T13:30:09.252390+00:00", "symbol": "ETH-USD"}, {"trade_id": 667311988, "side": "buy", "size": "0.27619546", "price": "3032.09000000", "time": "2025-07-15T13:29:50.234194Z", "fetched_at": "2025-07-15T13:30:09.252390+00:00", "symbol": "ETH-USD"}, {"trade_id": 667311987, "side": "buy", "size": "0.00100000", "price": "3032.09000000", "time": "2025-07-15T13:29:50.234194Z", "fetched_at": "2025-07-15T13:30:09.252390+00:00", "symbol": "ETH-USD"}, {"trade_id": 667311986, "side": "buy", "size": "0.00249531", "price": "3032.31000000", "time": "2025-07-15T13:29:50.234194Z", "fetched_at": "2025-07-15T13:30:09.252390+00:00", "symbol": "ETH-USD"}, {"trade_id": 667311985, "side": "buy", "size": "0.00100000", "price": "3032.32000000", "time": "2025-07-15T13:29:50.234194Z", "fetched_at": "2025-07-15T13:30:09.252390+00:00", "symbol": "ETH-USD"}, {"trade_id": 667311984, "side": "buy", "size": "0.37921952", "price": "3032.36000000", "time": "2025-07-15T13:29:50.234194Z", "fetched_at": "2025-07-15T13:30:09.252390+00:00", "symbol": "ETH-USD"}, {"trade_id": 667311983, "side": "buy", "size": "0.15847360", "price": "3032.50000000", "time": "2025-07-15T13:29:50.152373Z", "fetched_at": "2025-07-15T13:30:09.252390+00:00", "symbol": "ETH-USD"}, {"trade_id": 667311982, "side": "buy", "size": "0.06935184", "price": "3032.51000000", "time": "2025-07-15T13:29:50.152373Z", "fetched_at": "2025-07-15T13:30:09.252390+00:00", "symbol": "ETH-USD"}, {"trade_id": 667311981, "side": "buy", "size": "0.00342945", "price": "3032.55000000", "time": "2025-07-15T13:29:50.152373Z", "fetched_at": "2025-07-15T13:30:09.252390+00:00", "symbol": "ETH-USD"}, {"trade_id": 667311980, "side": "buy", "size": "0.01538309", "price": "3032.55000000", "time": "2025-07-15T13:29:50.152373Z", "fetched_at": "2025-07-15T13:30:09.252390+00:00", "symbol": "ETH-USD"}, {"trade_id": 667311979, "side": "buy", "size": "0.00100000", "price": "3032.55000000", "time": "2025-07-15T13:29:50.152373Z", "fetched_at": "2025-07-15T13:30:09.252390+00:00", "symbol": "ETH-USD"}, {"trade_id": 667311978, "side": "buy", "size": "0.79387031", "price": "3032.70000000", "time": "2025-07-15T13:29:49.771495Z", "fetched_at": "2025-07-15T13:30:09.252390+00:00", "symbol": "ETH-USD"}, {"trade_id": 667311977, "side": "buy", "size": "0.03175697", "price": "3032.72000000", "time": "2025-07-15T13:29:49.771495Z", "fetched_at": "2025-07-15T13:30:09.252390+00:00", "symbol": "ETH-USD"}, {"trade_id": 667311976, "side": "buy", "size": "0.00050120", "price": "3032.72000000", "time": "2025-07-15T13:29:49.771495Z", "fetched_at": "2025-07-15T13:30:09.252390+00:00", "symbol": "ETH-USD"}, {"trade_id": 667311975, "side": "sell", "size": "0.16288138", "price": "3032.86000000", "time": "2025-07-15T13:29:49.230885Z", "fetched_at": "2025-07-15T13:30:09.252390+00:00", "symbol": "ETH-USD"}, {"trade_id": 667311974, "side": "sell", "size": "0.16486252", "price": "3032.83000000", "time": "2025-07-15T13:29:49.230885Z", "fetched_at": "2025-07-15T13:30:09.252390+00:00", "symbol": "ETH-USD"}, {"trade_id": 667311973, "side": "sell", "size": "0.00115525", "price": "3032.73000000", "time": "2025-07-15T13:29:49.230885Z", "fetched_at": "2025-07-15T13:30:09.252390+00:00", "symbol": "ETH-USD"}, {"trade_id": 667311972, "side": "sell", "size": "0.03000000", "price": "3032.87000000", "time": "2025-07-15T13:29:48.867668Z", "fetched_at": "2025-07-15T13:30:09.252390+00:00", "symbol": "ETH-USD"}, {"trade_id": 667311971, "side": "buy", "size": "0.79921027", "price": "3032.66000000", "time": "2025-07-15T13:29:48.507551Z", "fetched_at": "2025-07-15T13:30:09.252390+00:00", "symbol": "ETH-USD"}, {"trade_id": 667311970, "side": "buy", "size": "0.02691821", "price": "3032.67000000", "time": "2025-07-15T13:29:48.507551Z", "fetched_at": "2025-07-15T13:30:09.252390+00:00", "symbol": "ETH-USD"}, {"trade_id": 667311969, "side": "buy", "size": "0.33256366", "price": "3032.70000000", "time": "2025-07-15T13:29:48.391748Z", "fetched_at": "2025-07-15T13:30:09.252390+00:00", "symbol": "ETH-USD"}, {"trade_id": 667311968, "side": "buy", "size": "0.00166604", "price": "3032.72000000", "time": "2025-07-15T13:29:48.391748Z", "fetched_at": "2025-07-15T13:30:09.252390+00:00", "symbol": "ETH-USD"}, {"trade_id": 667311967, "side": "buy", "size": "0.00000659", "price": "3032.76000000", "time": "2025-07-15T13:29:48.391748Z", "fetched_at": "2025-07-15T13:30:09.252390+00:00", "symbol": "ETH-USD"}, {"trade_id": 667311966, "side": "buy", "size": "0.00048800", "price": "3032.76000000", "time": "2025-07-15T13:29:48.391748Z", "fetched_at": "2025-07-15T13:30:09.252390+00:00", "symbol": "ETH-USD"}, {"trade_id": 667311965, "side": "buy", "size": "0.07512958", "price": "3032.76000000", "time": "2025-07-15T13:29:48.391748Z", "fetched_at": "2025-07-15T13:30:09.252390+00:00", "symbol": "ETH-USD"}, {"trade_id": 667311964, "side": "buy", "size": "0.04614938", "price": "3032.76000000", "time": "2025-07-15T13:29:48.391748Z", "fetched_at": "2025-07-15T13:30:09.252390+00:00", "symbol": "ETH-USD"}, {"trade_id": 667311963, "side": "buy", "size": "0.37007044", "price": "3032.79000000", "time": "2025-07-15T13:29:48.391748Z", "fetched_at": "2025-07-15T13:30:09.252390+00:00", "symbol": "ETH-USD"}, {"trade_id": 667311962, "side": "buy", "size": "0.32992956", "price": "3032.79000000", "time": "2025-07-15T13:29:48.309961Z", "fetched_at": "2025-07-15T13:30:09.252390+00:00", "symbol": "ETH-USD"}, {"trade_id": 667311961, "side": "sell", "size": "0.07086084", "price": "3032.77000000", "time": "2025-07-15T13:29:47.948474Z", "fetched_at": "2025-07-15T13:30:09.252390+00:00", "symbol": "ETH-USD"}, {"trade_id": 667311960, "side": "sell", "size": "0.12906000", "price": "3032.77000000", "time": "2025-07-15T13:29:47.948474Z", "fetched_at": "2025-07-15T13:30:09.252390+00:00", "symbol": "ETH-USD"}, {"trade_id": 667311959, "side": "sell", "size": "0.55785011", "price": "3032.77000000", "time": "2025-07-15T13:29:47.948474Z", "fetched_at": "2025-07-15T13:30:09.252390+00:00", "symbol": "ETH-USD"}, {"trade_id": 667311958, "side": "sell", "size": "0.00031006", "price": "3032.77000000", "time": "2025-07-15T13:29:47.948474Z", "fetched_at": "2025-07-15T13:30:09.252390+00:00", "symbol": "ETH-USD"}, {"trade_id": 667311957, "side": "sell", "size": "0.00005589", "price": "3032.77000000", "time": "2025-07-15T13:29:47.948474Z", "fetched_at": "2025-07-15T13:30:09.252390+00:00", "symbol": "ETH-USD"}, {"trade_id": 667311956, "side": "sell", "size": "0.00116879", "price": "3032.77000000", "time": "2025-07-15T13:29:47.948474Z", "fetched_at": "2025-07-15T13:30:09.252390+00:00", "symbol": "ETH-USD"}, {"trade_id": 667311955, "side": "sell", "size": "0.00111954", "price": "3032.77000000", "time": "2025-07-15T13:29:47.574382Z", "fetched_at": "2025-07-15T13:30:09.252390+00:00", "symbol": "ETH-USD"}, {"trade_id": 667311954, "side": "sell", "size": "0.00116879", "price": "3032.77000000", "time": "2025-07-15T13:29:47.574382Z", "fetched_at": "2025-07-15T13:30:09.252390+00:00", "symbol": "ETH-USD"}, {"trade_id": 667311953, "side": "buy", "size": "0.70000000", "price": "3033.03000000", "time": "2025-07-15T13:29:47.185728Z", "fetched_at": "2025-07-15T13:30:09.252390+00:00", "symbol": "ETH-USD"}, {"trade_id": 667311952, "side": "buy", "size": "0.13706002", "price": "3032.97000000", "time": "2025-07-15T13:29:46.239842Z", "fetched_at": "2025-07-15T13:30:09.252390+00:00", "symbol": "ETH-USD"}, {"trade_id": 667311951, "side": "buy", "size": "0.15000000", "price": "3032.97000000", "time": "2025-07-15T13:29:46.239842Z", "fetched_at": "2025-07-15T13:30:09.252390+00:00", "symbol": "ETH-USD"}, {"trade_id": 667311950, "side": "buy", "size": "0.00100000", "price": "3033.24000000", "time": "2025-07-15T13:29:45.843320Z", "fetched_at": "2025-07-15T13:30:09.252390+00:00", "symbol": "ETH-USD"}, {"trade_id": 667311949, "side": "buy", "size": "0.00100000", "price": "3033.47000000", "time": "2025-07-15T13:29:45.828297Z", "fetched_at": "2025-07-15T13:30:09.252390+00:00", "symbol": "ETH-USD"}, {"trade_id": 667311948, "side": "buy", "size": "0.04234285", "price": "3033.57000000", "time": "2025-07-15T13:29:45.672017Z", "fetched_at": "2025-07-15T13:30:09.252390+00:00", "symbol": "ETH-USD"}, {"trade_id": 667311947, "side": "buy", "size": "0.00100000", "price": "3033.70000000", "time": "2025-07-15T13:29:45.602934Z", "fetched_at": "2025-07-15T13:30:09.252390+00:00", "symbol": "ETH-USD"}, {"trade_id": 667311946, "side": "buy", "size": "0.05501271", "price": "3034.02000000", "time": "2025-07-15T13:29:45.415879Z", "fetched_at": "2025-07-15T13:30:09.252390+00:00", "symbol": "ETH-USD"}, {"trade_id": 667311945, "side": "buy", "size": "0.01586631", "price": "3034.10000000", "time": "2025-07-15T13:29:45.415879Z", "fetched_at": "2025-07-15T13:30:09.252390+00:00", "symbol": "ETH-USD"}, {"trade_id": 667311944, "side": "buy", "size": "0.18351676", "price": "3034.10000000", "time": "2025-07-15T13:29:45.277232Z", "fetched_at": "2025-07-15T13:30:09.252390+00:00", "symbol": "ETH-USD"}, {"trade_id": 667311943, "side": "buy", "size": "0.00705645", "price": "3034.10000000", "time": "2025-07-15T13:29:45.277232Z", "fetched_at": "2025-07-15T13:30:09.252390+00:00", "symbol": "ETH-USD"}, {"trade_id": 667311942, "side": "buy", "size": "0.15000000", "price": "3034.11000000", "time": "2025-07-15T13:29:45.277232Z", "fetched_at": "2025-07-15T13:30:09.252390+00:00", "symbol": "ETH-USD"}, {"trade_id": 667311941, "side": "buy", "size": "0.02601049", "price": "3034.16000000", "time": "2025-07-15T13:29:45.277232Z", "fetched_at": "2025-07-15T13:30:09.252390+00:00", "symbol": "ETH-USD"}, {"trade_id": 667311940, "side": "sell", "size": "0.02237927", "price": "3034.86000000", "time": "2025-07-15T13:29:45.122243Z", "fetched_at": "2025-07-15T13:30:09.252390+00:00", "symbol": "ETH-USD"}, {"trade_id": 667311939, "side": "sell", "size": "0.00100000", "price": "3034.85000000", "time": "2025-07-15T13:29:45.122243Z", "fetched_at": "2025-07-15T13:30:09.252390+00:00", "symbol": "ETH-USD"}, {"trade_id": 667311938, "side": "sell", "size": "0.48392992", "price": "3034.84000000", "time": "2025-07-15T13:29:45.122243Z", "fetched_at": "2025-07-15T13:30:09.252390+00:00", "symbol": "ETH-USD"}, {"trade_id": 667311937, "side": "sell", "size": "1.29626760", "price": "3034.82000000", "time": "2025-07-15T13:29:45.122243Z", "fetched_at": "2025-07-15T13:30:09.252390+00:00", "symbol": "ETH-USD"}, {"trade_id": 667311936, "side": "sell", "size": "1.86577011", "price": "3034.81000000", "time": "2025-07-15T13:29:45.122243Z", "fetched_at": "2025-07-15T13:30:09.252390+00:00", "symbol": "ETH-USD"}, {"trade_id": 667311935, "side": "sell", "size": "0.64701325", "price": "3034.80000000", "time": "2025-07-15T13:29:45.122243Z", "fetched_at": "2025-07-15T13:30:09.252390+00:00", "symbol": "ETH-USD"}, {"trade_id": 667311934, "side": "sell", "size": "0.82378117", "price": "3034.79000000", "time": "2025-07-15T13:29:45.122243Z", "fetched_at": "2025-07-15T13:30:09.252390+00:00", "symbol": "ETH-USD"}, {"trade_id": 667311933, "side": "sell", "size": "1.41190392", "price": "3034.77000000", "time": "2025-07-15T13:29:45.122243Z", "fetched_at": "2025-07-15T13:30:09.252390+00:00", "symbol": "ETH-USD"}, {"trade_id": 667311932, "side": "sell", "size": "1.72961900", "price": "3034.76000000", "time": "2025-07-15T13:29:45.122243Z", "fetched_at": "2025-07-15T13:30:09.252390+00:00", "symbol": "ETH-USD"}, {"trade_id": 667311931, "side": "sell", "size": "0.00742072", "price": "3034.71000000", "time": "2025-07-15T13:29:45.122243Z", "fetched_at": "2025-07-15T13:30:09.252390+00:00", "symbol": "ETH-USD"}, {"trade_id": 667311930, "side": "sell", "size": "0.00121479", "price": "3034.66000000", "time": "2025-07-15T13:29:45.122243Z", "fetched_at": "2025-07-15T13:30:09.252390+00:00", "symbol": "ETH-USD"}, {"trade_id": 667311929, "side": "sell", "size": "0.00000849", "price": "3034.66000000", "time": "2025-07-15T13:29:45.122243Z", "fetched_at": "2025-07-15T13:30:09.252390+00:00", "symbol": "ETH-USD"}, {"trade_id": 667311928, "side": "sell", "size": "0.00024002", "price": "3034.61000000", "time": "2025-07-15T13:29:45.122243Z", "fetched_at": "2025-07-15T13:30:09.252390+00:00", "symbol": "ETH-USD"}, {"trade_id": 667311927, "side": "sell", "size": "0.26780581", "price": "3034.56000000", "time": "2025-07-15T13:29:45.122243Z", "fetched_at": "2025-07-15T13:30:09.252390+00:00", "symbol": "ETH-USD"}, {"trade_id": 667311926, "side": "sell", "size": "0.82385851", "price": "3034.51000000", "time": "2025-07-15T13:29:45.122243Z", "fetched_at": "2025-07-15T13:30:09.252390+00:00", "symbol": "ETH-USD"}, {"trade_id": 667311925, "side": "sell", "size": "0.26872821", "price": "3034.50000000", "time": "2025-07-15T13:29:45.122243Z", "fetched_at": "2025-07-15T13:30:09.252390+00:00", "symbol": "ETH-USD"}, {"trade_id": 667311924, "side": "sell", "size": "0.16477550", "price": "3034.44000000", "time": "2025-07-15T13:29:45.122243Z", "fetched_at": "2025-07-15T13:30:09.252390+00:00", "symbol": "ETH-USD"}, {"trade_id": 667311923, "side": "sell", "size": "0.00195601", "price": "3034.42000000", "time": "2025-07-15T13:29:45.122243Z", "fetched_at": "2025-07-15T13:30:09.252390+00:00", "symbol": "ETH-USD"}, {"trade_id": 667311922, "side": "sell", "size": "0.01661000", "price": "3034.11000000", "time": "2025-07-15T13:29:44.878677Z", "fetched_at": "2025-07-15T13:30:09.252390+00:00", "symbol": "ETH-USD"}, {"trade_id": 667311921, "side": "sell", "size": "0.01466179", "price": "3034.11000000", "time": "2025-07-15T13:29:44.878630Z", "fetched_at": "2025-07-15T13:30:09.252390+00:00", "symbol": "ETH-USD"}, {"trade_id": 667311920, "side": "sell", "size": "0.00194821", "price": "3034.11000000", "time": "2025-07-15T13:29:44.878630Z", "fetched_at": "2025-07-15T13:30:09.252390+00:00", "symbol": "ETH-USD"}, {"trade_id": 667311919, "side": "sell", "size": "0.02350948", "price": "3034.48000000", "time": "2025-07-15T13:29:44.731670Z", "fetched_at": "2025-07-15T13:30:09.252390+00:00", "symbol": "ETH-USD"}, {"trade_id": 667311918, "side": "sell", "size": "0.30443896", "price": "3034.36000000", "time": "2025-07-15T13:29:44.731670Z", "fetched_at": "2025-07-15T13:30:09.252390+00:00", "symbol": "ETH-USD"}, {"trade_id": 667311917, "side": "sell", "size": "0.00010335", "price": "3034.11000000", "time": "2025-07-15T13:29:44.731670Z", "fetched_at": "2025-07-15T13:30:09.252390+00:00", "symbol": "ETH-USD"}, {"trade_id": 667311916, "side": "sell", "size": "0.00194821", "price": "3034.11000000", "time": "2025-07-15T13:29:44.731670Z", "fetched_at": "2025-07-15T13:30:09.252390+00:00", "symbol": "ETH-USD"}, {"trade_id": 667311915, "side": "buy", "size": "0.22150127", "price": "3034.16000000", "time": "2025-07-15T13:29:44.456531Z", "fetched_at": "2025-07-15T13:30:09.252390+00:00", "symbol": "ETH-USD"}, {"trade_id": 667311914, "side": "buy", "size": "0.26840014", "price": "3034.16000000", "time": "2025-07-15T13:29:44.455982Z", "fetched_at": "2025-07-15T13:30:09.252390+00:00", "symbol": "ETH-USD"}, {"trade_id": 667311913, "side": "buy", "size": "0.74638869", "price": "3034.16000000", "time": "2025-07-15T13:29:44.455982Z", "fetched_at": "2025-07-15T13:30:09.252390+00:00", "symbol": "ETH-USD"}, {"trade_id": 667311912, "side": "buy", "size": "0.06341752", "price": "3034.17000000", "time": "2025-07-15T13:29:44.455982Z", "fetched_at": "2025-07-15T13:30:09.252390+00:00", "symbol": "ETH-USD"}, {"trade_id": 667311911, "side": "buy", "size": "0.03402840", "price": "3034.23000000", "time": "2025-07-15T13:29:44.455362Z", "fetched_at": "2025-07-15T13:30:09.252390+00:00", "symbol": "ETH-USD"}, {"trade_id": 667311910, "side": "buy", "size": "0.80000000", "price": "3034.26000000", "time": "2025-07-15T13:29:44.455362Z", "fetched_at": "2025-07-15T13:30:09.252390+00:00", "symbol": "ETH-USD"}, {"trade_id": 667311909, "side": "buy", "size": "0.08570029", "price": "3034.27000000", "time": "2025-07-15T13:29:44.455362Z", "fetched_at": "2025-07-15T13:30:09.252390+00:00", "symbol": "ETH-USD"}, {"trade_id": 667311908, "side": "buy", "size": "0.04115543", "price": "3034.35000000", "time": "2025-07-15T13:29:44.453736Z", "fetched_at": "2025-07-15T13:30:09.252390+00:00", "symbol": "ETH-USD"}, {"trade_id": 667311907, "side": "buy", "size": "0.01387447", "price": "3034.35000000", "time": "2025-07-15T13:29:44.453736Z", "fetched_at": "2025-07-15T13:30:09.252390+00:00", "symbol": "ETH-USD"}, {"trade_id": 667311906, "side": "buy", "size": "0.00329559", "price": "3034.36000000", "time": "2025-07-15T13:29:44.453736Z", "fetched_at": "2025-07-15T13:30:09.252390+00:00", "symbol": "ETH-USD"}, {"trade_id": 667311905, "side": "sell", "size": "0.01558668", "price": "3034.56000000", "time": "2025-07-15T13:29:44.119873Z", "fetched_at": "2025-07-15T13:30:09.252390+00:00", "symbol": "ETH-USD"}, {"trade_id": 667311904, "side": "sell", "size": "0.00044047", "price": "3034.53000000", "time": "2025-07-15T13:29:44.119873Z", "fetched_at": "2025-07-15T13:30:09.252390+00:00", "symbol": "ETH-USD"}, {"trade_id": 667311903, "side": "sell", "size": "0.21949917", "price": "3034.56000000", "time": "2025-07-15T13:29:43.769226Z", "fetched_at": "2025-07-15T13:30:09.252390+00:00", "symbol": "ETH-USD"}, {"trade_id": 667311902, "side": "sell", "size": "0.00045150", "price": "3034.55000000", "time": "2025-07-15T13:29:43.769226Z", "fetched_at": "2025-07-15T13:30:09.252390+00:00", "symbol": "ETH-USD"}, {"trade_id": 667311901, "side": "sell", "size": "0.00031002", "price": "3034.42000000", "time": "2025-07-15T13:29:43.769226Z", "fetched_at": "2025-07-15T13:30:09.252390+00:00", "symbol": "ETH-USD"}, {"trade_id": 667311900, "side": "sell", "size": "0.00005588", "price": "3034.42000000", "time": "2025-07-15T13:29:43.769226Z", "fetched_at": "2025-07-15T13:30:09.252390+00:00", "symbol": "ETH-USD"}, {"trade_id": 667311899, "side": "sell", "size": "0.00185204", "price": "3034.36000000", "time": "2025-07-15T13:29:43.769226Z", "fetched_at": "2025-07-15T13:30:09.252390+00:00", "symbol": "ETH-USD"}, {"trade_id": 667311898, "side": "buy", "size": "0.00042107", "price": "3034.35000000", "time": "2025-07-15T13:29:43.595647Z", "fetched_at": "2025-07-15T13:30:09.252390+00:00", "symbol": "ETH-USD"}, {"trade_id": 667311897, "side": "buy", "size": "0.01770397", "price": "3034.35000000", "time": "2025-07-15T13:29:43.358548Z", "fetched_at": "2025-07-15T13:30:09.252390+00:00", "symbol": "ETH-USD"}, {"trade_id": 667311896, "side": "buy", "size": "0.04943202", "price": "3034.09000000", "time": "2025-07-15T13:29:42.938006Z", "fetched_at": "2025-07-15T13:30:09.252390+00:00", "symbol": "ETH-USD"}, {"trade_id": 667311895, "side": "buy", "size": "0.10000000", "price": "3034.24000000", "time": "2025-07-15T13:29:42.842302Z", "fetched_at": "2025-07-15T13:30:09.252390+00:00", "symbol": "ETH-USD"}, {"trade_id": 667311894, "side": "buy", "size": "1.00000000", "price": "3034.24000000", "time": "2025-07-15T13:29:42.842302Z", "fetched_at": "2025-07-15T13:30:09.252390+00:00", "symbol": "ETH-USD"}, {"trade_id": 667311893, "side": "buy", "size": "0.01058553", "price": "3034.33000000", "time": "2025-07-15T13:29:42.837514Z", "fetched_at": "2025-07-15T13:30:09.252390+00:00", "symbol": "ETH-USD"}, {"trade_id": 667311892, "side": "buy", "size": "1.30000000", "price": "3034.39000000", "time": "2025-07-15T13:29:42.837514Z", "fetched_at": "2025-07-15T13:30:09.252390+00:00", "symbol": "ETH-USD"}, {"trade_id": 667311891, "side": "buy", "size": "0.75082874", "price": "3034.40000000", "time": "2025-07-15T13:29:42.837514Z", "fetched_at": "2025-07-15T13:30:09.252390+00:00", "symbol": "ETH-USD"}, {"trade_id": 667311890, "side": "buy", "size": "0.78000000", "price": "3034.40000000", "time": "2025-07-15T13:29:42.837514Z", "fetched_at": "2025-07-15T13:30:09.252390+00:00", "symbol": "ETH-USD"}, {"trade_id": 667311889, "side": "buy", "size": "0.00091380", "price": "3034.41000000", "time": "2025-07-15T13:29:42.837514Z", "fetched_at": "2025-07-15T13:30:09.252390+00:00", "symbol": "ETH-USD"}, {"trade_id": 667311888, "side": "buy", "size": "0.15000000", "price": "3034.41000000", "time": "2025-07-15T13:29:42.837514Z", "fetched_at": "2025-07-15T13:30:09.252390+00:00", "symbol": "ETH-USD"}, {"trade_id": 667311887, "side": "buy", "size": "0.01585151", "price": "3034.41000000", "time": "2025-07-15T13:29:42.837514Z", "fetched_at": "2025-07-15T13:30:09.252390+00:00", "symbol": "ETH-USD"}, {"trade_id": 667311886, "side": "buy", "size": "0.01511380", "price": "3034.25000000", "time": "2025-07-15T13:29:41.879542Z", "fetched_at": "2025-07-15T13:30:09.252390+00:00", "symbol": "ETH-USD"}, {"trade_id": 667311885, "side": "buy", "size": "0.15000000", "price": "3034.25000000", "time": "2025-07-15T13:29:41.879542Z", "fetched_at": "2025-07-15T13:30:09.252390+00:00", "symbol": "ETH-USD"}, {"trade_id": 667311884, "side": "sell", "size": "0.00061833", "price": "3034.63000000", "time": "2025-07-15T13:29:41.874595Z", "fetched_at": "2025-07-15T13:30:09.252390+00:00", "symbol": "ETH-USD"}, {"trade_id": 667311883, "side": "sell", "size": "0.00100000", "price": "3034.62000000", "time": "2025-07-15T13:29:41.874595Z", "fetched_at": "2025-07-15T13:30:09.252390+00:00", "symbol": "ETH-USD"}, {"trade_id": 667311882, "side": "sell", "size": "0.00000001", "price": "3034.57000000", "time": "2025-07-15T13:29:41.874595Z", "fetched_at": "2025-07-15T13:30:09.252390+00:00", "symbol": "ETH-USD"}, {"trade_id": 667311881, "side": "sell", "size": "0.13993508", "price": "3034.55000000", "time": "2025-07-15T13:29:41.864044Z", "fetched_at": "2025-07-15T13:30:09.252390+00:00", "symbol": "ETH-USD"}, {"trade_id": 667311880, "side": "sell", "size": "0.28188235", "price": "3034.55000000", "time": "2025-07-15T13:29:41.863743Z", "fetched_at": "2025-07-15T13:30:09.252390+00:00", "symbol": "ETH-USD"}, {"trade_id": 667311879, "side": "sell", "size": "0.00002987", "price": "3034.52000000", "time": "2025-07-15T13:29:41.863743Z", "fetched_at": "2025-07-15T13:30:09.252390+00:00", "symbol": "ETH-USD"}, {"trade_id": 667311878, "side": "sell", "size": "0.00000899", "price": "3034.51000000", "time": "2025-07-15T13:29:41.863743Z", "fetched_at": "2025-07-15T13:30:09.252390+00:00", "symbol": "ETH-USD"}, {"trade_id": 667311877, "side": "sell", "size": "3.31309276", "price": "3034.50000000", "time": "2025-07-15T13:29:41.863743Z", "fetched_at": "2025-07-15T13:30:09.252390+00:00", "symbol": "ETH-USD"}, {"trade_id": 667311876, "side": "sell", "size": "0.47591877", "price": "3034.48000000", "time": "2025-07-15T13:29:41.863743Z", "fetched_at": "2025-07-15T13:30:09.252390+00:00", "symbol": "ETH-USD"}, {"trade_id": 667311875, "side": "buy", "size": "0.16486769", "price": "3034.03000000", "time": "2025-07-15T13:29:41.040819Z", "fetched_at": "2025-07-15T13:30:09.252390+00:00", "symbol": "ETH-USD"}, {"trade_id": 667311874, "side": "sell", "size": "0.00012877", "price": "3034.44000000", "time": "2025-07-15T13:29:41.038497Z", "fetched_at": "2025-07-15T13:30:09.252390+00:00", "symbol": "ETH-USD"}, {"trade_id": 667311873, "side": "sell", "size": "0.00051868", "price": "3034.41000000", "time": "2025-07-15T13:29:41.038497Z", "fetched_at": "2025-07-15T13:30:09.252390+00:00", "symbol": "ETH-USD"}, {"trade_id": 667311872, "side": "sell", "size": "0.01018861", "price": "3034.41000000", "time": "2025-07-15T13:29:41.038497Z", "fetched_at": "2025-07-15T13:30:09.252390+00:00", "symbol": "ETH-USD"}, {"trade_id": 667311871, "side": "sell", "size": "0.00100000", "price": "3034.39000000", "time": "2025-07-15T13:29:41.038497Z", "fetched_at": "2025-07-15T13:30:09.252390+00:00", "symbol": "ETH-USD"}, {"trade_id": 667311870, "side": "sell", "size": "0.32955552", "price": "3034.39000000", "time": "2025-07-15T13:29:41.038497Z", "fetched_at": "2025-07-15T13:30:09.252390+00:00", "symbol": "ETH-USD"}, {"trade_id": 667311869, "side": "sell", "size": "0.01578502", "price": "3034.26000000", "time": "2025-07-15T13:29:41.038497Z", "fetched_at": "2025-07-15T13:30:09.252390+00:00", "symbol": "ETH-USD"}, {"trade_id": 667311868, "side": "sell", "size": "0.00001226", "price": "3034.22000000", "time": "2025-07-15T13:29:41.037495Z", "fetched_at": "2025-07-15T13:30:09.252390+00:00", "symbol": "ETH-USD"}, {"trade_id": 667311867, "side": "sell", "size": "0.01973305", "price": "3034.20000000", "time": "2025-07-15T13:29:41.037495Z", "fetched_at": "2025-07-15T13:30:09.252390+00:00", "symbol": "ETH-USD"}, {"trade_id": 667311866, "side": "sell", "size": "0.23991363", "price": "3034.19000000", "time": "2025-07-15T13:29:41.037495Z", "fetched_at": "2025-07-15T13:30:09.252390+00:00", "symbol": "ETH-USD"}, {"trade_id": 667311865, "side": "buy", "size": "0.37670382", "price": "3033.81000000", "time": "2025-07-15T13:29:40.896903Z", "fetched_at": "2025-07-15T13:30:09.252390+00:00", "symbol": "ETH-USD"}, {"trade_id": 667311864, "side": "buy", "size": "0.00329618", "price": "3033.82000000", "time": "2025-07-15T13:29:40.896903Z", "fetched_at": "2025-07-15T13:30:09.252390+00:00", "symbol": "ETH-USD"}, {"trade_id": 667311863, "side": "sell", "size": "0.21234767", "price": "3034.19000000", "time": "2025-07-15T13:29:40.059248Z", "fetched_at": "2025-07-15T13:30:09.252390+00:00", "symbol": "ETH-USD"}, {"trade_id": 667311862, "side": "sell", "size": "0.83263000", "price": "3034.16000000", "time": "2025-07-15T13:29:40.059248Z", "fetched_at": "2025-07-15T13:30:09.252390+00:00", "symbol": "ETH-USD"}, {"trade_id": 667311861, "side": "sell", "size": "0.00100000", "price": "3034.16000000", "time": "2025-07-15T13:29:40.059248Z", "fetched_at": "2025-07-15T13:30:09.252390+00:00", "symbol": "ETH-USD"}, {"trade_id": 667311860, "side": "sell", "size": "0.00049460", "price": "3034.16000000", "time": "2025-07-15T13:29:40.059248Z", "fetched_at": "2025-07-15T13:30:09.252390+00:00", "symbol": "ETH-USD"}, {"trade_id": 667311859, "side": "sell", "size": "0.00305780", "price": "3034.07000000", "time": "2025-07-15T13:29:40.059248Z", "fetched_at": "2025-07-15T13:30:09.252390+00:00", "symbol": "ETH-USD"}, {"trade_id": 667311858, "side": "sell", "size": "0.54615928", "price": "3034.01000000", "time": "2025-07-15T13:29:40.059248Z", "fetched_at": "2025-07-15T13:30:09.252390+00:00", "symbol": "ETH-USD"}, {"trade_id": 667311857, "side": "sell", "size": "1.29326383", "price": "3034.00000000", "time": "2025-07-15T13:29:40.059248Z", "fetched_at": "2025-07-15T13:30:09.252390+00:00", "symbol": "ETH-USD"}, {"trade_id": 667311856, "side": "sell", "size": "1.01900000", "price": "3034.00000000", "time": "2025-07-15T13:29:40.059248Z", "fetched_at": "2025-07-15T13:30:09.252390+00:00", "symbol": "ETH-USD"}, {"trade_id": 667311855, "side": "sell", "size": "0.01058537", "price": "3034.00000000", "time": "2025-07-15T13:29:40.059248Z", "fetched_at": "2025-07-15T13:30:09.252390+00:00", "symbol": "ETH-USD"}, {"trade_id": 667311854, "side": "sell", "size": "0.90498334", "price": "3034.00000000", "time": "2025-07-15T13:29:40.059248Z", "fetched_at": "2025-07-15T13:30:09.252390+00:00", "symbol": "ETH-USD"}, {"trade_id": 667311853, "side": "sell", "size": "0.13191850", "price": "3033.97000000", "time": "2025-07-15T13:29:40.059248Z", "fetched_at": "2025-07-15T13:30:09.252390+00:00", "symbol": "ETH-USD"}, {"trade_id": 667311852, "side": "sell", "size": "0.10541714", "price": "3033.96000000", "time": "2025-07-15T13:29:40.059248Z", "fetched_at": "2025-07-15T13:30:09.252390+00:00", "symbol": "ETH-USD"}, {"trade_id": 667311851, "side": "sell", "size": "0.00100000", "price": "3033.93000000", "time": "2025-07-15T13:29:40.059248Z", "fetched_at": "2025-07-15T13:30:09.252390+00:00", "symbol": "ETH-USD"}, {"trade_id": 667311850, "side": "sell", "size": "0.00100000", "price": "3033.70000000", "time": "2025-07-15T13:29:40.059248Z", "fetched_at": "2025-07-15T13:30:09.252390+00:00", "symbol": "ETH-USD"}, {"trade_id": 667311849, "side": "sell", "size": "0.00100000", "price": "3033.47000000", "time": "2025-07-15T13:29:40.059248Z", "fetched_at": "2025-07-15T13:30:09.252390+00:00", "symbol": "ETH-USD"}, {"trade_id": 667311848, "side": "sell", "size": "0.00100000", "price": "3033.24000000", "time": "2025-07-15T13:29:40.004716Z", "fetched_at": "2025-07-15T13:30:09.252390+00:00", "symbol": "ETH-USD"}, {"trade_id": 667311847, "side": "sell", "size": "0.00010334", "price": "3033.01000000", "time": "2025-07-15T13:29:39.955533Z", "fetched_at": "2025-07-15T13:30:09.252390+00:00", "symbol": "ETH-USD"}, {"trade_id": 667311846, "side": "sell", "size": "0.00100000", "price": "3033.01000000", "time": "2025-07-15T13:29:39.955533Z", "fetched_at": "2025-07-15T13:30:09.252390+00:00", "symbol": "ETH-USD"}, {"trade_id": 667311845, "side": "sell", "size": "0.37824037", "price": "3032.80000000", "time": "2025-07-15T13:29:39.469719Z", "fetched_at": "2025-07-15T13:30:09.252390+00:00", "symbol": "ETH-USD"}, {"trade_id": 667311844, "side": "sell", "size": "0.00191992", "price": "3032.80000000", "time": "2025-07-15T13:29:39.338176Z", "fetched_at": "2025-07-15T13:30:09.252390+00:00", "symbol": "ETH-USD"}, {"trade_id": 667311843, "side": "sell", "size": "0.00103160", "price": "3032.78000000", "time": "2025-07-15T13:29:39.133366Z", "fetched_at": "2025-07-15T13:30:09.252390+00:00", "symbol": "ETH-USD"}, {"trade_id": 667311842, "side": "sell", "size": "0.00100000", "price": "3032.78000000", "time": "2025-07-15T13:29:39.133366Z", "fetched_at": "2025-07-15T13:30:09.252390+00:00", "symbol": "ETH-USD"}, {"trade_id": 667311841, "side": "sell", "size": "0.00024001", "price": "3032.55000000", "time": "2025-07-15T13:29:38.946945Z", "fetched_at": "2025-07-15T13:30:09.252390+00:00", "symbol": "ETH-USD"}, {"trade_id": 667311840, "side": "sell", "size": "0.00185199", "price": "3032.55000000", "time": "2025-07-15T13:29:38.946945Z", "fetched_at": "2025-07-15T13:30:09.252390+00:00", "symbol": "ETH-USD"}, {"trade_id": 667311839, "side": "sell", "size": "0.00103049", "price": "3032.55000000", "time": "2025-07-15T13:29:38.946945Z", "fetched_at": "2025-07-15T13:30:09.252390+00:00", "symbol": "ETH-USD"}, {"trade_id": 667311838, "side": "sell", "size": "0.00100000", "price": "3032.55000000", "time": "2025-07-15T13:29:38.946945Z", "fetched_at": "2025-07-15T13:30:09.252390+00:00", "symbol": "ETH-USD"}, {"trade_id": 667311837, "side": "buy", "size": "0.33745183", "price": "3032.54000000", "time": "2025-07-15T13:29:38.643719Z", "fetched_at": "2025-07-15T13:30:09.252390+00:00", "symbol": "ETH-USD"}, {"trade_id": 667311836, "side": "sell", "size": "0.00111107", "price": "3032.25000000", "time": "2025-07-15T13:29:37.924318Z", "fetched_at": "2025-07-15T13:30:09.252390+00:00", "symbol": "ETH-USD"}, {"trade_id": 667311835, "side": "sell", "size": "0.00111107", "price": "3032.25000000", "time": "2025-07-15T13:29:37.910089Z", "fetched_at": "2025-07-15T13:30:09.252390+00:00", "symbol": "ETH-USD"}, {"trade_id": 667311834, "side": "sell", "size": "0.00124240", "price": "3032.24000000", "time": "2025-07-15T13:29:37.892080Z", "fetched_at": "2025-07-15T13:30:09.252390+00:00", "symbol": "ETH-USD"}, {"trade_id": 667311833, "side": "sell", "size": "0.00124240", "price": "3032.24000000", "time": "2025-07-15T13:29:37.880081Z", "fetched_at": "2025-07-15T13:30:09.252390+00:00", "symbol": "ETH-USD"}, {"trade_id": 667311832, "side": "sell", "size": "0.00100000", "price": "3032.32000000", "time": "2025-07-15T13:29:37.870599Z", "fetched_at": "2025-07-15T13:30:09.252390+00:00", "symbol": "ETH-USD"}, {"trade_id": 667311831, "side": "sell", "size": "0.00031001", "price": "3032.31000000", "time": "2025-07-15T13:29:37.870599Z", "fetched_at": "2025-07-15T13:30:09.252390+00:00", "symbol": "ETH-USD"}, {"trade_id": 667311830, "side": "sell", "size": "0.00001084", "price": "3032.31000000", "time": "2025-07-15T13:29:37.870599Z", "fetched_at": "2025-07-15T13:30:09.252390+00:00", "symbol": "ETH-USD"}, {"trade_id": 667311829, "side": "sell", "size": "0.00004506", "price": "3032.31000000", "time": "2025-07-15T13:29:37.824553Z", "fetched_at": "2025-07-15T13:30:09.252390+00:00", "symbol": "ETH-USD"}, {"trade_id": 667311828, "side": "sell", "size": "0.12168756", "price": "3032.31000000", "time": "2025-07-15T13:29:37.824553Z", "fetched_at": "2025-07-15T13:30:09.252390+00:00", "symbol": "ETH-USD"}, {"trade_id": 667311827, "side": "sell", "size": "0.00132085", "price": "3032.11000000", "time": "2025-07-15T13:29:37.824553Z", "fetched_at": "2025-07-15T13:30:09.252390+00:00", "symbol": "ETH-USD"}, {"trade_id": 667311826, "side": "sell", "size": "0.00132085", "price": "3032.09000000", "time": "2025-07-15T13:29:37.795811Z", "fetched_at": "2025-07-15T13:30:09.252390+00:00", "symbol": "ETH-USD"}, {"trade_id": 667311825, "side": "sell", "size": "0.00132085", "price": "3032.09000000", "time": "2025-07-15T13:29:37.779595Z", "fetched_at": "2025-07-15T13:30:09.252390+00:00", "symbol": "ETH-USD"}, {"trade_id": 667311824, "side": "sell", "size": "0.00132085", "price": "3032.09000000", "time": "2025-07-15T13:29:37.763700Z", "fetched_at": "2025-07-15T13:30:09.252390+00:00", "symbol": "ETH-USD"}, {"trade_id": 667311823, "side": "sell", "size": "0.00132085", "price": "3032.09000000", "time": "2025-07-15T13:29:37.748049Z", "fetched_at": "2025-07-15T13:30:09.252390+00:00", "symbol": "ETH-USD"}, {"trade_id": 667311822, "side": "sell", "size": "0.00124871", "price": "3031.98000000", "time": "2025-07-15T13:29:37.706428Z", "fetched_at": "2025-07-15T13:30:09.252390+00:00", "symbol": "ETH-USD"}, {"trade_id": 667311821, "side": "sell", "size": "0.00124871", "price": "3031.98000000", "time": "2025-07-15T13:29:37.450375Z", "fetched_at": "2025-07-15T13:30:09.252390+00:00", "symbol": "ETH-USD"}, {"trade_id": 667311820, "side": "sell", "size": "0.00124871", "price": "3031.97000000", "time": "2025-07-15T13:29:37.434898Z", "fetched_at": "2025-07-15T13:30:09.252390+00:00", "symbol": "ETH-USD"}, {"trade_id": 667311819, "side": "sell", "size": "0.00124871", "price": "3031.96000000", "time": "2025-07-15T13:29:37.418129Z", "fetched_at": "2025-07-15T13:30:09.252390+00:00", "symbol": "ETH-USD"}, {"trade_id": 667311818, "side": "sell", "size": "0.00124871", "price": "3031.96000000", "time": "2025-07-15T13:29:37.402471Z", "fetched_at": "2025-07-15T13:30:09.252390+00:00", "symbol": "ETH-USD"}, {"trade_id": 667311817, "side": "sell", "size": "0.00124871", "price": "3031.96000000", "time": "2025-07-15T13:29:37.385565Z", "fetched_at": "2025-07-15T13:30:09.252390+00:00", "symbol": "ETH-USD"}, {"trade_id": 667311816, "side": "sell", "size": "0.00124871", "price": "3031.96000000", "time": "2025-07-15T13:29:37.372731Z", "fetched_at": "2025-07-15T13:30:09.252390+00:00", "symbol": "ETH-USD"}, {"trade_id": 667311815, "side": "sell", "size": "0.00124871", "price": "3031.96000000", "time": "2025-07-15T13:29:37.361420Z", "fetched_at": "2025-07-15T13:30:09.252390+00:00", "symbol": "ETH-USD"}, {"trade_id": 667311814, "side": "sell", "size": "0.00124871", "price": "3031.96000000", "time": "2025-07-15T13:29:37.335390Z", "fetched_at": "2025-07-15T13:30:09.252390+00:00", "symbol": "ETH-USD"}, {"trade_id": 667311813, "side": "sell", "size": "0.01406481", "price": "3032.29000000", "time": "2025-07-15T13:29:37.242053Z", "fetched_at": "2025-07-15T13:30:09.252390+00:00", "symbol": "ETH-USD"}, {"trade_id": 667311812, "side": "sell", "size": "0.00100000", "price": "3032.09000000", "time": "2025-07-15T13:29:37.242053Z", "fetched_at": "2025-07-15T13:30:09.252390+00:00", "symbol": "ETH-USD"}, {"trade_id": 667311811, "side": "sell", "size": "0.00126867", "price": "3032.01000000", "time": "2025-07-15T13:29:37.242053Z", "fetched_at": "2025-07-15T13:30:09.252390+00:00", "symbol": "ETH-USD"}, {"trade_id": 667311810, "side": "sell", "size": "1.17000000", "price": "3032.00000000", "time": "2025-07-15T13:29:37.073497Z", "fetched_at": "2025-07-15T13:30:09.252390+00:00", "symbol": "ETH-USD"}, {"trade_id": 667311809, "side": "sell", "size": "0.91941292", "price": "3032.00000000", "time": "2025-07-15T13:29:37.073497Z", "fetched_at": "2025-07-15T13:30:09.252390+00:00", "symbol": "ETH-USD"}, {"trade_id": 667311808, "side": "sell", "size": "0.00132583", "price": "3031.86000000", "time": "2025-07-15T13:29:37.051681Z", "fetched_at": "2025-07-15T13:30:09.252390+00:00", "symbol": "ETH-USD"}, {"trade_id": 667311807, "side": "sell", "size": "0.00100000", "price": "3031.86000000", "time": "2025-07-15T13:29:37.039484Z", "fetched_at": "2025-07-15T13:30:09.252390+00:00", "symbol": "ETH-USD"}, {"trade_id": 667311806, "side": "sell", "size": "0.19991285", "price": "3031.76000000", "time": "2025-07-15T13:29:36.989252Z", "fetched_at": "2025-07-15T13:30:09.252390+00:00", "symbol": "ETH-USD"}, {"trade_id": 667311805, "side": "sell", "size": "0.00132583", "price": "3031.47000000", "time": "2025-07-15T13:29:36.915598Z", "fetched_at": "2025-07-15T13:30:09.252390+00:00", "symbol": "ETH-USD"}, {"trade_id": 667311804, "side": "sell", "size": "0.00132579", "price": "3031.41000000", "time": "2025-07-15T13:29:36.807118Z", "fetched_at": "2025-07-15T13:30:09.252390+00:00", "symbol": "ETH-USD"}, {"trade_id": 667311803, "side": "sell", "size": "0.00073917", "price": "3031.41000000", "time": "2025-07-15T13:29:36.332542Z", "fetched_at": "2025-07-15T13:30:09.252390+00:00", "symbol": "ETH-USD"}, {"trade_id": 667311802, "side": "sell", "size": "0.00143668", "price": "3031.40000000", "time": "2025-07-15T13:29:36.006585Z", "fetched_at": "2025-07-15T13:30:09.252390+00:00", "symbol": "ETH-USD"}, {"trade_id": 667311801, "side": "sell", "size": "0.00074734", "price": "3031.35000000", "time": "2025-07-15T13:29:35.501284Z", "fetched_at": "2025-07-15T13:30:09.252390+00:00", "symbol": "ETH-USD"}, {"trade_id": 667311800, "side": "sell", "size": "0.00074734", "price": "3031.35000000", "time": "2025-07-15T13:29:35.490229Z", "fetched_at": "2025-07-15T13:30:09.252390+00:00", "symbol": "ETH-USD"}, {"trade_id": 667311799, "side": "sell", "size": "0.00074734", "price": "3031.32000000", "time": "2025-07-15T13:29:35.347069Z", "fetched_at": "2025-07-15T13:30:09.252390+00:00", "symbol": "ETH-USD"}, {"trade_id": 667311798, "side": "sell", "size": "0.00010335", "price": "3031.27000000", "time": "2025-07-15T13:29:35.318548Z", "fetched_at": "2025-07-15T13:30:09.252390+00:00", "symbol": "ETH-USD"}, {"trade_id": 667311797, "side": "sell", "size": "0.00185206", "price": "3031.27000000", "time": "2025-07-15T13:29:35.318548Z", "fetched_at": "2025-07-15T13:30:09.252390+00:00", "symbol": "ETH-USD"}, {"trade_id": 667311796, "side": "sell", "size": "0.00032131", "price": "3031.27000000", "time": "2025-07-15T13:29:35.318548Z", "fetched_at": "2025-07-15T13:30:09.252390+00:00", "symbol": "ETH-USD"}, {"trade_id": 667311795, "side": "sell", "size": "0.00005788", "price": "3031.27000000", "time": "2025-07-15T13:29:35.318548Z", "fetched_at": "2025-07-15T13:30:09.252390+00:00", "symbol": "ETH-USD"}, {"trade_id": 667311794, "side": "sell", "size": "0.00075129", "price": "3031.27000000", "time": "2025-07-15T13:29:35.318548Z", "fetched_at": "2025-07-15T13:30:09.252390+00:00", "symbol": "ETH-USD"}, {"trade_id": 667311793, "side": "buy", "size": "0.33030400", "price": "3031.26000000", "time": "2025-07-15T13:29:35.313876Z", "fetched_at": "2025-07-15T13:30:09.252390+00:00", "symbol": "ETH-USD"}, {"trade_id": 667311792, "side": "buy", "size": "0.24741085", "price": "3031.26000000", "time": "2025-07-15T13:29:34.855400Z", "fetched_at": "2025-07-15T13:30:09.252390+00:00", "symbol": "ETH-USD"}, {"trade_id": 667311791, "side": "buy", "size": "0.57799892", "price": "3031.26000000", "time": "2025-07-15T13:29:33.698922Z", "fetched_at": "2025-07-15T13:30:09.252390+00:00", "symbol": "ETH-USD"}, {"trade_id": 667311790, "side": "sell", "size": "0.00257762", "price": "3031.31000000", "time": "2025-07-15T13:29:32.418003Z", "fetched_at": "2025-07-15T13:30:09.252390+00:00", "symbol": "ETH-USD"}, {"trade_id": 667311789, "side": "sell", "size": "0.00257762", "price": "3031.31000000", "time": "2025-07-15T13:29:32.399315Z", "fetched_at": "2025-07-15T13:30:09.252390+00:00", "symbol": "ETH-USD"}, {"trade_id": 667311788, "side": "sell", "size": "0.00243702", "price": "3031.28000000", "time": "2025-07-15T13:29:32.375672Z", "fetched_at": "2025-07-15T13:30:09.252390+00:00", "symbol": "ETH-USD"}, {"trade_id": 667311787, "side": "sell", "size": "0.00249408", "price": "3031.24000000", "time": "2025-07-15T13:29:32.224054Z", "fetched_at": "2025-07-15T13:30:09.252390+00:00", "symbol": "ETH-USD"}, {"trade_id": 667311786, "side": "sell", "size": "1.06615547", "price": "3031.70000000", "time": "2025-07-15T13:29:32.022156Z", "fetched_at": "2025-07-15T13:30:09.252390+00:00", "symbol": "ETH-USD"}, {"trade_id": 667311785, "side": "sell", "size": "0.50483875", "price": "3031.68000000", "time": "2025-07-15T13:29:32.022156Z", "fetched_at": "2025-07-15T13:30:09.252390+00:00", "symbol": "ETH-USD"}, {"trade_id": 667311784, "side": "sell", "size": "0.00100000", "price": "3031.63000000", "time": "2025-07-15T13:29:32.022156Z", "fetched_at": "2025-07-15T13:30:09.252390+00:00", "symbol": "ETH-USD"}, {"trade_id": 667311783, "side": "sell", "size": "0.19998620", "price": "3031.61000000", "time": "2025-07-15T13:29:32.022156Z", "fetched_at": "2025-07-15T13:30:09.252390+00:00", "symbol": "ETH-USD"}, {"trade_id": 667311782, "side": "sell", "size": "0.00024001", "price": "3031.18000000", "time": "2025-07-15T13:29:32.022156Z", "fetched_at": "2025-07-15T13:30:09.252390+00:00", "symbol": "ETH-USD"}, {"trade_id": 667311781, "side": "sell", "size": "0.00249408", "price": "3031.18000000", "time": "2025-07-15T13:29:32.022156Z", "fetched_at": "2025-07-15T13:30:09.252390+00:00", "symbol": "ETH-USD"}, {"trade_id": 667311780, "side": "sell", "size": "0.00249408", "price": "3031.13000000", "time": "2025-07-15T13:29:31.822070Z", "fetched_at": "2025-07-15T13:30:09.252390+00:00", "symbol": "ETH-USD"}, {"trade_id": 667311779, "side": "sell", "size": "0.00249408", "price": "3031.03000000", "time": "2025-07-15T13:29:31.764882Z", "fetched_at": "2025-07-15T13:30:09.252390+00:00", "symbol": "ETH-USD"}, {"trade_id": 667311778, "side": "sell", "size": "0.34251418", "price": "3031.52000000", "time": "2025-07-15T13:29:31.092320Z", "fetched_at": "2025-07-15T13:30:09.252390+00:00", "symbol": "ETH-USD"}, {"trade_id": 667311777, "side": "sell", "size": "1.36851805", "price": "3031.52000000", "time": "2025-07-15T13:29:31.092320Z", "fetched_at": "2025-07-15T13:30:09.252390+00:00", "symbol": "ETH-USD"}, {"trade_id": 667311776, "side": "sell", "size": "0.28896777", "price": "3031.51000000", "time": "2025-07-15T13:29:31.092320Z", "fetched_at": "2025-07-15T13:30:09.252390+00:00", "symbol": "ETH-USD"}, {"trade_id": 667311775, "side": "sell", "size": "1.45198552", "price": "3031.51000000", "time": "2025-07-15T13:29:31.091825Z", "fetched_at": "2025-07-15T13:30:09.252390+00:00", "symbol": "ETH-USD"}, {"trade_id": 667311774, "side": "sell", "size": "0.04169644", "price": "3031.50000000", "time": "2025-07-15T13:29:31.091825Z", "fetched_at": "2025-07-15T13:30:09.252390+00:00", "symbol": "ETH-USD"}, {"trade_id": 667311773, "side": "sell", "size": "0.00049499", "price": "3031.43000000", "time": "2025-07-15T13:29:31.091825Z", "fetched_at": "2025-07-15T13:30:09.252390+00:00", "symbol": "ETH-USD"}, {"trade_id": 667311772, "side": "sell", "size": "0.00100000", "price": "3031.40000000", "time": "2025-07-15T13:29:31.091825Z", "fetched_at": "2025-07-15T13:30:09.252390+00:00", "symbol": "ETH-USD"}, {"trade_id": 667311771, "side": "sell", "size": "0.19999712", "price": "3031.32000000", "time": "2025-07-15T13:29:31.091825Z", "fetched_at": "2025-07-15T13:30:09.252390+00:00", "symbol": "ETH-USD"}, {"trade_id": 667311770, "side": "sell", "size": "0.99999784", "price": "3031.30000000", "time": "2025-07-15T13:29:31.091825Z", "fetched_at": "2025-07-15T13:30:09.252390+00:00", "symbol": "ETH-USD"}, {"trade_id": 667311769, "side": "sell", "size": "0.00250843", "price": "3030.98000000", "time": "2025-07-15T13:29:31.091825Z", "fetched_at": "2025-07-15T13:30:09.252390+00:00", "symbol": "ETH-USD"}, {"trade_id": 667311768, "side": "buy", "size": "0.08900000", "price": "3031.26000000", "time": "2025-07-15T13:29:30.691208Z", "fetched_at": "2025-07-15T13:30:09.252390+00:00", "symbol": "ETH-USD"}, {"trade_id": 667311767, "side": "sell", "size": "0.00200495", "price": "3030.98000000", "time": "2025-07-15T13:29:30.675637Z", "fetched_at": "2025-07-15T13:30:09.252390+00:00", "symbol": "ETH-USD"}, {"trade_id": 667311766, "side": "buy", "size": "0.16486769", "price": "3030.97000000", "time": "2025-07-15T13:29:30.214551Z", "fetched_at": "2025-07-15T13:30:09.252390+00:00", "symbol": "ETH-USD"}, {"trade_id": 667311765, "side": "sell", "size": "0.15003684", "price": "3031.22000000", "time": "2025-07-15T13:29:30.081008Z", "fetched_at": "2025-07-15T13:30:09.252390+00:00", "symbol": "ETH-USD"}, {"trade_id": 667311764, "side": "sell", "size": "0.32836003", "price": "3031.18000000", "time": "2025-07-15T13:29:30.081008Z", "fetched_at": "2025-07-15T13:30:09.252390+00:00", "symbol": "ETH-USD"}, {"trade_id": 667311763, "side": "sell", "size": "0.00100000", "price": "3031.17000000", "time": "2025-07-15T13:29:30.081008Z", "fetched_at": "2025-07-15T13:30:09.252390+00:00", "symbol": "ETH-USD"}, {"trade_id": 667311762, "side": "sell", "size": "1.40937959", "price": "3031.16000000", "time": "2025-07-15T13:29:30.081008Z", "fetched_at": "2025-07-15T13:30:09.252390+00:00", "symbol": "ETH-USD"}, {"trade_id": 667311761, "side": "sell", "size": "0.00100000", "price": "3030.94000000", "time": "2025-07-15T13:29:30.081008Z", "fetched_at": "2025-07-15T13:30:09.252390+00:00", "symbol": "ETH-USD"}, {"trade_id": 667311760, "side": "sell", "size": "0.37740736", "price": "3030.76000000", "time": "2025-07-15T13:29:30.081008Z", "fetched_at": "2025-07-15T13:30:09.252390+00:00", "symbol": "ETH-USD"}, {"trade_id": 667311759, "side": "sell", "size": "0.00253440", "price": "3030.75000000", "time": "2025-07-15T13:29:30.081008Z", "fetched_at": "2025-07-15T13:30:09.252390+00:00", "symbol": "ETH-USD"}, {"trade_id": 667311758, "side": "sell", "size": "0.00010335", "price": "3030.75000000", "time": "2025-07-15T13:29:30.081008Z", "fetched_at": "2025-07-15T13:30:09.252390+00:00", "symbol": "ETH-USD"}, {"trade_id": 667311757, "side": "sell", "size": "0.00413109", "price": "3030.76000000", "time": "2025-07-15T13:29:29.319897Z", "fetched_at": "2025-07-15T13:30:09.252390+00:00", "symbol": "ETH-USD"}, {"trade_id": 667311756, "side": "sell", "size": "0.00804328", "price": "3030.75000000", "time": "2025-07-15T13:29:29.319897Z", "fetched_at": "2025-07-15T13:30:09.252390+00:00", "symbol": "ETH-USD"}