[{"trade_id": 667418282, "side": "buy", "size": "0.07648226", "price": "3051.53000000", "time": "2025-07-15T16:10:47.747843Z", "fetched_at": "2025-07-15T16:10:49.621146+00:00", "symbol": "ETH-USD"}, {"trade_id": 667418281, "side": "buy", "size": "0.00086137", "price": "3051.54000000", "time": "2025-07-15T16:10:47.747843Z", "fetched_at": "2025-07-15T16:10:49.621146+00:00", "symbol": "ETH-USD"}, {"trade_id": 667418280, "side": "buy", "size": "0.01489705", "price": "3051.61000000", "time": "2025-07-15T16:10:47.747843Z", "fetched_at": "2025-07-15T16:10:49.621146+00:00", "symbol": "ETH-USD"}, {"trade_id": 667418279, "side": "buy", "size": "0.70000000", "price": "3051.61000000", "time": "2025-07-15T16:10:47.747843Z", "fetched_at": "2025-07-15T16:10:49.621146+00:00", "symbol": "ETH-USD"}, {"trade_id": 667418278, "side": "sell", "size": "0.00637529", "price": "3051.92000000", "time": "2025-07-15T16:10:45.951554Z", "fetched_at": "2025-07-15T16:10:49.621146+00:00", "symbol": "ETH-USD"}, {"trade_id": 667418277, "side": "sell", "size": "0.00318281", "price": "3051.53000000", "time": "2025-07-15T16:10:45.951554Z", "fetched_at": "2025-07-15T16:10:49.621146+00:00", "symbol": "ETH-USD"}, {"trade_id": 667418276, "side": "sell", "size": "0.16385706", "price": "3051.44000000", "time": "2025-07-15T16:10:45.146292Z", "fetched_at": "2025-07-15T16:10:49.621146+00:00", "symbol": "ETH-USD"}, {"trade_id": 667418275, "side": "sell", "size": "0.00027506", "price": "3051.43000000", "time": "2025-07-15T16:10:45.146292Z", "fetched_at": "2025-07-15T16:10:49.621146+00:00", "symbol": "ETH-USD"}, {"trade_id": 667418274, "side": "sell", "size": "0.49999836", "price": "3051.43000000", "time": "2025-07-15T16:10:45.111777Z", "fetched_at": "2025-07-15T16:10:49.621146+00:00", "symbol": "ETH-USD"}, {"trade_id": 667418273, "side": "sell", "size": "0.06531046", "price": "3051.43000000", "time": "2025-07-15T16:10:44.909442Z", "fetched_at": "2025-07-15T16:10:49.621146+00:00", "symbol": "ETH-USD"}, {"trade_id": 667418272, "side": "sell", "size": "0.00309975", "price": "3051.46000000", "time": "2025-07-15T16:10:44.048623Z", "fetched_at": "2025-07-15T16:10:49.621146+00:00", "symbol": "ETH-USD"}, {"trade_id": 667418271, "side": "sell", "size": "0.03913000", "price": "3051.44000000", "time": "2025-07-15T16:10:43.747201Z", "fetched_at": "2025-07-15T16:10:49.621146+00:00", "symbol": "ETH-USD"}, {"trade_id": 667418270, "side": "buy", "size": "0.01941041", "price": "3051.97000000", "time": "2025-07-15T16:10:43.665133Z", "fetched_at": "2025-07-15T16:10:49.621146+00:00", "symbol": "ETH-USD"}, {"trade_id": 667418269, "side": "buy", "size": "1.20000000", "price": "3051.97000000", "time": "2025-07-15T16:10:43.665133Z", "fetched_at": "2025-07-15T16:10:49.621146+00:00", "symbol": "ETH-USD"}, {"trade_id": 667418268, "side": "buy", "size": "0.01576358", "price": "3051.97000000", "time": "2025-07-15T16:10:43.665133Z", "fetched_at": "2025-07-15T16:10:49.621146+00:00", "symbol": "ETH-USD"}, {"trade_id": 667418267, "side": "buy", "size": "0.03684833", "price": "3051.97000000", "time": "2025-07-15T16:10:43.665133Z", "fetched_at": "2025-07-15T16:10:49.621146+00:00", "symbol": "ETH-USD"}, {"trade_id": 667418266, "side": "buy", "size": "0.00001965", "price": "3051.97000000", "time": "2025-07-15T16:10:43.665133Z", "fetched_at": "2025-07-15T16:10:49.621146+00:00", "symbol": "ETH-USD"}, {"trade_id": 667418265, "side": "sell", "size": "0.00310579", "price": "3051.98000000", "time": "2025-07-15T16:10:42.653213Z", "fetched_at": "2025-07-15T16:10:49.621146+00:00", "symbol": "ETH-USD"}, {"trade_id": 667418264, "side": "sell", "size": "0.02580326", "price": "3051.98000000", "time": "2025-07-15T16:10:42.639690Z", "fetched_at": "2025-07-15T16:10:49.621146+00:00", "symbol": "ETH-USD"}, {"trade_id": 667418263, "side": "buy", "size": "0.80000000", "price": "3052.02000000", "time": "2025-07-15T16:10:42.117624Z", "fetched_at": "2025-07-15T16:10:49.621146+00:00", "symbol": "ETH-USD"}, {"trade_id": 667418262, "side": "buy", "size": "0.00065568", "price": "3051.97000000", "time": "2025-07-15T16:10:41.135090Z", "fetched_at": "2025-07-15T16:10:49.621146+00:00", "symbol": "ETH-USD"}, {"trade_id": 667418261, "side": "buy", "size": "0.00656063", "price": "3051.84000000", "time": "2025-07-15T16:10:40.666840Z", "fetched_at": "2025-07-15T16:10:49.621146+00:00", "symbol": "ETH-USD"}, {"trade_id": 667418260, "side": "buy", "size": "0.00073370", "price": "3051.85000000", "time": "2025-07-15T16:10:40.666840Z", "fetched_at": "2025-07-15T16:10:49.621146+00:00", "symbol": "ETH-USD"}, {"trade_id": 667418259, "side": "sell", "size": "0.00576782", "price": "3051.87000000", "time": "2025-07-15T16:10:40.557025Z", "fetched_at": "2025-07-15T16:10:49.621146+00:00", "symbol": "ETH-USD"}, {"trade_id": 667418258, "side": "sell", "size": "0.00100000", "price": "3051.87000000", "time": "2025-07-15T16:10:40.557025Z", "fetched_at": "2025-07-15T16:10:49.621146+00:00", "symbol": "ETH-USD"}, {"trade_id": 667418257, "side": "buy", "size": "0.01661000", "price": "3051.84000000", "time": "2025-07-15T16:10:40.386011Z", "fetched_at": "2025-07-15T16:10:49.621146+00:00", "symbol": "ETH-USD"}, {"trade_id": 667418256, "side": "sell", "size": "0.12058799", "price": "3051.85000000", "time": "2025-07-15T16:10:40.376369Z", "fetched_at": "2025-07-15T16:10:49.621146+00:00", "symbol": "ETH-USD"}, {"trade_id": 667418255, "side": "sell", "size": "0.37788095", "price": "3051.72000000", "time": "2025-07-15T16:10:40.376369Z", "fetched_at": "2025-07-15T16:10:49.621146+00:00", "symbol": "ETH-USD"}, {"trade_id": 667418254, "side": "sell", "size": "0.00100000", "price": "3051.64000000", "time": "2025-07-15T16:10:40.369522Z", "fetched_at": "2025-07-15T16:10:49.621146+00:00", "symbol": "ETH-USD"}, {"trade_id": 667418253, "side": "sell", "size": "0.00021279", "price": "3051.41000000", "time": "2025-07-15T16:10:40.365666Z", "fetched_at": "2025-07-15T16:10:49.621146+00:00", "symbol": "ETH-USD"}, {"trade_id": 667418252, "side": "sell", "size": "0.00280028", "price": "3051.41000000", "time": "2025-07-15T16:10:40.365364Z", "fetched_at": "2025-07-15T16:10:49.621146+00:00", "symbol": "ETH-USD"}, {"trade_id": 667418251, "side": "sell", "size": "0.00010334", "price": "3051.41000000", "time": "2025-07-15T16:10:40.365364Z", "fetched_at": "2025-07-15T16:10:49.621146+00:00", "symbol": "ETH-USD"}, {"trade_id": 667418250, "side": "sell", "size": "0.00027514", "price": "3051.41000000", "time": "2025-07-15T16:10:40.365364Z", "fetched_at": "2025-07-15T16:10:49.621146+00:00", "symbol": "ETH-USD"}, {"trade_id": 667418249, "side": "sell", "size": "0.00995070", "price": "3051.41000000", "time": "2025-07-15T16:10:40.365364Z", "fetched_at": "2025-07-15T16:10:49.621146+00:00", "symbol": "ETH-USD"}, {"trade_id": 667418248, "side": "sell", "size": "0.00087054", "price": "3051.41000000", "time": "2025-07-15T16:10:40.365364Z", "fetched_at": "2025-07-15T16:10:49.621146+00:00", "symbol": "ETH-USD"}, {"trade_id": 667418247, "side": "sell", "size": "0.00012946", "price": "3051.41000000", "time": "2025-07-15T16:10:39.636356Z", "fetched_at": "2025-07-15T16:10:49.621146+00:00", "symbol": "ETH-USD"}, {"trade_id": 667418246, "side": "buy", "size": "0.01661000", "price": "3051.35000000", "time": "2025-07-15T16:10:38.620213Z", "fetched_at": "2025-07-15T16:10:49.621146+00:00", "symbol": "ETH-USD"}, {"trade_id": 667418245, "side": "sell", "size": "0.00007501", "price": "3050.84000000", "time": "2025-07-15T16:10:38.606377Z", "fetched_at": "2025-07-15T16:10:49.621146+00:00", "symbol": "ETH-USD"}, {"trade_id": 667418244, "side": "sell", "size": "0.00303079", "price": "3050.84000000", "time": "2025-07-15T16:10:38.606377Z", "fetched_at": "2025-07-15T16:10:49.621146+00:00", "symbol": "ETH-USD"}, {"trade_id": 667418243, "side": "sell", "size": "0.00028117", "price": "3050.84000000", "time": "2025-07-15T16:10:38.606377Z", "fetched_at": "2025-07-15T16:10:49.621146+00:00", "symbol": "ETH-USD"}, {"trade_id": 667418242, "side": "sell", "size": "0.00210545", "price": "3050.84000000", "time": "2025-07-15T16:10:38.606377Z", "fetched_at": "2025-07-15T16:10:49.621146+00:00", "symbol": "ETH-USD"}, {"trade_id": 667418241, "side": "sell", "size": "0.00655793", "price": "3050.84000000", "time": "2025-07-15T16:10:38.606377Z", "fetched_at": "2025-07-15T16:10:49.621146+00:00", "symbol": "ETH-USD"}, {"trade_id": 667418240, "side": "buy", "size": "0.16552504", "price": "3050.83000000", "time": "2025-07-15T16:10:38.066680Z", "fetched_at": "2025-07-15T16:10:49.621146+00:00", "symbol": "ETH-USD"}, {"trade_id": 667418239, "side": "buy", "size": "0.01810970", "price": "3050.83000000", "time": "2025-07-15T16:10:37.892477Z", "fetched_at": "2025-07-15T16:10:49.621146+00:00", "symbol": "ETH-USD"}, {"trade_id": 667418238, "side": "buy", "size": "0.03182740", "price": "3050.83000000", "time": "2025-07-15T16:10:37.892477Z", "fetched_at": "2025-07-15T16:10:49.621146+00:00", "symbol": "ETH-USD"}, {"trade_id": 667418237, "side": "buy", "size": "0.00002950", "price": "3050.83000000", "time": "2025-07-15T16:10:37.892477Z", "fetched_at": "2025-07-15T16:10:49.621146+00:00", "symbol": "ETH-USD"}, {"trade_id": 667418236, "side": "buy", "size": "0.00002950", "price": "3050.83000000", "time": "2025-07-15T16:10:37.892477Z", "fetched_at": "2025-07-15T16:10:49.621146+00:00", "symbol": "ETH-USD"}, {"trade_id": 667418235, "side": "buy", "size": "0.00000390", "price": "3050.83000000", "time": "2025-07-15T16:10:37.892477Z", "fetched_at": "2025-07-15T16:10:49.621146+00:00", "symbol": "ETH-USD"}, {"trade_id": 667418234, "side": "sell", "size": "0.00015466", "price": "3050.84000000", "time": "2025-07-15T16:10:36.824544Z", "fetched_at": "2025-07-15T16:10:49.621146+00:00", "symbol": "ETH-USD"}, {"trade_id": 667418233, "side": "sell", "size": "0.00302970", "price": "3050.84000000", "time": "2025-07-15T16:10:36.824544Z", "fetched_at": "2025-07-15T16:10:49.621146+00:00", "symbol": "ETH-USD"}, {"trade_id": 667418232, "side": "sell", "size": "0.33878935", "price": "3051.15000000", "time": "2025-07-15T16:10:35.815374Z", "fetched_at": "2025-07-15T16:10:49.621146+00:00", "symbol": "ETH-USD"}, {"trade_id": 667418231, "side": "sell", "size": "0.16388373", "price": "3050.95000000", "time": "2025-07-15T16:10:35.815374Z", "fetched_at": "2025-07-15T16:10:49.621146+00:00", "symbol": "ETH-USD"}, {"trade_id": 667418230, "side": "sell", "size": "0.81942037", "price": "3050.94000000", "time": "2025-07-15T16:10:35.815374Z", "fetched_at": "2025-07-15T16:10:49.621146+00:00", "symbol": "ETH-USD"}, {"trade_id": 667418229, "side": "sell", "size": "0.16876000", "price": "3050.84000000", "time": "2025-07-15T16:10:35.815374Z", "fetched_at": "2025-07-15T16:10:49.621146+00:00", "symbol": "ETH-USD"}, {"trade_id": 667418228, "side": "sell", "size": "0.00504004", "price": "3050.84000000", "time": "2025-07-15T16:10:35.815374Z", "fetched_at": "2025-07-15T16:10:49.621146+00:00", "symbol": "ETH-USD"}, {"trade_id": 667418227, "side": "sell", "size": "0.00010335", "price": "3050.84000000", "time": "2025-07-15T16:10:35.815374Z", "fetched_at": "2025-07-15T16:10:49.621146+00:00", "symbol": "ETH-USD"}, {"trade_id": 667418226, "side": "sell", "size": "0.00027507", "price": "3050.84000000", "time": "2025-07-15T16:10:35.815374Z", "fetched_at": "2025-07-15T16:10:49.621146+00:00", "symbol": "ETH-USD"}, {"trade_id": 667418225, "side": "sell", "size": "0.50076643", "price": "3050.84000000", "time": "2025-07-15T16:10:35.815374Z", "fetched_at": "2025-07-15T16:10:49.621146+00:00", "symbol": "ETH-USD"}, {"trade_id": 667418224, "side": "sell", "size": "0.00308457", "price": "3050.84000000", "time": "2025-07-15T16:10:35.815374Z", "fetched_at": "2025-07-15T16:10:49.621146+00:00", "symbol": "ETH-USD"}, {"trade_id": 667418223, "side": "buy", "size": "0.01552629", "price": "3050.83000000", "time": "2025-07-15T16:10:35.730406Z", "fetched_at": "2025-07-15T16:10:49.621146+00:00", "symbol": "ETH-USD"}, {"trade_id": 667418222, "side": "buy", "size": "0.04778371", "price": "3050.83000000", "time": "2025-07-15T16:10:35.730406Z", "fetched_at": "2025-07-15T16:10:49.621146+00:00", "symbol": "ETH-USD"}, {"trade_id": 667418221, "side": "buy", "size": "0.01661000", "price": "3050.78000000", "time": "2025-07-15T16:10:34.423072Z", "fetched_at": "2025-07-15T16:10:49.621146+00:00", "symbol": "ETH-USD"}, {"trade_id": 667418220, "side": "sell", "size": "0.11109760", "price": "3051.18000000", "time": "2025-07-15T16:10:34.408031Z", "fetched_at": "2025-07-15T16:10:49.621146+00:00", "symbol": "ETH-USD"}, {"trade_id": 667418219, "side": "sell", "size": "0.00100000", "price": "3051.18000000", "time": "2025-07-15T16:10:34.408031Z", "fetched_at": "2025-07-15T16:10:49.621146+00:00", "symbol": "ETH-USD"}, {"trade_id": 667418218, "side": "sell", "size": "0.72856000", "price": "3051.07000000", "time": "2025-07-15T16:10:34.408031Z", "fetched_at": "2025-07-15T16:10:49.621146+00:00", "symbol": "ETH-USD"}, {"trade_id": 667418217, "side": "sell", "size": "0.00100000", "price": "3050.95000000", "time": "2025-07-15T16:10:34.408031Z", "fetched_at": "2025-07-15T16:10:49.621146+00:00", "symbol": "ETH-USD"}, {"trade_id": 667418216, "side": "sell", "size": "0.43938453", "price": "3050.92000000", "time": "2025-07-15T16:10:34.408031Z", "fetched_at": "2025-07-15T16:10:49.621146+00:00", "symbol": "ETH-USD"}, {"trade_id": 667418215, "side": "sell", "size": "0.38351936", "price": "3050.85000000", "time": "2025-07-15T16:10:34.408031Z", "fetched_at": "2025-07-15T16:10:49.621146+00:00", "symbol": "ETH-USD"}, {"trade_id": 667418214, "side": "sell", "size": "0.00010334", "price": "3050.79000000", "time": "2025-07-15T16:10:34.408031Z", "fetched_at": "2025-07-15T16:10:49.621146+00:00", "symbol": "ETH-USD"}, {"trade_id": 667418213, "side": "sell", "size": "0.00027508", "price": "3050.79000000", "time": "2025-07-15T16:10:34.408031Z", "fetched_at": "2025-07-15T16:10:49.621146+00:00", "symbol": "ETH-USD"}, {"trade_id": 667418212, "side": "sell", "size": "0.00308457", "price": "3050.72000000", "time": "2025-07-15T16:10:34.408031Z", "fetched_at": "2025-07-15T16:10:49.621146+00:00", "symbol": "ETH-USD"}, {"trade_id": 667418211, "side": "sell", "size": "0.00159838", "price": "3050.67000000", "time": "2025-07-15T16:10:34.408031Z", "fetched_at": "2025-07-15T16:10:49.621146+00:00", "symbol": "ETH-USD"}, {"trade_id": 667418210, "side": "sell", "size": "0.00003677", "price": "3050.67000000", "time": "2025-07-15T16:10:34.408031Z", "fetched_at": "2025-07-15T16:10:49.621146+00:00", "symbol": "ETH-USD"}, {"trade_id": 667418209, "side": "sell", "size": "0.00100000", "price": "3050.49000000", "time": "2025-07-15T16:10:34.408031Z", "fetched_at": "2025-07-15T16:10:49.621146+00:00", "symbol": "ETH-USD"}, {"trade_id": 667418208, "side": "sell", "size": "0.00779302", "price": "3050.29000000", "time": "2025-07-15T16:10:34.407674Z", "fetched_at": "2025-07-15T16:10:49.621146+00:00", "symbol": "ETH-USD"}, {"trade_id": 667418207, "side": "sell", "size": "0.00628493", "price": "3050.29000000", "time": "2025-07-15T16:10:34.286716Z", "fetched_at": "2025-07-15T16:10:49.621146+00:00", "symbol": "ETH-USD"}, {"trade_id": 667418206, "side": "sell", "size": "0.00019888", "price": "3050.29000000", "time": "2025-07-15T16:10:34.286716Z", "fetched_at": "2025-07-15T16:10:49.621146+00:00", "symbol": "ETH-USD"}, {"trade_id": 667418205, "side": "buy", "size": "0.12949067", "price": "3049.76000000", "time": "2025-07-15T16:10:33.745405Z", "fetched_at": "2025-07-15T16:10:49.621146+00:00", "symbol": "ETH-USD"}, {"trade_id": 667418204, "side": "buy", "size": "0.00050933", "price": "3049.83000000", "time": "2025-07-15T16:10:33.745405Z", "fetched_at": "2025-07-15T16:10:49.621146+00:00", "symbol": "ETH-USD"}, {"trade_id": 667418203, "side": "buy", "size": "0.00049885", "price": "3050.28000000", "time": "2025-07-15T16:10:33.616039Z", "fetched_at": "2025-07-15T16:10:49.621146+00:00", "symbol": "ETH-USD"}, {"trade_id": 667418202, "side": "buy", "size": "0.01699843", "price": "3050.28000000", "time": "2025-07-15T16:10:33.616039Z", "fetched_at": "2025-07-15T16:10:49.621146+00:00", "symbol": "ETH-USD"}, {"trade_id": 667418201, "side": "buy", "size": "0.00630106", "price": "3050.28000000", "time": "2025-07-15T16:10:33.616039Z", "fetched_at": "2025-07-15T16:10:49.621146+00:00", "symbol": "ETH-USD"}, {"trade_id": 667418200, "side": "buy", "size": "0.01790943", "price": "3050.28000000", "time": "2025-07-15T16:10:33.616039Z", "fetched_at": "2025-07-15T16:10:49.621146+00:00", "symbol": "ETH-USD"}, {"trade_id": 667418199, "side": "sell", "size": "0.00155287", "price": "3050.29000000", "time": "2025-07-15T16:10:33.240779Z", "fetched_at": "2025-07-15T16:10:49.621146+00:00", "symbol": "ETH-USD"}, {"trade_id": 667418198, "side": "buy", "size": "0.00162218", "price": "3050.28000000", "time": "2025-07-15T16:10:33.118949Z", "fetched_at": "2025-07-15T16:10:49.621146+00:00", "symbol": "ETH-USD"}, {"trade_id": 667418197, "side": "buy", "size": "0.00479402", "price": "3050.28000000", "time": "2025-07-15T16:10:32.814113Z", "fetched_at": "2025-07-15T16:10:49.621146+00:00", "symbol": "ETH-USD"}, {"trade_id": 667418196, "side": "buy", "size": "0.00083050", "price": "3050.66000000", "time": "2025-07-15T16:10:31.989256Z", "fetched_at": "2025-07-15T16:10:49.621146+00:00", "symbol": "ETH-USD"}, {"trade_id": 667418195, "side": "buy", "size": "0.00001967", "price": "3050.55000000", "time": "2025-07-15T16:10:31.676903Z", "fetched_at": "2025-07-15T16:10:49.621146+00:00", "symbol": "ETH-USD"}, {"trade_id": 667418194, "side": "sell", "size": "0.33773334", "price": "3050.60000000", "time": "2025-07-15T16:10:31.627507Z", "fetched_at": "2025-07-15T16:10:49.621146+00:00", "symbol": "ETH-USD"}, {"trade_id": 667418193, "side": "sell", "size": "0.56137387", "price": "3050.67000000", "time": "2025-07-15T16:10:31.614398Z", "fetched_at": "2025-07-15T16:10:49.621146+00:00", "symbol": "ETH-USD"}, {"trade_id": 667418192, "side": "sell", "size": "0.07377697", "price": "3050.66000000", "time": "2025-07-15T16:10:31.614398Z", "fetched_at": "2025-07-15T16:10:49.621146+00:00", "symbol": "ETH-USD"}, {"trade_id": 667418191, "side": "sell", "size": "0.00311018", "price": "3050.45000000", "time": "2025-07-15T16:10:31.614398Z", "fetched_at": "2025-07-15T16:10:49.621146+00:00", "symbol": "ETH-USD"}, {"trade_id": 667418190, "side": "sell", "size": "0.80808265", "price": "3050.60000000", "time": "2025-07-15T16:10:31.593489Z", "fetched_at": "2025-07-15T16:10:49.621146+00:00", "symbol": "ETH-USD"}, {"trade_id": 667418189, "side": "sell", "size": "0.81952703", "price": "3050.54000000", "time": "2025-07-15T16:10:31.593489Z", "fetched_at": "2025-07-15T16:10:49.621146+00:00", "symbol": "ETH-USD"}, {"trade_id": 667418188, "side": "sell", "size": "0.81952972", "price": "3050.53000000", "time": "2025-07-15T16:10:31.593489Z", "fetched_at": "2025-07-15T16:10:49.621146+00:00", "symbol": "ETH-USD"}, {"trade_id": 667418187, "side": "sell", "size": "2.10650000", "price": "3050.46000000", "time": "2025-07-15T16:10:31.593489Z", "fetched_at": "2025-07-15T16:10:49.621146+00:00", "symbol": "ETH-USD"}, {"trade_id": 667418186, "side": "sell", "size": "0.00311018", "price": "3050.45000000", "time": "2025-07-15T16:10:31.593489Z", "fetched_at": "2025-07-15T16:10:49.621146+00:00", "symbol": "ETH-USD"}, {"trade_id": 667418185, "side": "sell", "size": "0.16391735", "price": "3050.32000000", "time": "2025-07-15T16:10:31.593489Z", "fetched_at": "2025-07-15T16:10:49.621146+00:00", "symbol": "ETH-USD"}, {"trade_id": 667418184, "side": "sell", "size": "1.94473043", "price": "3050.30000000", "time": "2025-07-15T16:10:31.592895Z", "fetched_at": "2025-07-15T16:10:49.621146+00:00", "symbol": "ETH-USD"}, {"trade_id": 667418183, "side": "sell", "size": "0.16176957", "price": "3050.30000000", "time": "2025-07-15T16:10:31.592680Z", "fetched_at": "2025-07-15T16:10:49.621146+00:00", "symbol": "ETH-USD"}, {"trade_id": 667418182, "side": "sell", "size": "0.00024002", "price": "3050.29000000", "time": "2025-07-15T16:10:31.592680Z", "fetched_at": "2025-07-15T16:10:49.621146+00:00", "symbol": "ETH-USD"}, {"trade_id": 667418181, "side": "sell", "size": "0.00005589", "price": "3050.29000000", "time": "2025-07-15T16:10:31.592680Z", "fetched_at": "2025-07-15T16:10:49.621146+00:00", "symbol": "ETH-USD"}, {"trade_id": 667418180, "side": "sell", "size": "0.00185187", "price": "3050.29000000", "time": "2025-07-15T16:10:31.592680Z", "fetched_at": "2025-07-15T16:10:49.621146+00:00", "symbol": "ETH-USD"}, {"trade_id": 667418179, "side": "sell", "size": "0.00045730", "price": "3049.82000000", "time": "2025-07-15T16:10:30.817309Z", "fetched_at": "2025-07-15T16:10:49.621146+00:00", "symbol": "ETH-USD"}, {"trade_id": 667418178, "side": "sell", "size": "0.13650000", "price": "3049.82000000", "time": "2025-07-15T16:10:30.817309Z", "fetched_at": "2025-07-15T16:10:49.621146+00:00", "symbol": "ETH-USD"}, {"trade_id": 667418177, "side": "buy", "size": "0.00000655", "price": "3050.43000000", "time": "2025-07-15T16:10:30.744720Z", "fetched_at": "2025-07-15T16:10:49.621146+00:00", "symbol": "ETH-USD"}, {"trade_id": 667418176, "side": "buy", "size": "0.00084177", "price": "3050.54000000", "time": "2025-07-15T16:10:30.744720Z", "fetched_at": "2025-07-15T16:10:49.621146+00:00", "symbol": "ETH-USD"}, {"trade_id": 667418175, "side": "buy", "size": "0.00083453", "price": "3050.54000000", "time": "2025-07-15T16:10:30.728485Z", "fetched_at": "2025-07-15T16:10:49.621146+00:00", "symbol": "ETH-USD"}, {"trade_id": 667418174, "side": "buy", "size": "0.01629547", "price": "3050.54000000", "time": "2025-07-15T16:10:30.728485Z", "fetched_at": "2025-07-15T16:10:49.621146+00:00", "symbol": "ETH-USD"}, {"trade_id": 667418173, "side": "buy", "size": "0.75646252", "price": "3050.57000000", "time": "2025-07-15T16:10:30.523044Z", "fetched_at": "2025-07-15T16:10:49.621146+00:00", "symbol": "ETH-USD"}, {"trade_id": 667418172, "side": "buy", "size": "0.00085472", "price": "3050.60000000", "time": "2025-07-15T16:10:30.523044Z", "fetched_at": "2025-07-15T16:10:49.621146+00:00", "symbol": "ETH-USD"}, {"trade_id": 667418171, "side": "sell", "size": "0.00020000", "price": "3050.53000000", "time": "2025-07-15T16:10:30.092188Z", "fetched_at": "2025-07-15T16:10:49.621146+00:00", "symbol": "ETH-USD"}, {"trade_id": 667418170, "side": "sell", "size": "0.00011901", "price": "3050.44000000", "time": "2025-07-15T16:10:30.084438Z", "fetched_at": "2025-07-15T16:10:49.621146+00:00", "symbol": "ETH-USD"}, {"trade_id": 667418169, "side": "sell", "size": "0.00068594", "price": "3050.44000000", "time": "2025-07-15T16:10:30.084438Z", "fetched_at": "2025-07-15T16:10:49.621146+00:00", "symbol": "ETH-USD"}, {"trade_id": 667418168, "side": "sell", "size": "0.00024006", "price": "3050.44000000", "time": "2025-07-15T16:10:30.084438Z", "fetched_at": "2025-07-15T16:10:49.621146+00:00", "symbol": "ETH-USD"}, {"trade_id": 667418167, "side": "sell", "size": "0.00370405", "price": "3050.44000000", "time": "2025-07-15T16:10:30.084438Z", "fetched_at": "2025-07-15T16:10:49.621146+00:00", "symbol": "ETH-USD"}, {"trade_id": 667418166, "side": "sell", "size": "0.13650000", "price": "3050.16000000", "time": "2025-07-15T16:10:29.177164Z", "fetched_at": "2025-07-15T16:10:49.621146+00:00", "symbol": "ETH-USD"}, {"trade_id": 667418165, "side": "buy", "size": "4.90696499", "price": "3049.70000000", "time": "2025-07-15T16:10:29.132872Z", "fetched_at": "2025-07-15T16:10:49.621146+00:00", "symbol": "ETH-USD"}, {"trade_id": 667418164, "side": "buy", "size": "1.33702507", "price": "3049.73000000", "time": "2025-07-15T16:10:29.132872Z", "fetched_at": "2025-07-15T16:10:49.621146+00:00", "symbol": "ETH-USD"}, {"trade_id": 667418163, "side": "buy", "size": "0.97200000", "price": "3049.73000000", "time": "2025-07-15T16:10:29.132872Z", "fetched_at": "2025-07-15T16:10:49.621146+00:00", "symbol": "ETH-USD"}, {"trade_id": 667418162, "side": "buy", "size": "1.68038051", "price": "3049.75000000", "time": "2025-07-15T16:10:29.132872Z", "fetched_at": "2025-07-15T16:10:49.621146+00:00", "symbol": "ETH-USD"}, {"trade_id": 667418161, "side": "buy", "size": "0.00724896", "price": "3049.76000000", "time": "2025-07-15T16:10:29.132872Z", "fetched_at": "2025-07-15T16:10:49.621146+00:00", "symbol": "ETH-USD"}, {"trade_id": 667418160, "side": "buy", "size": "0.81973106", "price": "3049.78000000", "time": "2025-07-15T16:10:29.132872Z", "fetched_at": "2025-07-15T16:10:49.621146+00:00", "symbol": "ETH-USD"}, {"trade_id": 667418159, "side": "buy", "size": "0.00100000", "price": "3049.80000000", "time": "2025-07-15T16:10:29.132872Z", "fetched_at": "2025-07-15T16:10:49.621146+00:00", "symbol": "ETH-USD"}, {"trade_id": 667418158, "side": "buy", "size": "0.16393312", "price": "3050.02000000", "time": "2025-07-15T16:10:29.132872Z", "fetched_at": "2025-07-15T16:10:49.621146+00:00", "symbol": "ETH-USD"}, {"trade_id": 667418157, "side": "buy", "size": "0.00100000", "price": "3050.03000000", "time": "2025-07-15T16:10:29.132872Z", "fetched_at": "2025-07-15T16:10:49.621146+00:00", "symbol": "ETH-USD"}, {"trade_id": 667418156, "side": "buy", "size": "1.62611599", "price": "3050.04000000", "time": "2025-07-15T16:10:29.132872Z", "fetched_at": "2025-07-15T16:10:49.621146+00:00", "symbol": "ETH-USD"}, {"trade_id": 667418155, "side": "buy", "size": "1.33256876", "price": "3050.05000000", "time": "2025-07-15T16:10:29.132872Z", "fetched_at": "2025-07-15T16:10:49.621146+00:00", "symbol": "ETH-USD"}, {"trade_id": 667418154, "side": "buy", "size": "0.97200000", "price": "3050.05000000", "time": "2025-07-15T16:10:29.132872Z", "fetched_at": "2025-07-15T16:10:49.621146+00:00", "symbol": "ETH-USD"}, {"trade_id": 667418153, "side": "buy", "size": "0.57865075", "price": "3050.12000000", "time": "2025-07-15T16:10:29.132872Z", "fetched_at": "2025-07-15T16:10:49.621146+00:00", "symbol": "ETH-USD"}, {"trade_id": 667418152, "side": "buy", "size": "1.30000000", "price": "3050.13000000", "time": "2025-07-15T16:10:29.132872Z", "fetched_at": "2025-07-15T16:10:49.621146+00:00", "symbol": "ETH-USD"}, {"trade_id": 667418151, "side": "buy", "size": "0.00500290", "price": "3050.23000000", "time": "2025-07-15T16:10:29.132872Z", "fetched_at": "2025-07-15T16:10:49.621146+00:00", "symbol": "ETH-USD"}, {"trade_id": 667418150, "side": "buy", "size": "0.00175068", "price": "3050.23000000", "time": "2025-07-15T16:10:29.132872Z", "fetched_at": "2025-07-15T16:10:49.621146+00:00", "symbol": "ETH-USD"}, {"trade_id": 667418149, "side": "buy", "size": "0.35163133", "price": "3050.34000000", "time": "2025-07-15T16:10:29.132872Z", "fetched_at": "2025-07-15T16:10:49.621146+00:00", "symbol": "ETH-USD"}, {"trade_id": 667418148, "side": "buy", "size": "0.03149064", "price": "3050.43000000", "time": "2025-07-15T16:10:29.132872Z", "fetched_at": "2025-07-15T16:10:49.621146+00:00", "symbol": "ETH-USD"}, {"trade_id": 667418147, "side": "buy", "size": "0.96304311", "price": "3050.43000000", "time": "2025-07-15T16:10:29.132872Z", "fetched_at": "2025-07-15T16:10:49.621146+00:00", "symbol": "ETH-USD"}, {"trade_id": 667418146, "side": "buy", "size": "0.23695689", "price": "3050.43000000", "time": "2025-07-15T16:10:27.242675Z", "fetched_at": "2025-07-15T16:10:49.621146+00:00", "symbol": "ETH-USD"}, {"trade_id": 667418145, "side": "buy", "size": "0.02269084", "price": "3050.57000000", "time": "2025-07-15T16:10:27.242675Z", "fetched_at": "2025-07-15T16:10:49.621146+00:00", "symbol": "ETH-USD"}, {"trade_id": 667418144, "side": "buy", "size": "0.00035227", "price": "3050.57000000", "time": "2025-07-15T16:10:27.242675Z", "fetched_at": "2025-07-15T16:10:49.621146+00:00", "symbol": "ETH-USD"}, {"trade_id": 667418143, "side": "sell", "size": "0.05000000", "price": "3050.58000000", "time": "2025-07-15T16:10:27.149117Z", "fetched_at": "2025-07-15T16:10:49.621146+00:00", "symbol": "ETH-USD"}, {"trade_id": 667418142, "side": "sell", "size": "0.00636142", "price": "3050.58000000", "time": "2025-07-15T16:10:26.825505Z", "fetched_at": "2025-07-15T16:10:49.621146+00:00", "symbol": "ETH-USD"}, {"trade_id": 667418141, "side": "buy", "size": "0.02755987", "price": "3050.57000000", "time": "2025-07-15T16:10:26.293959Z", "fetched_at": "2025-07-15T16:10:49.621146+00:00", "symbol": "ETH-USD"}, {"trade_id": 667418140, "side": "buy", "size": "0.00034925", "price": "3050.57000000", "time": "2025-07-15T16:10:26.293959Z", "fetched_at": "2025-07-15T16:10:49.621146+00:00", "symbol": "ETH-USD"}, {"trade_id": 667418139, "side": "sell", "size": "0.00324171", "price": "3050.58000000", "time": "2025-07-15T16:10:26.097618Z", "fetched_at": "2025-07-15T16:10:49.621146+00:00", "symbol": "ETH-USD"}, {"trade_id": 667418138, "side": "sell", "size": "0.48105794", "price": "3050.76000000", "time": "2025-07-15T16:10:25.952500Z", "fetched_at": "2025-07-15T16:10:49.621146+00:00", "symbol": "ETH-USD"}, {"trade_id": 667418137, "side": "sell", "size": "0.04715878", "price": "3050.73000000", "time": "2025-07-15T16:10:25.952500Z", "fetched_at": "2025-07-15T16:10:49.621146+00:00", "symbol": "ETH-USD"}, {"trade_id": 667418136, "side": "sell", "size": "0.00327803", "price": "3050.72000000", "time": "2025-07-15T16:10:25.952500Z", "fetched_at": "2025-07-15T16:10:49.621146+00:00", "symbol": "ETH-USD"}, {"trade_id": 667418135, "side": "sell", "size": "0.00010335", "price": "3050.53000000", "time": "2025-07-15T16:10:25.952500Z", "fetched_at": "2025-07-15T16:10:49.621146+00:00", "symbol": "ETH-USD"}, {"trade_id": 667418134, "side": "sell", "size": "0.50721124", "price": "3050.53000000", "time": "2025-07-15T16:10:25.952500Z", "fetched_at": "2025-07-15T16:10:49.621146+00:00", "symbol": "ETH-USD"}, {"trade_id": 667418133, "side": "sell", "size": "0.00027511", "price": "3050.53000000", "time": "2025-07-15T16:10:25.952500Z", "fetched_at": "2025-07-15T16:10:49.621146+00:00", "symbol": "ETH-USD"}, {"trade_id": 667418132, "side": "sell", "size": "0.54959001", "price": "3050.44000000", "time": "2025-07-15T16:10:25.947180Z", "fetched_at": "2025-07-15T16:10:49.621146+00:00", "symbol": "ETH-USD"}, {"trade_id": 667418131, "side": "sell", "size": "0.01287000", "price": "3050.44000000", "time": "2025-07-15T16:10:25.943185Z", "fetched_at": "2025-07-15T16:10:49.621146+00:00", "symbol": "ETH-USD"}, {"trade_id": 667418130, "side": "sell", "size": "0.01661000", "price": "3050.44000000", "time": "2025-07-15T16:10:25.943029Z", "fetched_at": "2025-07-15T16:10:49.621146+00:00", "symbol": "ETH-USD"}, {"trade_id": 667418129, "side": "sell", "size": "0.01661000", "price": "3050.44000000", "time": "2025-07-15T16:10:25.942747Z", "fetched_at": "2025-07-15T16:10:49.621146+00:00", "symbol": "ETH-USD"}, {"trade_id": 667418128, "side": "sell", "size": "0.02975270", "price": "3050.53000000", "time": "2025-07-15T16:10:25.145105Z", "fetched_at": "2025-07-15T16:10:49.621146+00:00", "symbol": "ETH-USD"}, {"trade_id": 667418127, "side": "sell", "size": "0.01661000", "price": "3050.43000000", "time": "2025-07-15T16:10:24.833127Z", "fetched_at": "2025-07-15T16:10:49.621146+00:00", "symbol": "ETH-USD"}, {"trade_id": 667418126, "side": "sell", "size": "0.54932573", "price": "3050.24000000", "time": "2025-07-15T16:10:24.831365Z", "fetched_at": "2025-07-15T16:10:49.621146+00:00", "symbol": "ETH-USD"}, {"trade_id": 667418125, "side": "sell", "size": "0.00795428", "price": "3050.24000000", "time": "2025-07-15T16:10:24.820407Z", "fetched_at": "2025-07-15T16:10:49.621146+00:00", "symbol": "ETH-USD"}, {"trade_id": 667418124, "side": "sell", "size": "0.12000000", "price": "3050.24000000", "time": "2025-07-15T16:10:24.748582Z", "fetched_at": "2025-07-15T16:10:49.621146+00:00", "symbol": "ETH-USD"}, {"trade_id": 667418123, "side": "buy", "size": "0.04382004", "price": "3050.31000000", "time": "2025-07-15T16:10:23.888825Z", "fetched_at": "2025-07-15T16:10:49.621146+00:00", "symbol": "ETH-USD"}, {"trade_id": 667418122, "side": "buy", "size": "0.00100000", "price": "3050.49000000", "time": "2025-07-15T16:10:23.888825Z", "fetched_at": "2025-07-15T16:10:49.621146+00:00", "symbol": "ETH-USD"}, {"trade_id": 667418121, "side": "buy", "size": "0.00033926", "price": "3050.71000000", "time": "2025-07-15T16:10:23.888825Z", "fetched_at": "2025-07-15T16:10:49.621146+00:00", "symbol": "ETH-USD"}, {"trade_id": 667418120, "side": "buy", "size": "0.00100000", "price": "3050.72000000", "time": "2025-07-15T16:10:23.888825Z", "fetched_at": "2025-07-15T16:10:49.621146+00:00", "symbol": "ETH-USD"}, {"trade_id": 667418119, "side": "buy", "size": "0.02998361", "price": "3051.00000000", "time": "2025-07-15T16:10:23.877164Z", "fetched_at": "2025-07-15T16:10:49.621146+00:00", "symbol": "ETH-USD"}, {"trade_id": 667418118, "side": "buy", "size": "0.02385447", "price": "3051.00000000", "time": "2025-07-15T16:10:23.877164Z", "fetched_at": "2025-07-15T16:10:49.621146+00:00", "symbol": "ETH-USD"}, {"trade_id": 667418117, "side": "sell", "size": "0.01590867", "price": "3051.30000000", "time": "2025-07-15T16:10:23.737060Z", "fetched_at": "2025-07-15T16:10:49.621146+00:00", "symbol": "ETH-USD"}, {"trade_id": 667418116, "side": "buy", "size": "0.70000000", "price": "3051.29000000", "time": "2025-07-15T16:10:23.728982Z", "fetched_at": "2025-07-15T16:10:49.621146+00:00", "symbol": "ETH-USD"}, {"trade_id": 667418115, "side": "sell", "size": "0.07034080", "price": "3051.36000000", "time": "2025-07-15T16:10:23.343471Z", "fetched_at": "2025-07-15T16:10:49.621146+00:00", "symbol": "ETH-USD"}, {"trade_id": 667418114, "side": "sell", "size": "0.55828001", "price": "3051.36000000", "time": "2025-07-15T16:10:23.343471Z", "fetched_at": "2025-07-15T16:10:49.621146+00:00", "symbol": "ETH-USD"}, {"trade_id": 667418113, "side": "buy", "size": "0.03770269", "price": "3051.32000000", "time": "2025-07-15T16:10:22.761408Z", "fetched_at": "2025-07-15T16:10:49.621146+00:00", "symbol": "ETH-USD"}, {"trade_id": 667418112, "side": "buy", "size": "0.07587404", "price": "3051.33000000", "time": "2025-07-15T16:10:22.761408Z", "fetched_at": "2025-07-15T16:10:49.621146+00:00", "symbol": "ETH-USD"}, {"trade_id": 667418111, "side": "buy", "size": "0.00034631", "price": "3051.34000000", "time": "2025-07-15T16:10:22.761408Z", "fetched_at": "2025-07-15T16:10:49.621146+00:00", "symbol": "ETH-USD"}, {"trade_id": 667418110, "side": "buy", "size": "0.00100000", "price": "3051.41000000", "time": "2025-07-15T16:10:22.761408Z", "fetched_at": "2025-07-15T16:10:49.621146+00:00", "symbol": "ETH-USD"}, {"trade_id": 667418109, "side": "buy", "size": "0.01212798", "price": "3051.62000000", "time": "2025-07-15T16:10:22.761408Z", "fetched_at": "2025-07-15T16:10:49.621146+00:00", "symbol": "ETH-USD"}, {"trade_id": 667418108, "side": "buy", "size": "0.00450771", "price": "3051.62000000", "time": "2025-07-15T16:10:22.761408Z", "fetched_at": "2025-07-15T16:10:49.621146+00:00", "symbol": "ETH-USD"}, {"trade_id": 667418107, "side": "buy", "size": "0.00258360", "price": "3051.62000000", "time": "2025-07-15T16:10:22.337487Z", "fetched_at": "2025-07-15T16:10:49.621146+00:00", "symbol": "ETH-USD"}, {"trade_id": 667418106, "side": "buy", "size": "0.00036341", "price": "3051.72000000", "time": "2025-07-15T16:10:22.337487Z", "fetched_at": "2025-07-15T16:10:49.621146+00:00", "symbol": "ETH-USD"}, {"trade_id": 667418105, "side": "sell", "size": "0.00262121", "price": "3051.73000000", "time": "2025-07-15T16:10:22.322665Z", "fetched_at": "2025-07-15T16:10:49.621146+00:00", "symbol": "ETH-USD"}, {"trade_id": 667418104, "side": "buy", "size": "0.90000000", "price": "3051.94000000", "time": "2025-07-15T16:10:22.305133Z", "fetched_at": "2025-07-15T16:10:49.621146+00:00", "symbol": "ETH-USD"}, {"trade_id": 667418103, "side": "buy", "size": "1.20000000", "price": "3052.18000000", "time": "2025-07-15T16:10:22.144981Z", "fetched_at": "2025-07-15T16:10:49.621146+00:00", "symbol": "ETH-USD"}, {"trade_id": 667418102, "side": "sell", "size": "0.56644001", "price": "3052.26000000", "time": "2025-07-15T16:10:21.267462Z", "fetched_at": "2025-07-15T16:10:49.621146+00:00", "symbol": "ETH-USD"}, {"trade_id": 667418101, "side": "sell", "size": "0.44538449", "price": "3052.28000000", "time": "2025-07-15T16:10:21.262284Z", "fetched_at": "2025-07-15T16:10:49.621146+00:00", "symbol": "ETH-USD"}, {"trade_id": 667418100, "side": "sell", "size": "0.56437713", "price": "3052.27000000", "time": "2025-07-15T16:10:21.262284Z", "fetched_at": "2025-07-15T16:10:49.621146+00:00", "symbol": "ETH-USD"}, {"trade_id": 667418099, "side": "sell", "size": "0.00327695", "price": "3052.17000000", "time": "2025-07-15T16:10:21.262284Z", "fetched_at": "2025-07-15T16:10:49.621146+00:00", "symbol": "ETH-USD"}, {"trade_id": 667418098, "side": "sell", "size": "0.39354307", "price": "3052.14000000", "time": "2025-07-15T16:10:21.243594Z", "fetched_at": "2025-07-15T16:10:49.621146+00:00", "symbol": "ETH-USD"}, {"trade_id": 667418097, "side": "sell", "size": "2.05184535", "price": "3052.06000000", "time": "2025-07-15T16:10:21.243594Z", "fetched_at": "2025-07-15T16:10:49.621146+00:00", "symbol": "ETH-USD"}, {"trade_id": 667418096, "side": "sell", "size": "0.00010334", "price": "3051.86000000", "time": "2025-07-15T16:10:21.241259Z", "fetched_at": "2025-07-15T16:10:49.621146+00:00", "symbol": "ETH-USD"}, {"trade_id": 667418095, "side": "sell", "size": "0.79764001", "price": "3051.85000000", "time": "2025-07-15T16:10:21.241259Z", "fetched_at": "2025-07-15T16:10:49.621146+00:00", "symbol": "ETH-USD"}, {"trade_id": 667418094, "side": "sell", "size": "0.85873268", "price": "3051.63000000", "time": "2025-07-15T16:10:21.116596Z", "fetched_at": "2025-07-15T16:10:49.621146+00:00", "symbol": "ETH-USD"}, {"trade_id": 667418093, "side": "sell", "size": "0.47201944", "price": "3051.63000000", "time": "2025-07-15T16:10:21.116596Z", "fetched_at": "2025-07-15T16:10:49.621146+00:00", "symbol": "ETH-USD"}, {"trade_id": 667418092, "side": "sell", "size": "0.15902057", "price": "3051.63000000", "time": "2025-07-15T16:10:20.633910Z", "fetched_at": "2025-07-15T16:10:49.621146+00:00", "symbol": "ETH-USD"}, {"trade_id": 667418091, "side": "sell", "size": "0.09882821", "price": "3051.85000000", "time": "2025-07-15T16:10:20.181960Z", "fetched_at": "2025-07-15T16:10:49.621146+00:00", "symbol": "ETH-USD"}, {"trade_id": 667418090, "side": "sell", "size": "0.00117179", "price": "3051.84000000", "time": "2025-07-15T16:10:20.181960Z", "fetched_at": "2025-07-15T16:10:49.621146+00:00", "symbol": "ETH-USD"}, {"trade_id": 667418089, "side": "sell", "size": "0.00327465", "price": "3051.63000000", "time": "2025-07-15T16:10:20.150926Z", "fetched_at": "2025-07-15T16:10:49.621146+00:00", "symbol": "ETH-USD"}, {"trade_id": 667418088, "side": "sell", "size": "0.65960001", "price": "3051.63000000", "time": "2025-07-15T16:10:20.146901Z", "fetched_at": "2025-07-15T16:10:49.621146+00:00", "symbol": "ETH-USD"}, {"trade_id": 667418087, "side": "sell", "size": "0.00027507", "price": "3051.63000000", "time": "2025-07-15T16:10:20.146901Z", "fetched_at": "2025-07-15T16:10:49.621146+00:00", "symbol": "ETH-USD"}, {"trade_id": 667418086, "side": "sell", "size": "0.38024483", "price": "3051.89000000", "time": "2025-07-15T16:10:20.137431Z", "fetched_at": "2025-07-15T16:10:49.621146+00:00", "symbol": "ETH-USD"}, {"trade_id": 667418085, "side": "sell", "size": "0.00327465", "price": "3051.88000000", "time": "2025-07-15T16:10:20.137431Z", "fetched_at": "2025-07-15T16:10:49.621146+00:00", "symbol": "ETH-USD"}, {"trade_id": 667418084, "side": "sell", "size": "0.70652001", "price": "3051.63000000", "time": "2025-07-15T16:10:20.133191Z", "fetched_at": "2025-07-15T16:10:49.621146+00:00", "symbol": "ETH-USD"}, {"trade_id": 667418083, "side": "sell", "size": "0.28231901", "price": "3051.63000000", "time": "2025-07-15T16:10:20.133191Z", "fetched_at": "2025-07-15T16:10:49.621146+00:00", "symbol": "ETH-USD"}, {"trade_id": 667418082, "side": "sell", "size": "0.00327465", "price": "3051.55000000", "time": "2025-07-15T16:10:20.083780Z", "fetched_at": "2025-07-15T16:10:49.621146+00:00", "symbol": "ETH-USD"}, {"trade_id": 667418081, "side": "sell", "size": "0.69496001", "price": "3051.55000000", "time": "2025-07-15T16:10:20.083780Z", "fetched_at": "2025-07-15T16:10:49.621146+00:00", "symbol": "ETH-USD"}, {"trade_id": 667418080, "side": "buy", "size": "0.97200000", "price": "3051.63000000", "time": "2025-07-15T16:10:19.975189Z", "fetched_at": "2025-07-15T16:10:49.621146+00:00", "symbol": "ETH-USD"}, {"trade_id": 667418079, "side": "sell", "size": "0.61626001", "price": "3051.42000000", "time": "2025-07-15T16:10:19.845481Z", "fetched_at": "2025-07-15T16:10:49.621146+00:00", "symbol": "ETH-USD"}, {"trade_id": 667418078, "side": "sell", "size": "0.13650000", "price": "3051.42000000", "time": "2025-07-15T16:10:19.841708Z", "fetched_at": "2025-07-15T16:10:49.621146+00:00", "symbol": "ETH-USD"}, {"trade_id": 667418077, "side": "sell", "size": "0.00315998", "price": "3051.51000000", "time": "2025-07-15T16:10:19.748459Z", "fetched_at": "2025-07-15T16:10:49.621146+00:00", "symbol": "ETH-USD"}, {"trade_id": 667418076, "side": "sell", "size": "0.09884615", "price": "3051.43000000", "time": "2025-07-15T16:10:19.696576Z", "fetched_at": "2025-07-15T16:10:49.621146+00:00", "symbol": "ETH-USD"}, {"trade_id": 667418075, "side": "sell", "size": "0.08100525", "price": "3051.42000000", "time": "2025-07-15T16:10:19.696576Z", "fetched_at": "2025-07-15T16:10:49.621146+00:00", "symbol": "ETH-USD"}, {"trade_id": 667418074, "side": "buy", "size": "0.00100000", "price": "3051.64000000", "time": "2025-07-15T16:10:19.634738Z", "fetched_at": "2025-07-15T16:10:49.621146+00:00", "symbol": "ETH-USD"}, {"trade_id": 667418073, "side": "buy", "size": "0.24089609", "price": "3051.69000000", "time": "2025-07-15T16:10:19.633724Z", "fetched_at": "2025-07-15T16:10:49.621146+00:00", "symbol": "ETH-USD"}, {"trade_id": 667418072, "side": "buy", "size": "0.50632057", "price": "3051.69000000", "time": "2025-07-15T16:10:19.633259Z", "fetched_at": "2025-07-15T16:10:49.621146+00:00", "symbol": "ETH-USD"}, {"trade_id": 667418071, "side": "buy", "size": "0.23779928", "price": "3051.69000000", "time": "2025-07-15T16:10:19.633230Z", "fetched_at": "2025-07-15T16:10:49.621146+00:00", "symbol": "ETH-USD"}, {"trade_id": 667418070, "side": "buy", "size": "0.24089609", "price": "3052.32000000", "time": "2025-07-15T16:10:19.633230Z", "fetched_at": "2025-07-15T16:10:49.621146+00:00", "symbol": "ETH-USD"}, {"trade_id": 667418069, "side": "buy", "size": "0.10658000", "price": "3051.88000000", "time": "2025-07-15T16:10:19.632855Z", "fetched_at": "2025-07-15T16:10:49.621146+00:00", "symbol": "ETH-USD"}, {"trade_id": 667418068, "side": "buy", "size": "0.93971241", "price": "3051.69000000", "time": "2025-07-15T16:10:19.631696Z", "fetched_at": "2025-07-15T16:10:49.621146+00:00", "symbol": "ETH-USD"}, {"trade_id": 667418067, "side": "buy", "size": "0.88816428", "price": "3051.69000000", "time": "2025-07-15T16:10:19.631097Z", "fetched_at": "2025-07-15T16:10:49.621146+00:00", "symbol": "ETH-USD"}, {"trade_id": 667418066, "side": "buy", "size": "0.63517365", "price": "3051.69000000", "time": "2025-07-15T16:10:19.630532Z", "fetched_at": "2025-07-15T16:10:49.621146+00:00", "symbol": "ETH-USD"}, {"trade_id": 667418065, "side": "buy", "size": "2.21642493", "price": "3051.69000000", "time": "2025-07-15T16:10:19.628313Z", "fetched_at": "2025-07-15T16:10:49.621146+00:00", "symbol": "ETH-USD"}, {"trade_id": 667418064, "side": "buy", "size": "0.25847491", "price": "3051.71000000", "time": "2025-07-15T16:10:19.628313Z", "fetched_at": "2025-07-15T16:10:49.621146+00:00", "symbol": "ETH-USD"}, {"trade_id": 667418063, "side": "buy", "size": "0.32532509", "price": "3051.71000000", "time": "2025-07-15T16:10:19.628288Z", "fetched_at": "2025-07-15T16:10:49.621146+00:00", "symbol": "ETH-USD"}, {"trade_id": 667418062, "side": "buy", "size": "0.98680508", "price": "3051.84000000", "time": "2025-07-15T16:10:19.625380Z", "fetched_at": "2025-07-15T16:10:49.621146+00:00", "symbol": "ETH-USD"}, {"trade_id": 667418061, "side": "buy", "size": "2.01596000", "price": "3051.84000000", "time": "2025-07-15T16:10:19.624485Z", "fetched_at": "2025-07-15T16:10:49.621146+00:00", "symbol": "ETH-USD"}, {"trade_id": 667418060, "side": "buy", "size": "1.59909492", "price": "3051.84000000", "time": "2025-07-15T16:10:19.623216Z", "fetched_at": "2025-07-15T16:10:49.621146+00:00", "symbol": "ETH-USD"}, {"trade_id": 667418059, "side": "buy", "size": "0.35952508", "price": "3051.85000000", "time": "2025-07-15T16:10:19.623216Z", "fetched_at": "2025-07-15T16:10:49.621146+00:00", "symbol": "ETH-USD"}, {"trade_id": 667418058, "side": "buy", "size": "0.00100000", "price": "3051.87000000", "time": "2025-07-15T16:10:19.623216Z", "fetched_at": "2025-07-15T16:10:49.621146+00:00", "symbol": "ETH-USD"}, {"trade_id": 667418057, "side": "buy", "size": "0.00100000", "price": "3052.10000000", "time": "2025-07-15T16:10:19.619612Z", "fetched_at": "2025-07-15T16:10:49.621146+00:00", "symbol": "ETH-USD"}, {"trade_id": 667418056, "side": "buy", "size": "6.03400010", "price": "3052.19000000", "time": "2025-07-15T16:10:19.616332Z", "fetched_at": "2025-07-15T16:10:49.621146+00:00", "symbol": "ETH-USD"}, {"trade_id": 667418055, "side": "buy", "size": "0.44187626", "price": "3052.21000000", "time": "2025-07-15T16:10:19.616332Z", "fetched_at": "2025-07-15T16:10:49.621146+00:00", "symbol": "ETH-USD"}, {"trade_id": 667418054, "side": "buy", "size": "3.84357027", "price": "3052.30000000", "time": "2025-07-15T16:10:19.611728Z", "fetched_at": "2025-07-15T16:10:49.621146+00:00", "symbol": "ETH-USD"}, {"trade_id": 667418053, "side": "buy", "size": "0.13370158", "price": "3052.32000000", "time": "2025-07-15T16:10:19.611728Z", "fetched_at": "2025-07-15T16:10:49.621146+00:00", "symbol": "ETH-USD"}, {"trade_id": 667418052, "side": "buy", "size": "0.00236499", "price": "3052.32000000", "time": "2025-07-15T16:10:19.607991Z", "fetched_at": "2025-07-15T16:10:49.621146+00:00", "symbol": "ETH-USD"}, {"trade_id": 667418051, "side": "buy", "size": "0.93481675", "price": "3052.32000000", "time": "2025-07-15T16:10:19.607883Z", "fetched_at": "2025-07-15T16:10:49.621146+00:00", "symbol": "ETH-USD"}, {"trade_id": 667418050, "side": "buy", "size": "0.23836100", "price": "3052.79000000", "time": "2025-07-15T16:10:19.607883Z", "fetched_at": "2025-07-15T16:10:49.621146+00:00", "symbol": "ETH-USD"}, {"trade_id": 667418049, "side": "buy", "size": "0.26782201", "price": "3052.32000000", "time": "2025-07-15T16:10:19.607304Z", "fetched_at": "2025-07-15T16:10:49.621146+00:00", "symbol": "ETH-USD"}, {"trade_id": 667418048, "side": "buy", "size": "0.00100000", "price": "3052.33000000", "time": "2025-07-15T16:10:19.607304Z", "fetched_at": "2025-07-15T16:10:49.621146+00:00", "symbol": "ETH-USD"}, {"trade_id": 667418047, "side": "buy", "size": "0.00049122", "price": "3052.43000000", "time": "2025-07-15T16:10:19.607304Z", "fetched_at": "2025-07-15T16:10:49.621146+00:00", "symbol": "ETH-USD"}, {"trade_id": 667418046, "side": "buy", "size": "0.54987708", "price": "3052.51000000", "time": "2025-07-15T16:10:19.607304Z", "fetched_at": "2025-07-15T16:10:49.621146+00:00", "symbol": "ETH-USD"}, {"trade_id": 667418045, "side": "sell", "size": "0.20475000", "price": "3053.03000000", "time": "2025-07-15T16:10:19.607123Z", "fetched_at": "2025-07-15T16:10:49.621146+00:00", "symbol": "ETH-USD"}, {"trade_id": 667418044, "side": "sell", "size": "0.13650000", "price": "3052.96000000", "time": "2025-07-15T16:10:19.607123Z", "fetched_at": "2025-07-15T16:10:49.621146+00:00", "symbol": "ETH-USD"}, {"trade_id": 667418043, "side": "sell", "size": "0.19303000", "price": "3052.96000000", "time": "2025-07-15T16:10:19.607123Z", "fetched_at": "2025-07-15T16:10:49.621146+00:00", "symbol": "ETH-USD"}, {"trade_id": 667418042, "side": "sell", "size": "0.12869000", "price": "3052.95000000", "time": "2025-07-15T16:10:19.607123Z", "fetched_at": "2025-07-15T16:10:49.621146+00:00", "symbol": "ETH-USD"}, {"trade_id": 667418041, "side": "sell", "size": "0.13650000", "price": "3052.84000000", "time": "2025-07-15T16:10:19.607123Z", "fetched_at": "2025-07-15T16:10:49.621146+00:00", "symbol": "ETH-USD"}, {"trade_id": 667418040, "side": "buy", "size": "0.56124002", "price": "3052.55000000", "time": "2025-07-15T16:10:19.606468Z", "fetched_at": "2025-07-15T16:10:49.621146+00:00", "symbol": "ETH-USD"}, {"trade_id": 667418039, "side": "buy", "size": "0.00100000", "price": "3052.56000000", "time": "2025-07-15T16:10:19.606468Z", "fetched_at": "2025-07-15T16:10:49.621146+00:00", "symbol": "ETH-USD"}, {"trade_id": 667418038, "side": "buy", "size": "0.11113225", "price": "3052.57000000", "time": "2025-07-15T16:10:19.606468Z", "fetched_at": "2025-07-15T16:10:49.621146+00:00", "symbol": "ETH-USD"}, {"trade_id": 667418037, "side": "buy", "size": "7.99439399", "price": "3052.64000000", "time": "2025-07-15T16:10:19.606285Z", "fetched_at": "2025-07-15T16:10:49.621146+00:00", "symbol": "ETH-USD"}, {"trade_id": 667418036, "side": "buy", "size": "4.46278293", "price": "3052.64000000", "time": "2025-07-15T16:10:19.604212Z", "fetched_at": "2025-07-15T16:10:49.621146+00:00", "symbol": "ETH-USD"}, {"trade_id": 667418035, "side": "buy", "size": "0.58380000", "price": "3052.64000000", "time": "2025-07-15T16:10:19.604212Z", "fetched_at": "2025-07-15T16:10:49.621146+00:00", "symbol": "ETH-USD"}, {"trade_id": 667418034, "side": "buy", "size": "0.00100000", "price": "3052.79000000", "time": "2025-07-15T16:10:19.603834Z", "fetched_at": "2025-07-15T16:10:49.621146+00:00", "symbol": "ETH-USD"}, {"trade_id": 667418033, "side": "buy", "size": "0.53060628", "price": "3052.81000000", "time": "2025-07-15T16:10:19.602946Z", "fetched_at": "2025-07-15T16:10:49.621146+00:00", "symbol": "ETH-USD"}, {"trade_id": 667418032, "side": "buy", "size": "1.65869972", "price": "3052.82000000", "time": "2025-07-15T16:10:19.602946Z", "fetched_at": "2025-07-15T16:10:49.621146+00:00", "symbol": "ETH-USD"}, {"trade_id": 667418031, "side": "buy", "size": "15.99521983", "price": "3052.83000000", "time": "2025-07-15T16:10:19.601918Z", "fetched_at": "2025-07-15T16:10:49.621146+00:00", "symbol": "ETH-USD"}, {"trade_id": 667418030, "side": "buy", "size": "0.24472055", "price": "3052.87000000", "time": "2025-07-15T16:10:19.601918Z", "fetched_at": "2025-07-15T16:10:49.621146+00:00", "symbol": "ETH-USD"}, {"trade_id": 667418029, "side": "buy", "size": "0.57396960", "price": "3052.91000000", "time": "2025-07-15T16:10:19.601918Z", "fetched_at": "2025-07-15T16:10:49.621146+00:00", "symbol": "ETH-USD"}, {"trade_id": 667418028, "side": "buy", "size": "0.58863932", "price": "3052.92000000", "time": "2025-07-15T16:10:19.601918Z", "fetched_at": "2025-07-15T16:10:49.621146+00:00", "symbol": "ETH-USD"}, {"trade_id": 667418027, "side": "buy", "size": "0.72434784", "price": "3052.93000000", "time": "2025-07-15T16:10:19.601918Z", "fetched_at": "2025-07-15T16:10:49.621146+00:00", "symbol": "ETH-USD"}, {"trade_id": 667418026, "side": "buy", "size": "0.67035373", "price": "3052.95000000", "time": "2025-07-15T16:10:19.601918Z", "fetched_at": "2025-07-15T16:10:49.621146+00:00", "symbol": "ETH-USD"}, {"trade_id": 667418025, "side": "buy", "size": "4.91668610", "price": "3053.00000000", "time": "2025-07-15T16:10:19.599594Z", "fetched_at": "2025-07-15T16:10:49.621146+00:00", "symbol": "ETH-USD"}, {"trade_id": 667418024, "side": "buy", "size": "0.63746448", "price": "3053.02000000", "time": "2025-07-15T16:10:19.599594Z", "fetched_at": "2025-07-15T16:10:49.621146+00:00", "symbol": "ETH-USD"}, {"trade_id": 667418023, "side": "buy", "size": "0.00100000", "price": "3053.02000000", "time": "2025-07-15T16:10:19.599594Z", "fetched_at": "2025-07-15T16:10:49.621146+00:00", "symbol": "ETH-USD"}, {"trade_id": 667418022, "side": "buy", "size": "5.97801612", "price": "3053.03000000", "time": "2025-07-15T16:10:19.599594Z", "fetched_at": "2025-07-15T16:10:49.621146+00:00", "symbol": "ETH-USD"}, {"trade_id": 667418021, "side": "buy", "size": "0.87138361", "price": "3053.03000000", "time": "2025-07-15T16:10:19.598302Z", "fetched_at": "2025-07-15T16:10:49.621146+00:00", "symbol": "ETH-USD"}, {"trade_id": 667418020, "side": "buy", "size": "0.75049000", "price": "3053.10000000", "time": "2025-07-15T16:10:19.598302Z", "fetched_at": "2025-07-15T16:10:49.621146+00:00", "symbol": "ETH-USD"}, {"trade_id": 667418019, "side": "buy", "size": "1.63340761", "price": "3053.13000000", "time": "2025-07-15T16:10:19.598302Z", "fetched_at": "2025-07-15T16:10:49.621146+00:00", "symbol": "ETH-USD"}, {"trade_id": 667418018, "side": "buy", "size": "0.16069730", "price": "3053.20000000", "time": "2025-07-15T16:10:19.598302Z", "fetched_at": "2025-07-15T16:10:49.621146+00:00", "symbol": "ETH-USD"}, {"trade_id": 667418017, "side": "buy", "size": "1.13400196", "price": "3053.20000000", "time": "2025-07-15T16:10:19.598131Z", "fetched_at": "2025-07-15T16:10:49.621146+00:00", "symbol": "ETH-USD"}, {"trade_id": 667418016, "side": "buy", "size": "0.33074521", "price": "3053.21000000", "time": "2025-07-15T16:10:19.598131Z", "fetched_at": "2025-07-15T16:10:49.621146+00:00", "symbol": "ETH-USD"}, {"trade_id": 667418015, "side": "buy", "size": "1.19089754", "price": "3053.23000000", "time": "2025-07-15T16:10:19.598131Z", "fetched_at": "2025-07-15T16:10:49.621146+00:00", "symbol": "ETH-USD"}, {"trade_id": 667418014, "side": "buy", "size": "2.28800015", "price": "3053.23000000", "time": "2025-07-15T16:10:19.598131Z", "fetched_at": "2025-07-15T16:10:49.621146+00:00", "symbol": "ETH-USD"}, {"trade_id": 667418013, "side": "buy", "size": "0.00100000", "price": "3053.25000000", "time": "2025-07-15T16:10:19.598131Z", "fetched_at": "2025-07-15T16:10:49.621146+00:00", "symbol": "ETH-USD"}, {"trade_id": 667418012, "side": "buy", "size": "3.27381287", "price": "3053.31000000", "time": "2025-07-15T16:10:19.598131Z", "fetched_at": "2025-07-15T16:10:49.621146+00:00", "symbol": "ETH-USD"}, {"trade_id": 667418011, "side": "buy", "size": "0.81877623", "price": "3053.33000000", "time": "2025-07-15T16:10:19.598131Z", "fetched_at": "2025-07-15T16:10:49.621146+00:00", "symbol": "ETH-USD"}, {"trade_id": 667418010, "side": "buy", "size": "0.00049110", "price": "3053.35000000", "time": "2025-07-15T16:10:19.598131Z", "fetched_at": "2025-07-15T16:10:49.621146+00:00", "symbol": "ETH-USD"}, {"trade_id": 667418009, "side": "buy", "size": "0.37577692", "price": "3053.36000000", "time": "2025-07-15T16:10:19.598131Z", "fetched_at": "2025-07-15T16:10:49.621146+00:00", "symbol": "ETH-USD"}, {"trade_id": 667418008, "side": "buy", "size": "0.81733545", "price": "3053.38000000", "time": "2025-07-15T16:10:19.598131Z", "fetched_at": "2025-07-15T16:10:49.621146+00:00", "symbol": "ETH-USD"}, {"trade_id": 667418007, "side": "buy", "size": "0.30114044", "price": "3053.39000000", "time": "2025-07-15T16:10:19.598131Z", "fetched_at": "2025-07-15T16:10:49.621146+00:00", "symbol": "ETH-USD"}, {"trade_id": 667418006, "side": "buy", "size": "0.67562902", "price": "3053.39000000", "time": "2025-07-15T16:10:19.598131Z", "fetched_at": "2025-07-15T16:10:49.621146+00:00", "symbol": "ETH-USD"}, {"trade_id": 667418005, "side": "buy", "size": "1.09862405", "price": "3053.39000000", "time": "2025-07-15T16:10:19.598046Z", "fetched_at": "2025-07-15T16:10:49.621146+00:00", "symbol": "ETH-USD"}, {"trade_id": 667418004, "side": "buy", "size": "1.52027724", "price": "3053.39000000", "time": "2025-07-15T16:10:19.598046Z", "fetched_at": "2025-07-15T16:10:49.621146+00:00", "symbol": "ETH-USD"}, {"trade_id": 667418003, "side": "buy", "size": "0.97200000", "price": "3053.44000000", "time": "2025-07-15T16:10:19.598046Z", "fetched_at": "2025-07-15T16:10:49.621146+00:00", "symbol": "ETH-USD"}, {"trade_id": 667418002, "side": "buy", "size": "0.81873992", "price": "3053.47000000", "time": "2025-07-15T16:10:19.598046Z", "fetched_at": "2025-07-15T16:10:49.621146+00:00", "symbol": "ETH-USD"}, {"trade_id": 667418001, "side": "buy", "size": "0.00100000", "price": "3053.48000000", "time": "2025-07-15T16:10:19.598046Z", "fetched_at": "2025-07-15T16:10:49.621146+00:00", "symbol": "ETH-USD"}, {"trade_id": 667418000, "side": "buy", "size": "0.00236499", "price": "3053.75000000", "time": "2025-07-15T16:10:19.598046Z", "fetched_at": "2025-07-15T16:10:49.621146+00:00", "symbol": "ETH-USD"}, {"trade_id": 667417999, "side": "buy", "size": "0.00236499", "price": "3053.75000000", "time": "2025-07-15T16:10:19.558505Z", "fetched_at": "2025-07-15T16:10:49.621146+00:00", "symbol": "ETH-USD"}, {"trade_id": 667417998, "side": "buy", "size": "0.00000982", "price": "3053.75000000", "time": "2025-07-15T16:10:19.558505Z", "fetched_at": "2025-07-15T16:10:49.621146+00:00", "symbol": "ETH-USD"}, {"trade_id": 667417997, "side": "buy", "size": "0.00236499", "price": "3053.75000000", "time": "2025-07-15T16:10:19.543462Z", "fetched_at": "2025-07-15T16:10:49.621146+00:00", "symbol": "ETH-USD"}, {"trade_id": 667417996, "side": "buy", "size": "0.16374587", "price": "3053.51000000", "time": "2025-07-15T16:10:19.535397Z", "fetched_at": "2025-07-15T16:10:49.621146+00:00", "symbol": "ETH-USD"}, {"trade_id": 667417995, "side": "buy", "size": "1.30547396", "price": "3053.56000000", "time": "2025-07-15T16:10:19.535397Z", "fetched_at": "2025-07-15T16:10:49.621146+00:00", "symbol": "ETH-USD"}, {"trade_id": 667417994, "side": "buy", "size": "0.00000982", "price": "3053.71000000", "time": "2025-07-15T16:10:19.535397Z", "fetched_at": "2025-07-15T16:10:49.621146+00:00", "symbol": "ETH-USD"}, {"trade_id": 667417993, "side": "buy", "size": "0.02545100", "price": "3053.71000000", "time": "2025-07-15T16:10:19.535397Z", "fetched_at": "2025-07-15T16:10:49.621146+00:00", "symbol": "ETH-USD"}, {"trade_id": 667417992, "side": "buy", "size": "0.00002619", "price": "3053.71000000", "time": "2025-07-15T16:10:19.535397Z", "fetched_at": "2025-07-15T16:10:49.621146+00:00", "symbol": "ETH-USD"}, {"trade_id": 667417991, "side": "buy", "size": "0.90000000", "price": "3053.73000000", "time": "2025-07-15T16:10:19.535397Z", "fetched_at": "2025-07-15T16:10:49.621146+00:00", "symbol": "ETH-USD"}, {"trade_id": 667417990, "side": "buy", "size": "0.75271723", "price": "3053.74000000", "time": "2025-07-15T16:10:19.535397Z", "fetched_at": "2025-07-15T16:10:49.621146+00:00", "symbol": "ETH-USD"}, {"trade_id": 667417989, "side": "buy", "size": "0.58729262", "price": "3053.74000000", "time": "2025-07-15T16:10:19.535300Z", "fetched_at": "2025-07-15T16:10:49.621146+00:00", "symbol": "ETH-USD"}, {"trade_id": 667417988, "side": "buy", "size": "0.00236499", "price": "3053.75000000", "time": "2025-07-15T16:10:19.535300Z", "fetched_at": "2025-07-15T16:10:49.621146+00:00", "symbol": "ETH-USD"}, {"trade_id": 667417987, "side": "buy", "size": "0.05703479", "price": "3053.75000000", "time": "2025-07-15T16:10:19.535300Z", "fetched_at": "2025-07-15T16:10:49.621146+00:00", "symbol": "ETH-USD"}, {"trade_id": 667417986, "side": "buy", "size": "0.32665380", "price": "3053.75000000", "time": "2025-07-15T16:10:19.535300Z", "fetched_at": "2025-07-15T16:10:49.621146+00:00", "symbol": "ETH-USD"}, {"trade_id": 667417985, "side": "buy", "size": "0.97334620", "price": "3053.75000000", "time": "2025-07-15T16:10:19.535282Z", "fetched_at": "2025-07-15T16:10:49.621146+00:00", "symbol": "ETH-USD"}, {"trade_id": 667417984, "side": "sell", "size": "0.00310632", "price": "3053.76000000", "time": "2025-07-15T16:10:19.270700Z", "fetched_at": "2025-07-15T16:10:49.621146+00:00", "symbol": "ETH-USD"}, {"trade_id": 667417983, "side": "sell", "size": "0.00648347", "price": "3053.76000000", "time": "2025-07-15T16:10:19.223957Z", "fetched_at": "2025-07-15T16:10:49.621146+00:00", "symbol": "ETH-USD"}, {"trade_id": 667417982, "side": "sell", "size": "0.00795433", "price": "3053.76000000", "time": "2025-07-15T16:10:19.088925Z", "fetched_at": "2025-07-15T16:10:49.621146+00:00", "symbol": "ETH-USD"}, {"trade_id": 667417981, "side": "sell", "size": "0.00667941", "price": "3053.80000000", "time": "2025-07-15T16:10:18.812343Z", "fetched_at": "2025-07-15T16:10:49.621146+00:00", "symbol": "ETH-USD"}, {"trade_id": 667417980, "side": "sell", "size": "0.04190103", "price": "3053.80000000", "time": "2025-07-15T16:10:18.271892Z", "fetched_at": "2025-07-15T16:10:49.621146+00:00", "symbol": "ETH-USD"}, {"trade_id": 667417979, "side": "sell", "size": "0.00024001", "price": "3053.80000000", "time": "2025-07-15T16:10:18.271892Z", "fetched_at": "2025-07-15T16:10:49.621146+00:00", "symbol": "ETH-USD"}, {"trade_id": 667417978, "side": "sell", "size": "0.55012001", "price": "3053.75000000", "time": "2025-07-15T16:10:18.163277Z", "fetched_at": "2025-07-15T16:10:49.621146+00:00", "symbol": "ETH-USD"}, {"trade_id": 667417977, "side": "buy", "size": "0.18772382", "price": "3053.74000000", "time": "2025-07-15T16:10:17.861065Z", "fetched_at": "2025-07-15T16:10:49.621146+00:00", "symbol": "ETH-USD"}, {"trade_id": 667417976, "side": "buy", "size": "0.00227618", "price": "3053.76000000", "time": "2025-07-15T16:10:17.861065Z", "fetched_at": "2025-07-15T16:10:49.621146+00:00", "symbol": "ETH-USD"}, {"trade_id": 667417975, "side": "sell", "size": "0.03233351", "price": "3054.27000000", "time": "2025-07-15T16:10:17.416977Z", "fetched_at": "2025-07-15T16:10:49.621146+00:00", "symbol": "ETH-USD"}, {"trade_id": 667417974, "side": "sell", "size": "0.00007658", "price": "3054.15000000", "time": "2025-07-15T16:10:17.416977Z", "fetched_at": "2025-07-15T16:10:49.621146+00:00", "symbol": "ETH-USD"}, {"trade_id": 667417973, "side": "sell", "size": "0.00024001", "price": "3054.15000000", "time": "2025-07-15T16:10:17.416977Z", "fetched_at": "2025-07-15T16:10:49.621146+00:00", "symbol": "ETH-USD"}, {"trade_id": 667417972, "side": "sell", "size": "0.00185186", "price": "3054.15000000", "time": "2025-07-15T16:10:17.416977Z", "fetched_at": "2025-07-15T16:10:49.621146+00:00", "symbol": "ETH-USD"}, {"trade_id": 667417971, "side": "sell", "size": "0.00923061", "price": "3053.94000000", "time": "2025-07-15T16:10:17.416977Z", "fetched_at": "2025-07-15T16:10:49.621146+00:00", "symbol": "ETH-USD"}, {"trade_id": 667417970, "side": "sell", "size": "0.00010335", "price": "3053.94000000", "time": "2025-07-15T16:10:17.416977Z", "fetched_at": "2025-07-15T16:10:49.621146+00:00", "symbol": "ETH-USD"}, {"trade_id": 667417969, "side": "sell", "size": "0.00027510", "price": "3053.94000000", "time": "2025-07-15T16:10:17.416977Z", "fetched_at": "2025-07-15T16:10:49.621146+00:00", "symbol": "ETH-USD"}, {"trade_id": 667417968, "side": "sell", "size": "0.00042969", "price": "3053.72000000", "time": "2025-07-15T16:10:17.416977Z", "fetched_at": "2025-07-15T16:10:49.621146+00:00", "symbol": "ETH-USD"}, {"trade_id": 667417967, "side": "sell", "size": "0.49092068", "price": "3053.72000000", "time": "2025-07-15T16:10:17.416977Z", "fetched_at": "2025-07-15T16:10:49.621146+00:00", "symbol": "ETH-USD"}, {"trade_id": 667417966, "side": "sell", "size": "0.07957016", "price": "3053.72000000", "time": "2025-07-15T16:10:17.326401Z", "fetched_at": "2025-07-15T16:10:49.621146+00:00", "symbol": "ETH-USD"}, {"trade_id": 667417965, "side": "sell", "size": "0.00163460", "price": "3053.72000000", "time": "2025-07-15T16:10:17.130656Z", "fetched_at": "2025-07-15T16:10:49.621146+00:00", "symbol": "ETH-USD"}, {"trade_id": 667417964, "side": "sell", "size": "0.02426326", "price": "3053.72000000", "time": "2025-07-15T16:10:17.000367Z", "fetched_at": "2025-07-15T16:10:49.621146+00:00", "symbol": "ETH-USD"}, {"trade_id": 667417963, "side": "sell", "size": "0.04444982", "price": "3053.72000000", "time": "2025-07-15T16:10:16.798747Z", "fetched_at": "2025-07-15T16:10:49.621146+00:00", "symbol": "ETH-USD"}, {"trade_id": 667417962, "side": "sell", "size": "0.00810314", "price": "3053.72000000", "time": "2025-07-15T16:10:16.431266Z", "fetched_at": "2025-07-15T16:10:49.621146+00:00", "symbol": "ETH-USD"}, {"trade_id": 667417961, "side": "sell", "size": "0.03241835", "price": "3053.72000000", "time": "2025-07-15T16:10:16.405632Z", "fetched_at": "2025-07-15T16:10:49.621146+00:00", "symbol": "ETH-USD"}, {"trade_id": 667417960, "side": "sell", "size": "0.03405390", "price": "3053.72000000", "time": "2025-07-15T16:10:16.273967Z", "fetched_at": "2025-07-15T16:10:49.621146+00:00", "symbol": "ETH-USD"}, {"trade_id": 667417959, "side": "buy", "size": "0.00952330", "price": "3053.91000000", "time": "2025-07-15T16:10:16.202913Z", "fetched_at": "2025-07-15T16:10:49.621146+00:00", "symbol": "ETH-USD"}, {"trade_id": 667417958, "side": "buy", "size": "1.12099406", "price": "3053.93000000", "time": "2025-07-15T16:10:16.202913Z", "fetched_at": "2025-07-15T16:10:49.621146+00:00", "symbol": "ETH-USD"}, {"trade_id": 667417957, "side": "buy", "size": "0.17900594", "price": "3053.93000000", "time": "2025-07-15T16:10:16.199241Z", "fetched_at": "2025-07-15T16:10:49.621146+00:00", "symbol": "ETH-USD"}, {"trade_id": 667417956, "side": "buy", "size": "0.02873674", "price": "3053.93000000", "time": "2025-07-15T16:10:16.199241Z", "fetched_at": "2025-07-15T16:10:49.621146+00:00", "symbol": "ETH-USD"}, {"trade_id": 667417955, "side": "buy", "size": "0.01454846", "price": "3053.93000000", "time": "2025-07-15T16:10:16.199241Z", "fetched_at": "2025-07-15T16:10:49.621146+00:00", "symbol": "ETH-USD"}, {"trade_id": 667417954, "side": "buy", "size": "0.90000000", "price": "3053.93000000", "time": "2025-07-15T16:10:16.199241Z", "fetched_at": "2025-07-15T16:10:49.621146+00:00", "symbol": "ETH-USD"}, {"trade_id": 667417953, "side": "sell", "size": "0.00056724", "price": "3053.94000000", "time": "2025-07-15T16:10:15.594609Z", "fetched_at": "2025-07-15T16:10:49.621146+00:00", "symbol": "ETH-USD"}, {"trade_id": 667417952, "side": "sell", "size": "0.00636228", "price": "3053.94000000", "time": "2025-07-15T16:10:15.521352Z", "fetched_at": "2025-07-15T16:10:49.621146+00:00", "symbol": "ETH-USD"}, {"trade_id": 667417951, "side": "sell", "size": "0.00024311", "price": "3053.94000000", "time": "2025-07-15T16:10:15.087502Z", "fetched_at": "2025-07-15T16:10:49.621146+00:00", "symbol": "ETH-USD"}, {"trade_id": 667417950, "side": "sell", "size": "0.02386363", "price": "3053.94000000", "time": "2025-07-15T16:10:14.594450Z", "fetched_at": "2025-07-15T16:10:49.621146+00:00", "symbol": "ETH-USD"}, {"trade_id": 667417949, "side": "sell", "size": "0.00923061", "price": "3053.94000000", "time": "2025-07-15T16:10:14.492116Z", "fetched_at": "2025-07-15T16:10:49.621146+00:00", "symbol": "ETH-USD"}, {"trade_id": 667417948, "side": "sell", "size": "0.77316001", "price": "3053.94000000", "time": "2025-07-15T16:10:14.492116Z", "fetched_at": "2025-07-15T16:10:49.621146+00:00", "symbol": "ETH-USD"}, {"trade_id": 667417947, "side": "sell", "size": "0.13650000", "price": "3053.94000000", "time": "2025-07-15T16:10:14.492116Z", "fetched_at": "2025-07-15T16:10:49.621146+00:00", "symbol": "ETH-USD"}, {"trade_id": 667417946, "side": "sell", "size": "0.00511763", "price": "3053.92000000", "time": "2025-07-15T16:10:13.775925Z", "fetched_at": "2025-07-15T16:10:49.621146+00:00", "symbol": "ETH-USD"}, {"trade_id": 667417945, "side": "sell", "size": "0.64532001", "price": "3053.92000000", "time": "2025-07-15T16:10:13.775925Z", "fetched_at": "2025-07-15T16:10:49.621146+00:00", "symbol": "ETH-USD"}, {"trade_id": 667417944, "side": "sell", "size": "0.12218229", "price": "3053.92000000", "time": "2025-07-15T16:10:13.775925Z", "fetched_at": "2025-07-15T16:10:49.621146+00:00", "symbol": "ETH-USD"}, {"trade_id": 667417943, "side": "buy", "size": "0.00114499", "price": "3053.91000000", "time": "2025-07-15T16:10:13.535541Z", "fetched_at": "2025-07-15T16:10:49.621146+00:00", "symbol": "ETH-USD"}, {"trade_id": 667417942, "side": "buy", "size": "0.00251500", "price": "3053.91000000", "time": "2025-07-15T16:10:13.535541Z", "fetched_at": "2025-07-15T16:10:49.621146+00:00", "symbol": "ETH-USD"}, {"trade_id": 667417941, "side": "buy", "size": "0.00002619", "price": "3053.91000000", "time": "2025-07-15T16:10:13.535541Z", "fetched_at": "2025-07-15T16:10:49.621146+00:00", "symbol": "ETH-USD"}, {"trade_id": 667417940, "side": "sell", "size": "0.00795454", "price": "3053.92000000", "time": "2025-07-15T16:10:13.428505Z", "fetched_at": "2025-07-15T16:10:49.621146+00:00", "symbol": "ETH-USD"}, {"trade_id": 667417939, "side": "sell", "size": "0.00636317", "price": "3053.92000000", "time": "2025-07-15T16:10:13.256726Z", "fetched_at": "2025-07-15T16:10:49.621146+00:00", "symbol": "ETH-USD"}, {"trade_id": 667417938, "side": "buy", "size": "1.20000000", "price": "3054.14000000", "time": "2025-07-15T16:10:13.127174Z", "fetched_at": "2025-07-15T16:10:49.621146+00:00", "symbol": "ETH-USD"}, {"trade_id": 667417937, "side": "buy", "size": "0.00001637", "price": "3054.14000000", "time": "2025-07-15T16:10:13.127174Z", "fetched_at": "2025-07-15T16:10:49.621146+00:00", "symbol": "ETH-USD"}, {"trade_id": 667417936, "side": "buy", "size": "0.02183265", "price": "3054.14000000", "time": "2025-07-15T16:10:13.127174Z", "fetched_at": "2025-07-15T16:10:49.621146+00:00", "symbol": "ETH-USD"}, {"trade_id": 667417935, "side": "sell", "size": "0.00477130", "price": "3054.15000000", "time": "2025-07-15T16:10:12.907721Z", "fetched_at": "2025-07-15T16:10:49.621146+00:00", "symbol": "ETH-USD"}, {"trade_id": 667417934, "side": "sell", "size": "0.01909482", "price": "3054.15000000", "time": "2025-07-15T16:10:12.503063Z", "fetched_at": "2025-07-15T16:10:49.621146+00:00", "symbol": "ETH-USD"}, {"trade_id": 667417933, "side": "sell", "size": "0.78608001", "price": "3053.92000000", "time": "2025-07-15T16:10:12.182208Z", "fetched_at": "2025-07-15T16:10:49.621146+00:00", "symbol": "ETH-USD"}, {"trade_id": 667417932, "side": "buy", "size": "0.02619365", "price": "3053.91000000", "time": "2025-07-15T16:10:11.982393Z", "fetched_at": "2025-07-15T16:10:49.621146+00:00", "symbol": "ETH-USD"}, {"trade_id": 667417931, "side": "buy", "size": "0.00327450", "price": "3053.91000000", "time": "2025-07-15T16:10:11.982393Z", "fetched_at": "2025-07-15T16:10:49.621146+00:00", "symbol": "ETH-USD"}, {"trade_id": 667417930, "side": "sell", "size": "0.00810495", "price": "3053.92000000", "time": "2025-07-15T16:10:11.788921Z", "fetched_at": "2025-07-15T16:10:49.621146+00:00", "symbol": "ETH-USD"}, {"trade_id": 667417929, "side": "buy", "size": "0.13935642", "price": "3053.91000000", "time": "2025-07-15T16:10:11.617030Z", "fetched_at": "2025-07-15T16:10:49.621146+00:00", "symbol": "ETH-USD"}, {"trade_id": 667417928, "side": "buy", "size": "0.03670476", "price": "3053.95000000", "time": "2025-07-15T16:10:11.617030Z", "fetched_at": "2025-07-15T16:10:49.621146+00:00", "symbol": "ETH-USD"}, {"trade_id": 667417927, "side": "buy", "size": "0.00327433", "price": "3054.06000000", "time": "2025-07-15T16:10:11.617030Z", "fetched_at": "2025-07-15T16:10:49.621146+00:00", "symbol": "ETH-USD"}, {"trade_id": 667417926, "side": "buy", "size": "0.01066449", "price": "3054.06000000", "time": "2025-07-15T16:10:11.617030Z", "fetched_at": "2025-07-15T16:10:49.621146+00:00", "symbol": "ETH-USD"}, {"trade_id": 667417925, "side": "buy", "size": "0.00052788", "price": "3054.20000000", "time": "2025-07-15T16:10:11.500866Z", "fetched_at": "2025-07-15T16:10:49.621146+00:00", "symbol": "ETH-USD"}, {"trade_id": 667417924, "side": "sell", "size": "0.61200001", "price": "3054.07000000", "time": "2025-07-15T16:10:11.377439Z", "fetched_at": "2025-07-15T16:10:49.621146+00:00", "symbol": "ETH-USD"}, {"trade_id": 667417923, "side": "sell", "size": "0.00953484", "price": "3054.28000000", "time": "2025-07-15T16:10:11.283851Z", "fetched_at": "2025-07-15T16:10:49.621146+00:00", "symbol": "ETH-USD"}, {"trade_id": 667417922, "side": "sell", "size": "0.69020001", "price": "3054.41000000", "time": "2025-07-15T16:10:11.234937Z", "fetched_at": "2025-07-15T16:10:49.621146+00:00", "symbol": "ETH-USD"}, {"trade_id": 667417921, "side": "sell", "size": "0.00100000", "price": "3054.40000000", "time": "2025-07-15T16:10:11.234937Z", "fetched_at": "2025-07-15T16:10:49.621146+00:00", "symbol": "ETH-USD"}, {"trade_id": 667417920, "side": "sell", "size": "0.33809235", "price": "3054.30000000", "time": "2025-07-15T16:10:11.234937Z", "fetched_at": "2025-07-15T16:10:49.621146+00:00", "symbol": "ETH-USD"}, {"trade_id": 667417919, "side": "sell", "size": "0.00044801", "price": "3054.29000000", "time": "2025-07-15T16:10:11.234937Z", "fetched_at": "2025-07-15T16:10:49.621146+00:00", "symbol": "ETH-USD"}, {"trade_id": 667417918, "side": "sell", "size": "0.65471890", "price": "3053.94000000", "time": "2025-07-15T16:10:11.233291Z", "fetched_at": "2025-07-15T16:10:49.621146+00:00", "symbol": "ETH-USD"}, {"trade_id": 667417917, "side": "sell", "size": "0.03548111", "price": "3053.94000000", "time": "2025-07-15T16:10:11.224576Z", "fetched_at": "2025-07-15T16:10:49.621146+00:00", "symbol": "ETH-USD"}, {"trade_id": 667417916, "side": "sell", "size": "0.00100000", "price": "3053.94000000", "time": "2025-07-15T16:10:11.224576Z", "fetched_at": "2025-07-15T16:10:49.621146+00:00", "symbol": "ETH-USD"}, {"trade_id": 667417915, "side": "sell", "size": "0.70040001", "price": "3053.77000000", "time": "2025-07-15T16:10:11.175016Z", "fetched_at": "2025-07-15T16:10:49.621146+00:00", "symbol": "ETH-USD"}, {"trade_id": 667417914, "side": "sell", "size": "0.00185209", "price": "3053.77000000", "time": "2025-07-15T16:10:11.175016Z", "fetched_at": "2025-07-15T16:10:49.621146+00:00", "symbol": "ETH-USD"}, {"trade_id": 667417913, "side": "sell", "size": "0.00712604", "price": "3053.77000000", "time": "2025-07-15T16:10:11.175016Z", "fetched_at": "2025-07-15T16:10:49.621146+00:00", "symbol": "ETH-USD"}, {"trade_id": 667417912, "side": "sell", "size": "0.79266846", "price": "3053.72000000", "time": "2025-07-15T16:10:11.127246Z", "fetched_at": "2025-07-15T16:10:49.621146+00:00", "symbol": "ETH-USD"}, {"trade_id": 667417911, "side": "sell", "size": "0.00089155", "price": "3053.72000000", "time": "2025-07-15T16:10:11.089459Z", "fetched_at": "2025-07-15T16:10:49.621146+00:00", "symbol": "ETH-USD"}, {"trade_id": 667417910, "side": "sell", "size": "0.72080001", "price": "3053.72000000", "time": "2025-07-15T16:10:10.382524Z", "fetched_at": "2025-07-15T16:10:49.621146+00:00", "symbol": "ETH-USD"}, {"trade_id": 667417909, "side": "sell", "size": "0.00159209", "price": "3053.72000000", "time": "2025-07-15T16:10:10.382524Z", "fetched_at": "2025-07-15T16:10:49.621146+00:00", "symbol": "ETH-USD"}, {"trade_id": 667417908, "side": "sell", "size": "0.00151713", "price": "3053.72000000", "time": "2025-07-15T16:10:10.308715Z", "fetched_at": "2025-07-15T16:10:49.621146+00:00", "symbol": "ETH-USD"}, {"trade_id": 667417907, "side": "sell", "size": "0.00024001", "price": "3053.72000000", "time": "2025-07-15T16:10:10.308715Z", "fetched_at": "2025-07-15T16:10:49.621146+00:00", "symbol": "ETH-USD"}, {"trade_id": 667417906, "side": "sell", "size": "0.75888001", "price": "3053.65000000", "time": "2025-07-15T16:10:10.306430Z", "fetched_at": "2025-07-15T16:10:49.621146+00:00", "symbol": "ETH-USD"}, {"trade_id": 667417905, "side": "sell", "size": "0.00048131", "price": "3053.64000000", "time": "2025-07-15T16:10:10.306430Z", "fetched_at": "2025-07-15T16:10:49.621146+00:00", "symbol": "ETH-USD"}, {"trade_id": 667417904, "side": "sell", "size": "0.00048131", "price": "3053.66000000", "time": "2025-07-15T16:10:10.289664Z", "fetched_at": "2025-07-15T16:10:49.621146+00:00", "symbol": "ETH-USD"}, {"trade_id": 667417903, "side": "sell", "size": "0.59160001", "price": "3053.50000000", "time": "2025-07-15T16:10:10.256469Z", "fetched_at": "2025-07-15T16:10:49.621146+00:00", "symbol": "ETH-USD"}, {"trade_id": 667417902, "side": "sell", "size": "0.81871556", "price": "3053.57000000", "time": "2025-07-15T16:10:10.206290Z", "fetched_at": "2025-07-15T16:10:49.621146+00:00", "symbol": "ETH-USD"}, {"trade_id": 667417901, "side": "sell", "size": "0.00048131", "price": "3053.56000000", "time": "2025-07-15T16:10:10.206290Z", "fetched_at": "2025-07-15T16:10:49.621146+00:00", "symbol": "ETH-USD"}, {"trade_id": 667417900, "side": "sell", "size": "0.00010335", "price": "3053.30000000", "time": "2025-07-15T16:10:10.205459Z", "fetched_at": "2025-07-15T16:10:49.621146+00:00", "symbol": "ETH-USD"}, {"trade_id": 667417899, "side": "sell", "size": "0.00027506", "price": "3053.30000000", "time": "2025-07-15T16:10:10.205459Z", "fetched_at": "2025-07-15T16:10:49.621146+00:00", "symbol": "ETH-USD"}, {"trade_id": 667417898, "side": "sell", "size": "0.62152001", "price": "3053.30000000", "time": "2025-07-15T16:10:10.205459Z", "fetched_at": "2025-07-15T16:10:49.621146+00:00", "symbol": "ETH-USD"}, {"trade_id": 667417897, "side": "sell", "size": "0.01341199", "price": "3053.52000000", "time": "2025-07-15T16:10:09.993783Z", "fetched_at": "2025-07-15T16:10:49.621146+00:00", "symbol": "ETH-USD"}, {"trade_id": 667417896, "side": "sell", "size": "0.00043432", "price": "3053.51000000", "time": "2025-07-15T16:10:09.993783Z", "fetched_at": "2025-07-15T16:10:49.621146+00:00", "symbol": "ETH-USD"}, {"trade_id": 667417895, "side": "buy", "size": "0.03205321", "price": "3053.36000000", "time": "2025-07-15T16:10:09.709823Z", "fetched_at": "2025-07-15T16:10:49.621146+00:00", "symbol": "ETH-USD"}, {"trade_id": 667417894, "side": "buy", "size": "0.00327509", "price": "3053.36000000", "time": "2025-07-15T16:10:09.709823Z", "fetched_at": "2025-07-15T16:10:49.621146+00:00", "symbol": "ETH-USD"}, {"trade_id": 667417893, "side": "buy", "size": "0.00790931", "price": "3053.36000000", "time": "2025-07-15T16:10:09.709823Z", "fetched_at": "2025-07-15T16:10:49.621146+00:00", "symbol": "ETH-USD"}, {"trade_id": 667417892, "side": "buy", "size": "0.92654055", "price": "3053.36000000", "time": "2025-07-15T16:10:09.709823Z", "fetched_at": "2025-07-15T16:10:49.621146+00:00", "symbol": "ETH-USD"}, {"trade_id": 667417891, "side": "buy", "size": "0.16389224", "price": "3053.36000000", "time": "2025-07-15T16:10:09.598122Z", "fetched_at": "2025-07-15T16:10:49.621146+00:00", "symbol": "ETH-USD"}, {"trade_id": 667417890, "side": "buy", "size": "1.08618358", "price": "3053.36000000", "time": "2025-07-15T16:10:09.137139Z", "fetched_at": "2025-07-15T16:10:49.621146+00:00", "symbol": "ETH-USD"}, {"trade_id": 667417889, "side": "buy", "size": "0.00327507", "price": "3053.37000000", "time": "2025-07-15T16:10:09.137139Z", "fetched_at": "2025-07-15T16:10:49.621146+00:00", "symbol": "ETH-USD"}, {"trade_id": 667417888, "side": "buy", "size": "0.79845759", "price": "3053.36000000", "time": "2025-07-15T16:10:09.073141Z", "fetched_at": "2025-07-15T16:10:49.621146+00:00", "symbol": "ETH-USD"}, {"trade_id": 667417887, "side": "buy", "size": "0.03277414", "price": "3053.36000000", "time": "2025-07-15T16:10:09.072343Z", "fetched_at": "2025-07-15T16:10:49.621146+00:00", "symbol": "ETH-USD"}, {"trade_id": 667417886, "side": "buy", "size": "0.00083181", "price": "3053.37000000", "time": "2025-07-15T16:10:09.072343Z", "fetched_at": "2025-07-15T16:10:49.621146+00:00", "symbol": "ETH-USD"}, {"trade_id": 667417885, "side": "buy", "size": "2.80300831", "price": "3053.37000000", "time": "2025-07-15T16:10:09.072343Z", "fetched_at": "2025-07-15T16:10:49.621146+00:00", "symbol": "ETH-USD"}, {"trade_id": 667417884, "side": "buy", "size": "0.00327496", "price": "3053.48000000", "time": "2025-07-15T16:10:09.072343Z", "fetched_at": "2025-07-15T16:10:49.621146+00:00", "symbol": "ETH-USD"}, {"trade_id": 667417883, "side": "buy", "size": "0.00100000", "price": "3053.48000000", "time": "2025-07-15T16:10:09.072343Z", "fetched_at": "2025-07-15T16:10:49.621146+00:00", "symbol": "ETH-USD"}, {"trade_id": 667417882, "side": "buy", "size": "0.04152653", "price": "3053.71000000", "time": "2025-07-15T16:10:08.672089Z", "fetched_at": "2025-07-15T16:10:49.621146+00:00", "symbol": "ETH-USD"}, {"trade_id": 667417881, "side": "buy", "size": "0.00327471", "price": "3053.71000000", "time": "2025-07-15T16:10:08.672089Z", "fetched_at": "2025-07-15T16:10:49.621146+00:00", "symbol": "ETH-USD"}, {"trade_id": 667417880, "side": "buy", "size": "0.01686800", "price": "3053.71000000", "time": "2025-07-15T16:10:08.672089Z", "fetched_at": "2025-07-15T16:10:49.621146+00:00", "symbol": "ETH-USD"}, {"trade_id": 667417879, "side": "buy", "size": "1.40000000", "price": "3053.71000000", "time": "2025-07-15T16:10:08.672089Z", "fetched_at": "2025-07-15T16:10:49.621146+00:00", "symbol": "ETH-USD"}, {"trade_id": 667417878, "side": "buy", "size": "0.00100000", "price": "3053.71000000", "time": "2025-07-15T16:10:08.672089Z", "fetched_at": "2025-07-15T16:10:49.621146+00:00", "symbol": "ETH-USD"}, {"trade_id": 667417877, "side": "buy", "size": "0.32682398", "price": "3053.92000000", "time": "2025-07-15T16:10:06.642671Z", "fetched_at": "2025-07-15T16:10:49.621146+00:00", "symbol": "ETH-USD"}, {"trade_id": 667417876, "side": "buy", "size": "0.20187209", "price": "3053.95000000", "time": "2025-07-15T16:10:06.638542Z", "fetched_at": "2025-07-15T16:10:49.621146+00:00", "symbol": "ETH-USD"}, {"trade_id": 667417875, "side": "buy", "size": "1.20000000", "price": "3053.98000000", "time": "2025-07-15T16:10:06.638542Z", "fetched_at": "2025-07-15T16:10:49.621146+00:00", "symbol": "ETH-USD"}, {"trade_id": 667417874, "side": "buy", "size": "0.56206918", "price": "3054.00000000", "time": "2025-07-15T16:10:06.634057Z", "fetched_at": "2025-07-15T16:10:49.621146+00:00", "symbol": "ETH-USD"}, {"trade_id": 667417873, "side": "buy", "size": "2.87833201", "price": "3054.00000000", "time": "2025-07-15T16:10:06.633654Z", "fetched_at": "2025-07-15T16:10:49.621146+00:00", "symbol": "ETH-USD"}, {"trade_id": 667417872, "side": "buy", "size": "0.00327427", "price": "3054.12000000", "time": "2025-07-15T16:10:06.630901Z", "fetched_at": "2025-07-15T16:10:49.621146+00:00", "symbol": "ETH-USD"}, {"trade_id": 667417871, "side": "buy", "size": "0.23833300", "price": "3054.28000000", "time": "2025-07-15T16:10:06.525954Z", "fetched_at": "2025-07-15T16:10:49.621146+00:00", "symbol": "ETH-USD"}, {"trade_id": 667417870, "side": "buy", "size": "0.00327409", "price": "3054.29000000", "time": "2025-07-15T16:10:06.525954Z", "fetched_at": "2025-07-15T16:10:49.621146+00:00", "symbol": "ETH-USD"}, {"trade_id": 667417869, "side": "sell", "size": "0.13650000", "price": "3054.25000000", "time": "2025-07-15T16:10:06.386860Z", "fetched_at": "2025-07-15T16:10:49.621146+00:00", "symbol": "ETH-USD"}, {"trade_id": 667417868, "side": "sell", "size": "0.16876000", "price": "3054.33000000", "time": "2025-07-15T16:10:06.325797Z", "fetched_at": "2025-07-15T16:10:49.621146+00:00", "symbol": "ETH-USD"}, {"trade_id": 667417867, "side": "sell", "size": "0.13650000", "price": "3054.33000000", "time": "2025-07-15T16:10:06.319500Z", "fetched_at": "2025-07-15T16:10:49.621146+00:00", "symbol": "ETH-USD"}, {"trade_id": 667417866, "side": "sell", "size": "0.13650000", "price": "3054.38000000", "time": "2025-07-15T16:10:06.311058Z", "fetched_at": "2025-07-15T16:10:49.621146+00:00", "symbol": "ETH-USD"}, {"trade_id": 667417865, "side": "sell", "size": "0.18563000", "price": "3054.37000000", "time": "2025-07-15T16:10:06.302789Z", "fetched_at": "2025-07-15T16:10:49.621146+00:00", "symbol": "ETH-USD"}, {"trade_id": 667417864, "side": "sell", "size": "0.13650000", "price": "3054.37000000", "time": "2025-07-15T16:10:06.296434Z", "fetched_at": "2025-07-15T16:10:49.621146+00:00", "symbol": "ETH-USD"}, {"trade_id": 667417863, "side": "sell", "size": "0.13650000", "price": "3054.30000000", "time": "2025-07-15T16:10:06.252166Z", "fetched_at": "2025-07-15T16:10:49.621146+00:00", "symbol": "ETH-USD"}, {"trade_id": 667417862, "side": "sell", "size": "0.12884047", "price": "3054.89000000", "time": "2025-07-15T16:10:06.192061Z", "fetched_at": "2025-07-15T16:10:49.621146+00:00", "symbol": "ETH-USD"}, {"trade_id": 667417861, "side": "sell", "size": "0.00100000", "price": "3054.86000000", "time": "2025-07-15T16:10:06.192061Z", "fetched_at": "2025-07-15T16:10:49.621146+00:00", "symbol": "ETH-USD"}, {"trade_id": 667417860, "side": "sell", "size": "0.00002797", "price": "3054.60000000", "time": "2025-07-15T16:10:06.192061Z", "fetched_at": "2025-07-15T16:10:49.621146+00:00", "symbol": "ETH-USD"}, {"trade_id": 667417859, "side": "sell", "size": "0.13650000", "price": "3054.52000000", "time": "2025-07-15T16:10:06.192061Z", "fetched_at": "2025-07-15T16:10:49.621146+00:00", "symbol": "ETH-USD"}, {"trade_id": 667417858, "side": "sell", "size": "0.00712605", "price": "3054.63000000", "time": "2025-07-15T16:10:05.800771Z", "fetched_at": "2025-07-15T16:10:49.621146+00:00", "symbol": "ETH-USD"}, {"trade_id": 667417857, "side": "sell", "size": "0.00100000", "price": "3054.63000000", "time": "2025-07-15T16:10:05.800771Z", "fetched_at": "2025-07-15T16:10:49.621146+00:00", "symbol": "ETH-USD"}, {"trade_id": 667417856, "side": "sell", "size": "0.00009724", "price": "3054.59000000", "time": "2025-07-15T16:10:05.800771Z", "fetched_at": "2025-07-15T16:10:49.621146+00:00", "symbol": "ETH-USD"}, {"trade_id": 667417855, "side": "sell", "size": "0.13650000", "price": "3054.56000000", "time": "2025-07-15T16:10:05.800771Z", "fetched_at": "2025-07-15T16:10:49.621146+00:00", "symbol": "ETH-USD"}, {"trade_id": 667417854, "side": "sell", "size": "0.13650000", "price": "3054.47000000", "time": "2025-07-15T16:10:05.768371Z", "fetched_at": "2025-07-15T16:10:49.621146+00:00", "symbol": "ETH-USD"}, {"trade_id": 667417853, "side": "sell", "size": "0.13650000", "price": "3054.36000000", "time": "2025-07-15T16:10:05.675079Z", "fetched_at": "2025-07-15T16:10:49.621146+00:00", "symbol": "ETH-USD"}, {"trade_id": 667417852, "side": "sell", "size": "0.00010334", "price": "3054.26000000", "time": "2025-07-15T16:10:05.508126Z", "fetched_at": "2025-07-15T16:10:49.621146+00:00", "symbol": "ETH-USD"}, {"trade_id": 667417851, "side": "sell", "size": "0.00027510", "price": "3054.26000000", "time": "2025-07-15T16:10:05.508126Z", "fetched_at": "2025-07-15T16:10:49.621146+00:00", "symbol": "ETH-USD"}, {"trade_id": 667417850, "side": "sell", "size": "0.00027507", "price": "3054.27000000", "time": "2025-07-15T16:10:04.127307Z", "fetched_at": "2025-07-15T16:10:49.621146+00:00", "symbol": "ETH-USD"}, {"trade_id": 667417849, "side": "sell", "size": "0.13508306", "price": "3054.23000000", "time": "2025-07-15T16:10:04.126396Z", "fetched_at": "2025-07-15T16:10:49.621146+00:00", "symbol": "ETH-USD"}, {"trade_id": 667417848, "side": "sell", "size": "0.00010334", "price": "3054.23000000", "time": "2025-07-15T16:10:04.126396Z", "fetched_at": "2025-07-15T16:10:49.621146+00:00", "symbol": "ETH-USD"}, {"trade_id": 667417847, "side": "sell", "size": "0.16389224", "price": "3054.18000000", "time": "2025-07-15T16:10:04.126396Z", "fetched_at": "2025-07-15T16:10:49.621146+00:00", "symbol": "ETH-USD"}, {"trade_id": 667417846, "side": "sell", "size": "0.00100000", "price": "3054.17000000", "time": "2025-07-15T16:10:04.126396Z", "fetched_at": "2025-07-15T16:10:49.621146+00:00", "symbol": "ETH-USD"}, {"trade_id": 667417845, "side": "sell", "size": "0.69016998", "price": "3053.94000000", "time": "2025-07-15T16:10:03.937002Z", "fetched_at": "2025-07-15T16:10:49.621146+00:00", "symbol": "ETH-USD"}, {"trade_id": 667417844, "side": "buy", "size": "0.12869000", "price": "3054.05000000", "time": "2025-07-15T16:10:03.932042Z", "fetched_at": "2025-07-15T16:10:49.621146+00:00", "symbol": "ETH-USD"}, {"trade_id": 667417843, "side": "sell", "size": "0.13650000", "price": "3053.64000000", "time": "2025-07-15T16:10:03.739493Z", "fetched_at": "2025-07-15T16:10:49.621146+00:00", "symbol": "ETH-USD"}, {"trade_id": 667417842, "side": "sell", "size": "0.13650000", "price": "3053.60000000", "time": "2025-07-15T16:10:03.596637Z", "fetched_at": "2025-07-15T16:10:49.621146+00:00", "symbol": "ETH-USD"}, {"trade_id": 667417841, "side": "sell", "size": "0.00668777", "price": "3053.63000000", "time": "2025-07-15T16:10:03.403832Z", "fetched_at": "2025-07-15T16:10:49.621146+00:00", "symbol": "ETH-USD"}, {"trade_id": 667417840, "side": "sell", "size": "0.13650000", "price": "3053.57000000", "time": "2025-07-15T16:10:03.403832Z", "fetched_at": "2025-07-15T16:10:49.621146+00:00", "symbol": "ETH-USD"}, {"trade_id": 667417839, "side": "sell", "size": "0.00005588", "price": "3053.53000000", "time": "2025-07-15T16:10:03.393672Z", "fetched_at": "2025-07-15T16:10:49.621146+00:00", "symbol": "ETH-USD"}, {"trade_id": 667417838, "side": "sell", "size": "0.13650000", "price": "3053.53000000", "time": "2025-07-15T16:10:03.393672Z", "fetched_at": "2025-07-15T16:10:49.621146+00:00", "symbol": "ETH-USD"}, {"trade_id": 667417837, "side": "sell", "size": "0.03040000", "price": "3053.63000000", "time": "2025-07-15T16:10:03.151714Z", "fetched_at": "2025-07-15T16:10:49.621146+00:00", "symbol": "ETH-USD"}, {"trade_id": 667417836, "side": "sell", "size": "0.13650000", "price": "3053.58000000", "time": "2025-07-15T16:10:03.089741Z", "fetched_at": "2025-07-15T16:10:49.621146+00:00", "symbol": "ETH-USD"}, {"trade_id": 667417835, "side": "buy", "size": "0.06364116", "price": "3053.46000000", "time": "2025-07-15T16:10:03.007399Z", "fetched_at": "2025-07-15T16:10:49.621146+00:00", "symbol": "ETH-USD"}, {"trade_id": 667417834, "side": "buy", "size": "0.06100649", "price": "3053.47000000", "time": "2025-07-15T16:10:03.007399Z", "fetched_at": "2025-07-15T16:10:49.621146+00:00", "symbol": "ETH-USD"}, {"trade_id": 667417833, "side": "buy", "size": "0.00327496", "price": "3053.48000000", "time": "2025-07-15T16:10:03.007399Z", "fetched_at": "2025-07-15T16:10:49.621146+00:00", "symbol": "ETH-USD"}, {"trade_id": 667417832, "side": "buy", "size": "0.20000000", "price": "3053.77000000", "time": "2025-07-15T16:10:03.007399Z", "fetched_at": "2025-07-15T16:10:49.621146+00:00", "symbol": "ETH-USD"}, {"trade_id": 667417831, "side": "sell", "size": "0.01086832", "price": "3054.17000000", "time": "2025-07-15T16:10:02.903480Z", "fetched_at": "2025-07-15T16:10:49.621146+00:00", "symbol": "ETH-USD"}, {"trade_id": 667417830, "side": "sell", "size": "0.00100000", "price": "3053.71000000", "time": "2025-07-15T16:10:02.664005Z", "fetched_at": "2025-07-15T16:10:49.621146+00:00", "symbol": "ETH-USD"}, {"trade_id": 667417829, "side": "sell", "size": "0.97200000", "price": "3053.66000000", "time": "2025-07-15T16:10:02.660319Z", "fetched_at": "2025-07-15T16:10:49.621146+00:00", "symbol": "ETH-USD"}, {"trade_id": 667417828, "side": "sell", "size": "0.13650000", "price": "3053.22000000", "time": "2025-07-15T16:10:02.606547Z", "fetched_at": "2025-07-15T16:10:49.621146+00:00", "symbol": "ETH-USD"}, {"trade_id": 667417827, "side": "sell", "size": "0.13650000", "price": "3053.22000000", "time": "2025-07-15T16:10:02.581926Z", "fetched_at": "2025-07-15T16:10:49.621146+00:00", "symbol": "ETH-USD"}, {"trade_id": 667417826, "side": "sell", "size": "0.13650000", "price": "3053.21000000", "time": "2025-07-15T16:10:02.567122Z", "fetched_at": "2025-07-15T16:10:49.621146+00:00", "symbol": "ETH-USD"}, {"trade_id": 667417825, "side": "sell", "size": "0.00024002", "price": "3053.19000000", "time": "2025-07-15T16:10:02.552946Z", "fetched_at": "2025-07-15T16:10:49.621146+00:00", "symbol": "ETH-USD"}, {"trade_id": 667417824, "side": "sell", "size": "0.00185209", "price": "3053.19000000", "time": "2025-07-15T16:10:02.552946Z", "fetched_at": "2025-07-15T16:10:49.621146+00:00", "symbol": "ETH-USD"}, {"trade_id": 667417823, "side": "sell", "size": "0.13650000", "price": "3053.19000000", "time": "2025-07-15T16:10:02.552946Z", "fetched_at": "2025-07-15T16:10:49.621146+00:00", "symbol": "ETH-USD"}, {"trade_id": 667417822, "side": "buy", "size": "0.02949188", "price": "3053.18000000", "time": "2025-07-15T16:10:01.901087Z", "fetched_at": "2025-07-15T16:10:49.621146+00:00", "symbol": "ETH-USD"}, {"trade_id": 667417821, "side": "buy", "size": "0.00327518", "price": "3053.27000000", "time": "2025-07-15T16:10:01.901087Z", "fetched_at": "2025-07-15T16:10:49.621146+00:00", "symbol": "ETH-USD"}, {"trade_id": 667417820, "side": "buy", "size": "0.12843845", "price": "3053.54000000", "time": "2025-07-15T16:10:01.728532Z", "fetched_at": "2025-07-15T16:10:49.621146+00:00", "symbol": "ETH-USD"}, {"trade_id": 667417819, "side": "buy", "size": "0.11140360", "price": "3053.55000000", "time": "2025-07-15T16:10:01.728532Z", "fetched_at": "2025-07-15T16:10:49.621146+00:00", "symbol": "ETH-USD"}, {"trade_id": 667417818, "side": "buy", "size": "0.00105920", "price": "3053.55000000", "time": "2025-07-15T16:10:01.728532Z", "fetched_at": "2025-07-15T16:10:49.621146+00:00", "symbol": "ETH-USD"}, {"trade_id": 667417817, "side": "buy", "size": "0.01661000", "price": "3053.53000000", "time": "2025-07-15T16:10:01.630207Z", "fetched_at": "2025-07-15T16:10:49.621146+00:00", "symbol": "ETH-USD"}, {"trade_id": 667417816, "side": "sell", "size": "1.31173728", "price": "3054.14000000", "time": "2025-07-15T16:10:01.608447Z", "fetched_at": "2025-07-15T16:10:49.621146+00:00", "symbol": "ETH-USD"}, {"trade_id": 667417815, "side": "sell", "size": "0.11279148", "price": "3053.93000000", "time": "2025-07-15T16:10:01.608447Z", "fetched_at": "2025-07-15T16:10:49.621146+00:00", "symbol": "ETH-USD"}, {"trade_id": 667417814, "side": "sell", "size": "0.16376636", "price": "3053.13000000", "time": "2025-07-15T16:10:01.608447Z", "fetched_at": "2025-07-15T16:10:49.621146+00:00", "symbol": "ETH-USD"}, {"trade_id": 667417813, "side": "sell", "size": "0.64781595", "price": "3053.85000000", "time": "2025-07-15T16:10:01.608304Z", "fetched_at": "2025-07-15T16:10:49.621146+00:00", "symbol": "ETH-USD"}, {"trade_id": 667417812, "side": "sell", "size": "0.41007089", "price": "3053.76000000", "time": "2025-07-15T16:10:01.608304Z", "fetched_at": "2025-07-15T16:10:49.621146+00:00", "symbol": "ETH-USD"}, {"trade_id": 667417811, "side": "sell", "size": "1.23872788", "price": "3053.76000000", "time": "2025-07-15T16:10:01.606222Z", "fetched_at": "2025-07-15T16:10:49.621146+00:00", "symbol": "ETH-USD"}, {"trade_id": 667417810, "side": "sell", "size": "0.33086839", "price": "3053.75000000", "time": "2025-07-15T16:10:01.606222Z", "fetched_at": "2025-07-15T16:10:49.621146+00:00", "symbol": "ETH-USD"}, {"trade_id": 667417809, "side": "sell", "size": "0.97200000", "price": "3053.71000000", "time": "2025-07-15T16:10:01.606222Z", "fetched_at": "2025-07-15T16:10:49.621146+00:00", "symbol": "ETH-USD"}, {"trade_id": 667417808, "side": "sell", "size": "0.41007089", "price": "3053.62000000", "time": "2025-07-15T16:10:01.606222Z", "fetched_at": "2025-07-15T16:10:49.621146+00:00", "symbol": "ETH-USD"}, {"trade_id": 667417807, "side": "sell", "size": "0.40863043", "price": "3053.62000000", "time": "2025-07-15T16:10:01.605844Z", "fetched_at": "2025-07-15T16:10:49.621146+00:00", "symbol": "ETH-USD"}, {"trade_id": 667417806, "side": "sell", "size": "0.31927188", "price": "3053.55000000", "time": "2025-07-15T16:10:01.605844Z", "fetched_at": "2025-07-15T16:10:49.621146+00:00", "symbol": "ETH-USD"}, {"trade_id": 667417805, "side": "sell", "size": "0.00100000", "price": "3053.48000000", "time": "2025-07-15T16:10:01.605844Z", "fetched_at": "2025-07-15T16:10:49.621146+00:00", "symbol": "ETH-USD"}, {"trade_id": 667417804, "side": "sell", "size": "0.00042769", "price": "3053.47000000", "time": "2025-07-15T16:10:01.605844Z", "fetched_at": "2025-07-15T16:10:49.621146+00:00", "symbol": "ETH-USD"}, {"trade_id": 667417803, "side": "sell", "size": "0.78569921", "price": "3053.42000000", "time": "2025-07-15T16:10:01.605440Z", "fetched_at": "2025-07-15T16:10:49.621146+00:00", "symbol": "ETH-USD"}, {"trade_id": 667417802, "side": "sell", "size": "0.03305589", "price": "3053.42000000", "time": "2025-07-15T16:10:01.605067Z", "fetched_at": "2025-07-15T16:10:49.621146+00:00", "symbol": "ETH-USD"}, {"trade_id": 667417801, "side": "sell", "size": "0.09164769", "price": "3053.30000000", "time": "2025-07-15T16:10:01.605067Z", "fetched_at": "2025-07-15T16:10:49.621146+00:00", "symbol": "ETH-USD"}, {"trade_id": 667417800, "side": "sell", "size": "0.30000000", "price": "3053.27000000", "time": "2025-07-15T16:10:01.605067Z", "fetched_at": "2025-07-15T16:10:49.621146+00:00", "symbol": "ETH-USD"}, {"trade_id": 667417799, "side": "sell", "size": "0.30000000", "price": "3053.26000000", "time": "2025-07-15T16:10:01.605067Z", "fetched_at": "2025-07-15T16:10:49.621146+00:00", "symbol": "ETH-USD"}, {"trade_id": 667417798, "side": "sell", "size": "0.97200000", "price": "3053.14000000", "time": "2025-07-15T16:10:01.605067Z", "fetched_at": "2025-07-15T16:10:49.621146+00:00", "symbol": "ETH-USD"}, {"trade_id": 667417797, "side": "sell", "size": "0.00326007", "price": "3053.13000000", "time": "2025-07-15T16:10:01.605067Z", "fetched_at": "2025-07-15T16:10:49.621146+00:00", "symbol": "ETH-USD"}, {"trade_id": 667417796, "side": "sell", "size": "0.00016653", "price": "3052.92000000", "time": "2025-07-15T16:10:01.130229Z", "fetched_at": "2025-07-15T16:10:49.621146+00:00", "symbol": "ETH-USD"}, {"trade_id": 667417795, "side": "sell", "size": "0.00327417", "price": "3052.92000000", "time": "2025-07-15T16:10:01.130229Z", "fetched_at": "2025-07-15T16:10:49.621146+00:00", "symbol": "ETH-USD"}, {"trade_id": 667417794, "side": "sell", "size": "0.05957592", "price": "3052.89000000", "time": "2025-07-15T16:10:00.982861Z", "fetched_at": "2025-07-15T16:10:49.621146+00:00", "symbol": "ETH-USD"}, {"trade_id": 667417793, "side": "sell", "size": "0.18563000", "price": "3052.80000000", "time": "2025-07-15T16:10:00.982861Z", "fetched_at": "2025-07-15T16:10:49.621146+00:00", "symbol": "ETH-USD"}, {"trade_id": 667417792, "side": "sell", "size": "0.55915057", "price": "3052.57000000", "time": "2025-07-15T16:10:00.982861Z", "fetched_at": "2025-07-15T16:10:49.621146+00:00", "symbol": "ETH-USD"}, {"trade_id": 667417791, "side": "sell", "size": "0.13650000", "price": "3052.57000000", "time": "2025-07-15T16:10:00.982861Z", "fetched_at": "2025-07-15T16:10:49.621146+00:00", "symbol": "ETH-USD"}, {"trade_id": 667417790, "side": "sell", "size": "0.00319987", "price": "3052.57000000", "time": "2025-07-15T16:10:00.982861Z", "fetched_at": "2025-07-15T16:10:49.621146+00:00", "symbol": "ETH-USD"}, {"trade_id": 667417789, "side": "buy", "size": "0.00100000", "price": "3052.79000000", "time": "2025-07-15T16:10:00.826642Z", "fetched_at": "2025-07-15T16:10:49.621146+00:00", "symbol": "ETH-USD"}, {"trade_id": 667417788, "side": "buy", "size": "0.00738285", "price": "3053.02000000", "time": "2025-07-15T16:10:00.758789Z", "fetched_at": "2025-07-15T16:10:49.621146+00:00", "symbol": "ETH-USD"}, {"trade_id": 667417787, "side": "buy", "size": "0.00100000", "price": "3053.02000000", "time": "2025-07-15T16:10:00.755521Z", "fetched_at": "2025-07-15T16:10:49.621146+00:00", "symbol": "ETH-USD"}, {"trade_id": 667417786, "side": "buy", "size": "0.52513755", "price": "3053.12000000", "time": "2025-07-15T16:10:00.586366Z", "fetched_at": "2025-07-15T16:10:49.621146+00:00", "symbol": "ETH-USD"}, {"trade_id": 667417785, "side": "buy", "size": "0.45521678", "price": "3053.12000000", "time": "2025-07-15T16:10:00.582204Z", "fetched_at": "2025-07-15T16:10:49.621146+00:00", "symbol": "ETH-USD"}, {"trade_id": 667417784, "side": "buy", "size": "0.65356955", "price": "3053.12000000", "time": "2025-07-15T16:10:00.581405Z", "fetched_at": "2025-07-15T16:10:49.621146+00:00", "symbol": "ETH-USD"}, {"trade_id": 667417783, "side": "buy", "size": "0.98035433", "price": "3053.13000000", "time": "2025-07-15T16:10:00.581405Z", "fetched_at": "2025-07-15T16:10:49.621146+00:00", "symbol": "ETH-USD"}, {"trade_id": 667417782, "side": "buy", "size": "0.33331158", "price": "3053.16000000", "time": "2025-07-15T16:10:00.580775Z", "fetched_at": "2025-07-15T16:10:49.621146+00:00", "symbol": "ETH-USD"}, {"trade_id": 667417781, "side": "buy", "size": "0.00100000", "price": "3053.25000000", "time": "2025-07-15T16:10:00.577893Z", "fetched_at": "2025-07-15T16:10:49.621146+00:00", "symbol": "ETH-USD"}, {"trade_id": 667417780, "side": "buy", "size": "0.24047588", "price": "3053.26000000", "time": "2025-07-15T16:10:00.577893Z", "fetched_at": "2025-07-15T16:10:49.621146+00:00", "symbol": "ETH-USD"}