[{"trade_id": 667396517, "side": "sell", "size": "0.00011149", "price": "3010.92000000", "time": "2025-07-15T15:39:26.238365Z", "fetched_at": "2025-07-15T15:39:32.217233+00:00", "symbol": "ETH-USD"}, {"trade_id": 667396516, "side": "sell", "size": "0.00029418", "price": "3010.92000000", "time": "2025-07-15T15:39:26.238365Z", "fetched_at": "2025-07-15T15:39:32.217233+00:00", "symbol": "ETH-USD"}, {"trade_id": 667396515, "side": "sell", "size": "0.77031116", "price": "3010.92000000", "time": "2025-07-15T15:39:26.238365Z", "fetched_at": "2025-07-15T15:39:32.217233+00:00", "symbol": "ETH-USD"}, {"trade_id": 667396514, "side": "sell", "size": "0.00163511", "price": "3010.91000000", "time": "2025-07-15T15:39:26.238365Z", "fetched_at": "2025-07-15T15:39:32.217233+00:00", "symbol": "ETH-USD"}, {"trade_id": 667396513, "side": "sell", "size": "0.07024067", "price": "3010.83000000", "time": "2025-07-15T15:39:26.155395Z", "fetched_at": "2025-07-15T15:39:32.217233+00:00", "symbol": "ETH-USD"}, {"trade_id": 667396512, "side": "sell", "size": "0.06563638", "price": "3010.83000000", "time": "2025-07-15T15:39:25.993739Z", "fetched_at": "2025-07-15T15:39:32.217233+00:00", "symbol": "ETH-USD"}, {"trade_id": 667396511, "side": "sell", "size": "0.16606716", "price": "3010.83000000", "time": "2025-07-15T15:39:25.387963Z", "fetched_at": "2025-07-15T15:39:32.217233+00:00", "symbol": "ETH-USD"}, {"trade_id": 667396510, "side": "buy", "size": "0.31743602", "price": "3010.38000000", "time": "2025-07-15T15:39:25.321210Z", "fetched_at": "2025-07-15T15:39:32.217233+00:00", "symbol": "ETH-USD"}, {"trade_id": 667396509, "side": "buy", "size": "0.02674969", "price": "3010.39000000", "time": "2025-07-15T15:39:25.321210Z", "fetched_at": "2025-07-15T15:39:32.217233+00:00", "symbol": "ETH-USD"}, {"trade_id": 667396508, "side": "buy", "size": "0.00305776", "price": "3010.40000000", "time": "2025-07-15T15:39:25.321210Z", "fetched_at": "2025-07-15T15:39:32.217233+00:00", "symbol": "ETH-USD"}, {"trade_id": 667396507, "side": "buy", "size": "0.02192520", "price": "3010.69000000", "time": "2025-07-15T15:39:25.321210Z", "fetched_at": "2025-07-15T15:39:32.217233+00:00", "symbol": "ETH-USD"}, {"trade_id": 667396506, "side": "buy", "size": "0.00100000", "price": "3010.70000000", "time": "2025-07-15T15:39:25.321210Z", "fetched_at": "2025-07-15T15:39:32.217233+00:00", "symbol": "ETH-USD"}, {"trade_id": 667396505, "side": "buy", "size": "0.00000664", "price": "3010.91000000", "time": "2025-07-15T15:39:25.321210Z", "fetched_at": "2025-07-15T15:39:32.217233+00:00", "symbol": "ETH-USD"}, {"trade_id": 667396504, "side": "sell", "size": "0.06000000", "price": "3010.92000000", "time": "2025-07-15T15:39:25.120543Z", "fetched_at": "2025-07-15T15:39:32.217233+00:00", "symbol": "ETH-USD"}, {"trade_id": 667396503, "side": "sell", "size": "0.01593195", "price": "3010.88000000", "time": "2025-07-15T15:39:24.790667Z", "fetched_at": "2025-07-15T15:39:32.217233+00:00", "symbol": "ETH-USD"}, {"trade_id": 667396502, "side": "buy", "size": "0.08538399", "price": "3011.22000000", "time": "2025-07-15T15:39:24.186744Z", "fetched_at": "2025-07-15T15:39:32.217233+00:00", "symbol": "ETH-USD"}, {"trade_id": 667396501, "side": "buy", "size": "0.01661000", "price": "3011.17000000", "time": "2025-07-15T15:39:23.214927Z", "fetched_at": "2025-07-15T15:39:32.217233+00:00", "symbol": "ETH-USD"}, {"trade_id": 667396500, "side": "sell", "size": "0.00225223", "price": "3010.77000000", "time": "2025-07-15T15:39:23.158644Z", "fetched_at": "2025-07-15T15:39:32.217233+00:00", "symbol": "ETH-USD"}, {"trade_id": 667396499, "side": "buy", "size": "0.03198605", "price": "3011.00000000", "time": "2025-07-15T15:39:23.080416Z", "fetched_at": "2025-07-15T15:39:32.217233+00:00", "symbol": "ETH-USD"}, {"trade_id": 667396498, "side": "buy", "size": "0.20420000", "price": "3011.00000000", "time": "2025-07-15T15:39:23.070103Z", "fetched_at": "2025-07-15T15:39:32.217233+00:00", "symbol": "ETH-USD"}, {"trade_id": 667396497, "side": "sell", "size": "0.53140721", "price": "3011.25000000", "time": "2025-07-15T15:39:23.045461Z", "fetched_at": "2025-07-15T15:39:32.217233+00:00", "symbol": "ETH-USD"}, {"trade_id": 667396496, "side": "sell", "size": "0.56797524", "price": "3011.20000000", "time": "2025-07-15T15:39:23.045461Z", "fetched_at": "2025-07-15T15:39:32.217233+00:00", "symbol": "ETH-USD"}, {"trade_id": 667396495, "side": "sell", "size": "2.43624009", "price": "3011.17000000", "time": "2025-07-15T15:39:23.045461Z", "fetched_at": "2025-07-15T15:39:32.217233+00:00", "symbol": "ETH-USD"}, {"trade_id": 667396494, "side": "sell", "size": "0.00100000", "price": "3011.16000000", "time": "2025-07-15T15:39:23.045461Z", "fetched_at": "2025-07-15T15:39:32.217233+00:00", "symbol": "ETH-USD"}, {"trade_id": 667396493, "side": "sell", "size": "0.00402734", "price": "3011.10000000", "time": "2025-07-15T15:39:23.045461Z", "fetched_at": "2025-07-15T15:39:32.217233+00:00", "symbol": "ETH-USD"}, {"trade_id": 667396492, "side": "sell", "size": "0.82623426", "price": "3011.10000000", "time": "2025-07-15T15:39:23.044366Z", "fetched_at": "2025-07-15T15:39:32.217233+00:00", "symbol": "ETH-USD"}, {"trade_id": 667396491, "side": "sell", "size": "0.83263000", "price": "3011.09000000", "time": "2025-07-15T15:39:23.044366Z", "fetched_at": "2025-07-15T15:39:32.217233+00:00", "symbol": "ETH-USD"}, {"trade_id": 667396490, "side": "sell", "size": "0.03401808", "price": "3011.07000000", "time": "2025-07-15T15:39:23.044366Z", "fetched_at": "2025-07-15T15:39:32.217233+00:00", "symbol": "ETH-USD"}, {"trade_id": 667396489, "side": "sell", "size": "0.33973261", "price": "3011.01000000", "time": "2025-07-15T15:39:23.044343Z", "fetched_at": "2025-07-15T15:39:32.217233+00:00", "symbol": "ETH-USD"}, {"trade_id": 667396488, "side": "sell", "size": "0.00100000", "price": "3010.93000000", "time": "2025-07-15T15:39:23.044343Z", "fetched_at": "2025-07-15T15:39:32.217233+00:00", "symbol": "ETH-USD"}, {"trade_id": 667396487, "side": "sell", "size": "0.00009756", "price": "3010.93000000", "time": "2025-07-15T15:39:23.044343Z", "fetched_at": "2025-07-15T15:39:32.217233+00:00", "symbol": "ETH-USD"}, {"trade_id": 667396486, "side": "sell", "size": "0.00001702", "price": "3010.78000000", "time": "2025-07-15T15:39:23.043842Z", "fetched_at": "2025-07-15T15:39:32.217233+00:00", "symbol": "ETH-USD"}, {"trade_id": 667396485, "side": "sell", "size": "0.16605298", "price": "3010.78000000", "time": "2025-07-15T15:39:23.043702Z", "fetched_at": "2025-07-15T15:39:32.217233+00:00", "symbol": "ETH-USD"}, {"trade_id": 667396484, "side": "sell", "size": "0.00001702", "price": "3010.70000000", "time": "2025-07-15T15:39:23.043702Z", "fetched_at": "2025-07-15T15:39:32.217233+00:00", "symbol": "ETH-USD"}, {"trade_id": 667396483, "side": "sell", "size": "0.01095295", "price": "3010.70000000", "time": "2025-07-15T15:39:23.043495Z", "fetched_at": "2025-07-15T15:39:32.217233+00:00", "symbol": "ETH-USD"}, {"trade_id": 667396482, "side": "sell", "size": "0.00231705", "price": "3010.70000000", "time": "2025-07-15T15:39:23.043495Z", "fetched_at": "2025-07-15T15:39:32.217233+00:00", "symbol": "ETH-USD"}, {"trade_id": 667396481, "side": "sell", "size": "0.00100000", "price": "3010.70000000", "time": "2025-07-15T15:39:23.043495Z", "fetched_at": "2025-07-15T15:39:32.217233+00:00", "symbol": "ETH-USD"}, {"trade_id": 667396480, "side": "sell", "size": "0.00021227", "price": "3010.66000000", "time": "2025-07-15T15:39:21.819737Z", "fetched_at": "2025-07-15T15:39:32.217233+00:00", "symbol": "ETH-USD"}, {"trade_id": 667396479, "side": "sell", "size": "0.00170107", "price": "3010.66000000", "time": "2025-07-15T15:39:21.819737Z", "fetched_at": "2025-07-15T15:39:32.217233+00:00", "symbol": "ETH-USD"}, {"trade_id": 667396478, "side": "sell", "size": "0.00245921", "price": "3010.66000000", "time": "2025-07-15T15:39:21.819737Z", "fetched_at": "2025-07-15T15:39:32.217233+00:00", "symbol": "ETH-USD"}, {"trade_id": 667396477, "side": "sell", "size": "0.55387191", "price": "3010.66000000", "time": "2025-07-15T15:39:21.819737Z", "fetched_at": "2025-07-15T15:39:32.217233+00:00", "symbol": "ETH-USD"}, {"trade_id": 667396476, "side": "sell", "size": "0.00526797", "price": "3010.27000000", "time": "2025-07-15T15:39:21.755054Z", "fetched_at": "2025-07-15T15:39:32.217233+00:00", "symbol": "ETH-USD"}, {"trade_id": 667396475, "side": "sell", "size": "0.00245917", "price": "3010.26000000", "time": "2025-07-15T15:39:21.755054Z", "fetched_at": "2025-07-15T15:39:32.217233+00:00", "symbol": "ETH-USD"}, {"trade_id": 667396474, "side": "sell", "size": "0.00185218", "price": "3010.26000000", "time": "2025-07-15T15:39:21.755054Z", "fetched_at": "2025-07-15T15:39:32.217233+00:00", "symbol": "ETH-USD"}, {"trade_id": 667396473, "side": "sell", "size": "0.00037764", "price": "3010.26000000", "time": "2025-07-15T15:39:21.755054Z", "fetched_at": "2025-07-15T15:39:32.217233+00:00", "symbol": "ETH-USD"}, {"trade_id": 667396472, "side": "sell", "size": "0.00025595", "price": "3010.26000000", "time": "2025-07-15T15:39:21.755054Z", "fetched_at": "2025-07-15T15:39:32.217233+00:00", "symbol": "ETH-USD"}, {"trade_id": 667396471, "side": "sell", "size": "0.00009519", "price": "3010.26000000", "time": "2025-07-15T15:39:21.755054Z", "fetched_at": "2025-07-15T15:39:32.217233+00:00", "symbol": "ETH-USD"}, {"trade_id": 667396470, "side": "sell", "size": "0.04478631", "price": "3010.08000000", "time": "2025-07-15T15:39:19.633835Z", "fetched_at": "2025-07-15T15:39:32.217233+00:00", "symbol": "ETH-USD"}, {"trade_id": 667396469, "side": "sell", "size": "0.00010335", "price": "3010.05000000", "time": "2025-07-15T15:39:19.633835Z", "fetched_at": "2025-07-15T15:39:32.217233+00:00", "symbol": "ETH-USD"}, {"trade_id": 667396468, "side": "sell", "size": "0.00027507", "price": "3010.05000000", "time": "2025-07-15T15:39:19.633835Z", "fetched_at": "2025-07-15T15:39:32.217233+00:00", "symbol": "ETH-USD"}, {"trade_id": 667396467, "side": "sell", "size": "0.62213463", "price": "3010.28000000", "time": "2025-07-15T15:39:19.140985Z", "fetched_at": "2025-07-15T15:39:32.217233+00:00", "symbol": "ETH-USD"}, {"trade_id": 667396466, "side": "sell", "size": "0.00249438", "price": "3010.27000000", "time": "2025-07-15T15:39:19.140985Z", "fetched_at": "2025-07-15T15:39:32.217233+00:00", "symbol": "ETH-USD"}, {"trade_id": 667396465, "side": "sell", "size": "0.16610868", "price": "3010.08000000", "time": "2025-07-15T15:39:19.140985Z", "fetched_at": "2025-07-15T15:39:32.217233+00:00", "symbol": "ETH-USD"}, {"trade_id": 667396464, "side": "sell", "size": "0.00693198", "price": "3010.05000000", "time": "2025-07-15T15:39:19.140985Z", "fetched_at": "2025-07-15T15:39:32.217233+00:00", "symbol": "ETH-USD"}, {"trade_id": 667396463, "side": "sell", "size": "0.00024002", "price": "3010.05000000", "time": "2025-07-15T15:39:19.140985Z", "fetched_at": "2025-07-15T15:39:32.217233+00:00", "symbol": "ETH-USD"}, {"trade_id": 667396462, "side": "sell", "size": "0.00185201", "price": "3010.05000000", "time": "2025-07-15T15:39:19.140985Z", "fetched_at": "2025-07-15T15:39:32.217233+00:00", "symbol": "ETH-USD"}, {"trade_id": 667396461, "side": "sell", "size": "0.00667197", "price": "3010.05000000", "time": "2025-07-15T15:39:19.140985Z", "fetched_at": "2025-07-15T15:39:32.217233+00:00", "symbol": "ETH-USD"}, {"trade_id": 667396460, "side": "sell", "size": "0.00010334", "price": "3010.05000000", "time": "2025-07-15T15:39:19.140985Z", "fetched_at": "2025-07-15T15:39:32.217233+00:00", "symbol": "ETH-USD"}, {"trade_id": 667396459, "side": "sell", "size": "0.00027506", "price": "3010.05000000", "time": "2025-07-15T15:39:19.140985Z", "fetched_at": "2025-07-15T15:39:32.217233+00:00", "symbol": "ETH-USD"}, {"trade_id": 667396458, "side": "buy", "size": "0.38933406", "price": "3010.04000000", "time": "2025-07-15T15:39:18.461410Z", "fetched_at": "2025-07-15T15:39:32.217233+00:00", "symbol": "ETH-USD"}, {"trade_id": 667396457, "side": "buy", "size": "0.01286608", "price": "3010.24000000", "time": "2025-07-15T15:39:15.244410Z", "fetched_at": "2025-07-15T15:39:32.217233+00:00", "symbol": "ETH-USD"}, {"trade_id": 667396456, "side": "buy", "size": "0.00100000", "price": "3010.24000000", "time": "2025-07-15T15:39:15.244410Z", "fetched_at": "2025-07-15T15:39:32.217233+00:00", "symbol": "ETH-USD"}, {"trade_id": 667396455, "side": "sell", "size": "0.00267693", "price": "3010.51000000", "time": "2025-07-15T15:39:14.891835Z", "fetched_at": "2025-07-15T15:39:32.217233+00:00", "symbol": "ETH-USD"}, {"trade_id": 667396454, "side": "sell", "size": "0.00251203", "price": "3010.26000000", "time": "2025-07-15T15:39:14.891835Z", "fetched_at": "2025-07-15T15:39:32.217233+00:00", "symbol": "ETH-USD"}, {"trade_id": 667396453, "side": "buy", "size": "0.04812553", "price": "3010.46000000", "time": "2025-07-15T15:39:14.725976Z", "fetched_at": "2025-07-15T15:39:32.217233+00:00", "symbol": "ETH-USD"}, {"trade_id": 667396452, "side": "buy", "size": "0.00436476", "price": "3010.47000000", "time": "2025-07-15T15:39:14.706101Z", "fetched_at": "2025-07-15T15:39:32.217233+00:00", "symbol": "ETH-USD"}, {"trade_id": 667396451, "side": "buy", "size": "0.01529329", "price": "3010.47000000", "time": "2025-07-15T15:39:14.706101Z", "fetched_at": "2025-07-15T15:39:32.217233+00:00", "symbol": "ETH-USD"}, {"trade_id": 667396450, "side": "buy", "size": "0.14661733", "price": "3010.47000000", "time": "2025-07-15T15:39:14.565419Z", "fetched_at": "2025-07-15T15:39:32.217233+00:00", "symbol": "ETH-USD"}, {"trade_id": 667396449, "side": "buy", "size": "0.19525000", "price": "3010.47000000", "time": "2025-07-15T15:39:14.565419Z", "fetched_at": "2025-07-15T15:39:32.217233+00:00", "symbol": "ETH-USD"}, {"trade_id": 667396448, "side": "sell", "size": "0.00976331", "price": "3010.33000000", "time": "2025-07-15T15:39:14.179305Z", "fetched_at": "2025-07-15T15:39:32.217233+00:00", "symbol": "ETH-USD"}, {"trade_id": 667396447, "side": "buy", "size": "0.00674313", "price": "3010.47000000", "time": "2025-07-15T15:39:13.887128Z", "fetched_at": "2025-07-15T15:39:32.217233+00:00", "symbol": "ETH-USD"}, {"trade_id": 667396446, "side": "buy", "size": "0.01452597", "price": "3010.47000000", "time": "2025-07-15T15:39:13.887128Z", "fetched_at": "2025-07-15T15:39:32.217233+00:00", "symbol": "ETH-USD"}, {"trade_id": 667396445, "side": "buy", "size": "0.00100000", "price": "3010.47000000", "time": "2025-07-15T15:39:13.887128Z", "fetched_at": "2025-07-15T15:39:32.217233+00:00", "symbol": "ETH-USD"}, {"trade_id": 667396444, "side": "buy", "size": "0.00436469", "price": "3010.52000000", "time": "2025-07-15T15:39:13.887128Z", "fetched_at": "2025-07-15T15:39:32.217233+00:00", "symbol": "ETH-USD"}, {"trade_id": 667396443, "side": "buy", "size": "0.00085135", "price": "3010.57000000", "time": "2025-07-15T15:39:13.876889Z", "fetched_at": "2025-07-15T15:39:32.217233+00:00", "symbol": "ETH-USD"}, {"trade_id": 667396442, "side": "buy", "size": "0.65771289", "price": "3010.64000000", "time": "2025-07-15T15:39:12.606620Z", "fetched_at": "2025-07-15T15:39:32.217233+00:00", "symbol": "ETH-USD"}, {"trade_id": 667396441, "side": "buy", "size": "0.00332155", "price": "3010.65000000", "time": "2025-07-15T15:39:12.606620Z", "fetched_at": "2025-07-15T15:39:32.217233+00:00", "symbol": "ETH-USD"}, {"trade_id": 667396440, "side": "buy", "size": "0.00100000", "price": "3010.70000000", "time": "2025-07-15T15:39:12.590528Z", "fetched_at": "2025-07-15T15:39:32.217233+00:00", "symbol": "ETH-USD"}, {"trade_id": 667396439, "side": "buy", "size": "1.52528536", "price": "3010.86000000", "time": "2025-07-15T15:39:12.589759Z", "fetched_at": "2025-07-15T15:39:32.217233+00:00", "symbol": "ETH-USD"}, {"trade_id": 667396438, "side": "buy", "size": "3.09084941", "price": "3010.86000000", "time": "2025-07-15T15:39:12.589084Z", "fetched_at": "2025-07-15T15:39:32.217233+00:00", "symbol": "ETH-USD"}, {"trade_id": 667396437, "side": "buy", "size": "2.66431475", "price": "3010.86000000", "time": "2025-07-15T15:39:12.589036Z", "fetched_at": "2025-07-15T15:39:32.217233+00:00", "symbol": "ETH-USD"}, {"trade_id": 667396436, "side": "buy", "size": "1.31310491", "price": "3010.86000000", "time": "2025-07-15T15:39:12.589027Z", "fetched_at": "2025-07-15T15:39:32.217233+00:00", "symbol": "ETH-USD"}, {"trade_id": 667396435, "side": "buy", "size": "1.40644557", "price": "3010.86000000", "time": "2025-07-15T15:39:12.588767Z", "fetched_at": "2025-07-15T15:39:32.217233+00:00", "symbol": "ETH-USD"}, {"trade_id": 667396434, "side": "buy", "size": "0.09017233", "price": "3010.87000000", "time": "2025-07-15T15:39:12.588767Z", "fetched_at": "2025-07-15T15:39:32.217233+00:00", "symbol": "ETH-USD"}, {"trade_id": 667396433, "side": "buy", "size": "0.00332129", "price": "3010.88000000", "time": "2025-07-15T15:39:12.588767Z", "fetched_at": "2025-07-15T15:39:32.217233+00:00", "symbol": "ETH-USD"}, {"trade_id": 667396432, "side": "buy", "size": "0.00100000", "price": "3010.93000000", "time": "2025-07-15T15:39:12.588767Z", "fetched_at": "2025-07-15T15:39:32.217233+00:00", "symbol": "ETH-USD"}, {"trade_id": 667396431, "side": "buy", "size": "0.00614073", "price": "3011.04000000", "time": "2025-07-15T15:39:12.588767Z", "fetched_at": "2025-07-15T15:39:32.217233+00:00", "symbol": "ETH-USD"}, {"trade_id": 667396430, "side": "buy", "size": "0.00001992", "price": "3011.04000000", "time": "2025-07-15T15:39:12.588767Z", "fetched_at": "2025-07-15T15:39:32.217233+00:00", "symbol": "ETH-USD"}, {"trade_id": 667396429, "side": "buy", "size": "0.00001660", "price": "3011.04000000", "time": "2025-07-15T15:39:12.588767Z", "fetched_at": "2025-07-15T15:39:32.217233+00:00", "symbol": "ETH-USD"}, {"trade_id": 667396428, "side": "buy", "size": "0.00000332", "price": "3011.04000000", "time": "2025-07-15T15:39:12.588767Z", "fetched_at": "2025-07-15T15:39:32.217233+00:00", "symbol": "ETH-USD"}, {"trade_id": 667396427, "side": "buy", "size": "0.00100000", "price": "3011.16000000", "time": "2025-07-15T15:39:12.261149Z", "fetched_at": "2025-07-15T15:39:32.217233+00:00", "symbol": "ETH-USD"}, {"trade_id": 667396426, "side": "buy", "size": "0.01920803", "price": "3011.24000000", "time": "2025-07-15T15:39:11.575986Z", "fetched_at": "2025-07-15T15:39:32.217233+00:00", "symbol": "ETH-USD"}, {"trade_id": 667396425, "side": "buy", "size": "0.01920471", "price": "3011.24000000", "time": "2025-07-15T15:39:11.548990Z", "fetched_at": "2025-07-15T15:39:32.217233+00:00", "symbol": "ETH-USD"}, {"trade_id": 667396424, "side": "buy", "size": "0.00100000", "price": "3011.39000000", "time": "2025-07-15T15:39:11.501825Z", "fetched_at": "2025-07-15T15:39:32.217233+00:00", "symbol": "ETH-USD"}, {"trade_id": 667396423, "side": "buy", "size": "0.05646687", "price": "3011.50000000", "time": "2025-07-15T15:39:11.484614Z", "fetched_at": "2025-07-15T15:39:32.217233+00:00", "symbol": "ETH-USD"}, {"trade_id": 667396422, "side": "buy", "size": "0.02390171", "price": "3011.50000000", "time": "2025-07-15T15:39:11.484614Z", "fetched_at": "2025-07-15T15:39:32.217233+00:00", "symbol": "ETH-USD"}, {"trade_id": 667396421, "side": "buy", "size": "0.06977786", "price": "3011.50000000", "time": "2025-07-15T15:39:11.484614Z", "fetched_at": "2025-07-15T15:39:32.217233+00:00", "symbol": "ETH-USD"}, {"trade_id": 667396420, "side": "buy", "size": "0.00270803", "price": "3011.50000000", "time": "2025-07-15T15:39:11.142643Z", "fetched_at": "2025-07-15T15:39:32.217233+00:00", "symbol": "ETH-USD"}, {"trade_id": 667396419, "side": "buy", "size": "0.00000332", "price": "3011.50000000", "time": "2025-07-15T15:39:11.142643Z", "fetched_at": "2025-07-15T15:39:32.217233+00:00", "symbol": "ETH-USD"}, {"trade_id": 667396418, "side": "sell", "size": "0.01457770", "price": "3011.82000000", "time": "2025-07-15T15:39:11.004882Z", "fetched_at": "2025-07-15T15:39:32.217233+00:00", "symbol": "ETH-USD"}, {"trade_id": 667396417, "side": "sell", "size": "0.00206214", "price": "3011.51000000", "time": "2025-07-15T15:39:11.004882Z", "fetched_at": "2025-07-15T15:39:32.217233+00:00", "symbol": "ETH-USD"}, {"trade_id": 667396416, "side": "sell", "size": "0.06259246", "price": "3011.82000000", "time": "2025-07-15T15:39:10.906677Z", "fetched_at": "2025-07-15T15:39:32.217233+00:00", "symbol": "ETH-USD"}, {"trade_id": 667396415, "side": "sell", "size": "0.00195414", "price": "3011.58000000", "time": "2025-07-15T15:39:10.906677Z", "fetched_at": "2025-07-15T15:39:32.217233+00:00", "symbol": "ETH-USD"}, {"trade_id": 667396414, "side": "sell", "size": "0.01257988", "price": "3011.97000000", "time": "2025-07-15T15:39:10.303885Z", "fetched_at": "2025-07-15T15:39:32.217233+00:00", "symbol": "ETH-USD"}, {"trade_id": 667396413, "side": "sell", "size": "0.00010334", "price": "3011.97000000", "time": "2025-07-15T15:39:10.303885Z", "fetched_at": "2025-07-15T15:39:32.217233+00:00", "symbol": "ETH-USD"}, {"trade_id": 667396412, "side": "sell", "size": "0.00027511", "price": "3011.97000000", "time": "2025-07-15T15:39:10.303885Z", "fetched_at": "2025-07-15T15:39:32.217233+00:00", "symbol": "ETH-USD"}, {"trade_id": 667396411, "side": "sell", "size": "0.08496869", "price": "3011.96000000", "time": "2025-07-15T15:39:10.303885Z", "fetched_at": "2025-07-15T15:39:32.217233+00:00", "symbol": "ETH-USD"}, {"trade_id": 667396410, "side": "sell", "size": "0.48993870", "price": "3011.96000000", "time": "2025-07-15T15:39:10.303736Z", "fetched_at": "2025-07-15T15:39:32.217233+00:00", "symbol": "ETH-USD"}, {"trade_id": 667396409, "side": "sell", "size": "0.33211061", "price": "3011.95000000", "time": "2025-07-15T15:39:10.303736Z", "fetched_at": "2025-07-15T15:39:32.217233+00:00", "symbol": "ETH-USD"}, {"trade_id": 667396408, "side": "sell", "size": "0.16601202", "price": "3011.83000000", "time": "2025-07-15T15:39:10.303736Z", "fetched_at": "2025-07-15T15:39:32.217233+00:00", "symbol": "ETH-USD"}, {"trade_id": 667396407, "side": "buy", "size": "0.19525000", "price": "3011.82000000", "time": "2025-07-15T15:39:10.302706Z", "fetched_at": "2025-07-15T15:39:32.217233+00:00", "symbol": "ETH-USD"}, {"trade_id": 667396406, "side": "sell", "size": "0.00154463", "price": "3011.84000000", "time": "2025-07-15T15:39:10.301700Z", "fetched_at": "2025-07-15T15:39:32.217233+00:00", "symbol": "ETH-USD"}, {"trade_id": 667396405, "side": "sell", "size": "0.06402904", "price": "3011.84000000", "time": "2025-07-15T15:39:10.301700Z", "fetched_at": "2025-07-15T15:39:32.217233+00:00", "symbol": "ETH-USD"}, {"trade_id": 667396404, "side": "sell", "size": "0.00251133", "price": "3011.83000000", "time": "2025-07-15T15:39:10.301700Z", "fetched_at": "2025-07-15T15:39:32.217233+00:00", "symbol": "ETH-USD"}, {"trade_id": 667396403, "side": "sell", "size": "0.00724363", "price": "3011.84000000", "time": "2025-07-15T15:39:09.417391Z", "fetched_at": "2025-07-15T15:39:32.217233+00:00", "symbol": "ETH-USD"}, {"trade_id": 667396402, "side": "buy", "size": "0.01661000", "price": "3011.75000000", "time": "2025-07-15T15:39:08.700771Z", "fetched_at": "2025-07-15T15:39:32.217233+00:00", "symbol": "ETH-USD"}, {"trade_id": 667396401, "side": "sell", "size": "0.83007243", "price": "3011.79000000", "time": "2025-07-15T15:39:08.647492Z", "fetched_at": "2025-07-15T15:39:32.217233+00:00", "symbol": "ETH-USD"}, {"trade_id": 667396400, "side": "sell", "size": "0.33786059", "price": "3011.76000000", "time": "2025-07-15T15:39:08.647492Z", "fetched_at": "2025-07-15T15:39:32.217233+00:00", "symbol": "ETH-USD"}, {"trade_id": 667396399, "side": "sell", "size": "0.16444098", "price": "3011.65000000", "time": "2025-07-15T15:39:08.647470Z", "fetched_at": "2025-07-15T15:39:32.217233+00:00", "symbol": "ETH-USD"}, {"trade_id": 667396398, "side": "sell", "size": "0.00188657", "price": "3011.51000000", "time": "2025-07-15T15:39:08.647470Z", "fetched_at": "2025-07-15T15:39:32.217233+00:00", "symbol": "ETH-USD"}, {"trade_id": 667396397, "side": "sell", "size": "0.00158145", "price": "3011.65000000", "time": "2025-07-15T15:39:08.313096Z", "fetched_at": "2025-07-15T15:39:32.217233+00:00", "symbol": "ETH-USD"}, {"trade_id": 667396396, "side": "sell", "size": "0.00100000", "price": "3011.62000000", "time": "2025-07-15T15:39:08.313096Z", "fetched_at": "2025-07-15T15:39:32.217233+00:00", "symbol": "ETH-USD"}, {"trade_id": 667396395, "side": "sell", "size": "0.00025469", "price": "3011.51000000", "time": "2025-07-15T15:39:08.313096Z", "fetched_at": "2025-07-15T15:39:32.217233+00:00", "symbol": "ETH-USD"}, {"trade_id": 667396394, "side": "sell", "size": "0.00188657", "price": "3011.51000000", "time": "2025-07-15T15:39:08.313096Z", "fetched_at": "2025-07-15T15:39:32.217233+00:00", "symbol": "ETH-USD"}, {"trade_id": 667396393, "side": "buy", "size": "0.34751430", "price": "3011.50000000", "time": "2025-07-15T15:39:07.789081Z", "fetched_at": "2025-07-15T15:39:32.217233+00:00", "symbol": "ETH-USD"}, {"trade_id": 667396392, "side": "buy", "size": "6.32417981", "price": "3011.50000000", "time": "2025-07-15T15:39:07.755700Z", "fetched_at": "2025-07-15T15:39:32.217233+00:00", "symbol": "ETH-USD"}, {"trade_id": 667396391, "side": "buy", "size": "1.42985053", "price": "3011.50000000", "time": "2025-07-15T15:39:07.738231Z", "fetched_at": "2025-07-15T15:39:32.217233+00:00", "symbol": "ETH-USD"}, {"trade_id": 667396390, "side": "buy", "size": "0.10098154", "price": "3011.36000000", "time": "2025-07-15T15:39:07.303409Z", "fetched_at": "2025-07-15T15:39:32.217233+00:00", "symbol": "ETH-USD"}, {"trade_id": 667396389, "side": "sell", "size": "0.02850887", "price": "3011.46000000", "time": "2025-07-15T15:39:07.241106Z", "fetched_at": "2025-07-15T15:39:32.217233+00:00", "symbol": "ETH-USD"}, {"trade_id": 667396388, "side": "sell", "size": "0.00185203", "price": "3011.45000000", "time": "2025-07-15T15:39:07.241106Z", "fetched_at": "2025-07-15T15:39:32.217233+00:00", "symbol": "ETH-USD"}, {"trade_id": 667396387, "side": "sell", "size": "0.00189947", "price": "3011.45000000", "time": "2025-07-15T15:39:07.241106Z", "fetched_at": "2025-07-15T15:39:32.217233+00:00", "symbol": "ETH-USD"}, {"trade_id": 667396386, "side": "buy", "size": "0.00100000", "price": "3011.16000000", "time": "2025-07-15T15:39:06.384885Z", "fetched_at": "2025-07-15T15:39:32.217233+00:00", "symbol": "ETH-USD"}, {"trade_id": 667396385, "side": "sell", "size": "0.00458143", "price": "3011.31000000", "time": "2025-07-15T15:39:06.187033Z", "fetched_at": "2025-07-15T15:39:32.217233+00:00", "symbol": "ETH-USD"}, {"trade_id": 667396384, "side": "sell", "size": "0.00186778", "price": "3011.17000000", "time": "2025-07-15T15:39:06.187033Z", "fetched_at": "2025-07-15T15:39:32.217233+00:00", "symbol": "ETH-USD"}, {"trade_id": 667396383, "side": "buy", "size": "0.02818697", "price": "3011.32000000", "time": "2025-07-15T15:39:06.095524Z", "fetched_at": "2025-07-15T15:39:32.217233+00:00", "symbol": "ETH-USD"}, {"trade_id": 667396382, "side": "buy", "size": "0.02255489", "price": "3011.32000000", "time": "2025-07-15T15:39:06.095524Z", "fetched_at": "2025-07-15T15:39:32.217233+00:00", "symbol": "ETH-USD"}, {"trade_id": 667396381, "side": "sell", "size": "0.00066760", "price": "3011.43000000", "time": "2025-07-15T15:39:05.867169Z", "fetched_at": "2025-07-15T15:39:32.217233+00:00", "symbol": "ETH-USD"}, {"trade_id": 667396380, "side": "sell", "size": "0.00187240", "price": "3011.42000000", "time": "2025-07-15T15:39:05.867169Z", "fetched_at": "2025-07-15T15:39:32.217233+00:00", "symbol": "ETH-USD"}, {"trade_id": 667396379, "side": "buy", "size": "0.01956428", "price": "3011.61000000", "time": "2025-07-15T15:39:05.747826Z", "fetched_at": "2025-07-15T15:39:32.217233+00:00", "symbol": "ETH-USD"}, {"trade_id": 667396378, "side": "buy", "size": "0.10531819", "price": "3011.62000000", "time": "2025-07-15T15:39:05.735763Z", "fetched_at": "2025-07-15T15:39:32.217233+00:00", "symbol": "ETH-USD"}, {"trade_id": 667396377, "side": "sell", "size": "0.00386000", "price": "3011.75000000", "time": "2025-07-15T15:39:05.398073Z", "fetched_at": "2025-07-15T15:39:32.217233+00:00", "symbol": "ETH-USD"}, {"trade_id": 667396376, "side": "sell", "size": "0.00050039", "price": "3011.89000000", "time": "2025-07-15T15:39:04.899633Z", "fetched_at": "2025-07-15T15:39:32.217233+00:00", "symbol": "ETH-USD"}, {"trade_id": 667396375, "side": "sell", "size": "0.00001423", "price": "3011.85000000", "time": "2025-07-15T15:39:04.896004Z", "fetched_at": "2025-07-15T15:39:32.217233+00:00", "symbol": "ETH-USD"}, {"trade_id": 667396374, "side": "sell", "size": "0.00010244", "price": "3011.85000000", "time": "2025-07-15T15:39:04.896004Z", "fetched_at": "2025-07-15T15:39:32.217233+00:00", "symbol": "ETH-USD"}, {"trade_id": 667396373, "side": "sell", "size": "0.00100000", "price": "3011.85000000", "time": "2025-07-15T15:39:04.896004Z", "fetched_at": "2025-07-15T15:39:32.217233+00:00", "symbol": "ETH-USD"}, {"trade_id": 667396372, "side": "buy", "size": "0.01661000", "price": "3011.81000000", "time": "2025-07-15T15:39:04.475202Z", "fetched_at": "2025-07-15T15:39:32.217233+00:00", "symbol": "ETH-USD"}, {"trade_id": 667396371, "side": "sell", "size": "0.34942032", "price": "3011.70000000", "time": "2025-07-15T15:39:04.461432Z", "fetched_at": "2025-07-15T15:39:32.217233+00:00", "symbol": "ETH-USD"}, {"trade_id": 667396370, "side": "sell", "size": "0.00194608", "price": "3011.69000000", "time": "2025-07-15T15:39:04.461432Z", "fetched_at": "2025-07-15T15:39:32.217233+00:00", "symbol": "ETH-USD"}, {"trade_id": 667396369, "side": "sell", "size": "0.00024001", "price": "3011.62000000", "time": "2025-07-15T15:39:04.461432Z", "fetched_at": "2025-07-15T15:39:32.217233+00:00", "symbol": "ETH-USD"}, {"trade_id": 667396368, "side": "sell", "size": "0.00011177", "price": "3011.62000000", "time": "2025-07-15T15:39:04.461432Z", "fetched_at": "2025-07-15T15:39:32.217233+00:00", "symbol": "ETH-USD"}, {"trade_id": 667396367, "side": "sell", "size": "0.06815076", "price": "3011.62000000", "time": "2025-07-15T15:39:04.461432Z", "fetched_at": "2025-07-15T15:39:32.217233+00:00", "symbol": "ETH-USD"}, {"trade_id": 667396366, "side": "sell", "size": "0.00100000", "price": "3011.62000000", "time": "2025-07-15T15:39:04.461432Z", "fetched_at": "2025-07-15T15:39:32.217233+00:00", "symbol": "ETH-USD"}, {"trade_id": 667396365, "side": "sell", "size": "0.32197481", "price": "3011.48000000", "time": "2025-07-15T15:39:04.109878Z", "fetched_at": "2025-07-15T15:39:32.217233+00:00", "symbol": "ETH-USD"}, {"trade_id": 667396364, "side": "sell", "size": "0.00024002", "price": "3011.33000000", "time": "2025-07-15T15:39:04.109878Z", "fetched_at": "2025-07-15T15:39:32.217233+00:00", "symbol": "ETH-USD"}, {"trade_id": 667396363, "side": "sell", "size": "0.00196025", "price": "3011.33000000", "time": "2025-07-15T15:39:04.109878Z", "fetched_at": "2025-07-15T15:39:32.217233+00:00", "symbol": "ETH-USD"}, {"trade_id": 667396362, "side": "sell", "size": "0.77492032", "price": "3011.40000000", "time": "2025-07-15T15:39:03.243365Z", "fetched_at": "2025-07-15T15:39:32.217233+00:00", "symbol": "ETH-USD"}, {"trade_id": 667396361, "side": "sell", "size": "0.16603997", "price": "3011.33000000", "time": "2025-07-15T15:39:03.243365Z", "fetched_at": "2025-07-15T15:39:32.217233+00:00", "symbol": "ETH-USD"}, {"trade_id": 667396360, "side": "sell", "size": "0.00178405", "price": "3011.32000000", "time": "2025-07-15T15:39:03.243365Z", "fetched_at": "2025-07-15T15:39:32.217233+00:00", "symbol": "ETH-USD"}, {"trade_id": 667396359, "side": "sell", "size": "0.00569725", "price": "3011.05000000", "time": "2025-07-15T15:39:03.243365Z", "fetched_at": "2025-07-15T15:39:32.217233+00:00", "symbol": "ETH-USD"}, {"trade_id": 667396358, "side": "sell", "size": "0.00289019", "price": "3011.05000000", "time": "2025-07-15T15:39:03.243365Z", "fetched_at": "2025-07-15T15:39:32.217233+00:00", "symbol": "ETH-USD"}, {"trade_id": 667396357, "side": "sell", "size": "0.04866822", "price": "3011.05000000", "time": "2025-07-15T15:39:03.243365Z", "fetched_at": "2025-07-15T15:39:32.217233+00:00", "symbol": "ETH-USD"}, {"trade_id": 667396356, "side": "sell", "size": "0.00932495", "price": "3011.24000000", "time": "2025-07-15T15:39:02.115258Z", "fetched_at": "2025-07-15T15:39:32.217233+00:00", "symbol": "ETH-USD"}, {"trade_id": 667396355, "side": "sell", "size": "0.00177505", "price": "3011.23000000", "time": "2025-07-15T15:39:02.115258Z", "fetched_at": "2025-07-15T15:39:32.217233+00:00", "symbol": "ETH-USD"}, {"trade_id": 667396354, "side": "buy", "size": "0.00100000", "price": "3011.16000000", "time": "2025-07-15T15:39:02.082336Z", "fetched_at": "2025-07-15T15:39:32.217233+00:00", "symbol": "ETH-USD"}, {"trade_id": 667396353, "side": "buy", "size": "0.00332090", "price": "3011.24000000", "time": "2025-07-15T15:39:02.065331Z", "fetched_at": "2025-07-15T15:39:32.217233+00:00", "symbol": "ETH-USD"}, {"trade_id": 667396352, "side": "buy", "size": "0.00332066", "price": "3011.45000000", "time": "2025-07-15T15:39:02.031843Z", "fetched_at": "2025-07-15T15:39:32.217233+00:00", "symbol": "ETH-USD"}, {"trade_id": 667396351, "side": "sell", "size": "0.01643172", "price": "3011.24000000", "time": "2025-07-15T15:39:01.978895Z", "fetched_at": "2025-07-15T15:39:32.217233+00:00", "symbol": "ETH-USD"}, {"trade_id": 667396350, "side": "buy", "size": "0.00332076", "price": "3011.36000000", "time": "2025-07-15T15:39:01.959978Z", "fetched_at": "2025-07-15T15:39:32.217233+00:00", "symbol": "ETH-USD"}, {"trade_id": 667396349, "side": "buy", "size": "0.09658538", "price": "3011.38000000", "time": "2025-07-15T15:39:01.959978Z", "fetched_at": "2025-07-15T15:39:32.217233+00:00", "symbol": "ETH-USD"}, {"trade_id": 667396348, "side": "buy", "size": "0.07752462", "price": "3011.38000000", "time": "2025-07-15T15:39:01.959488Z", "fetched_at": "2025-07-15T15:39:32.217233+00:00", "symbol": "ETH-USD"}, {"trade_id": 667396347, "side": "buy", "size": "0.17411000", "price": "3011.41000000", "time": "2025-07-15T15:39:01.959488Z", "fetched_at": "2025-07-15T15:39:32.217233+00:00", "symbol": "ETH-USD"}, {"trade_id": 667396346, "side": "buy", "size": "0.19988622", "price": "3011.38000000", "time": "2025-07-15T15:39:01.951369Z", "fetched_at": "2025-07-15T15:39:32.217233+00:00", "symbol": "ETH-USD"}, {"trade_id": 667396345, "side": "buy", "size": "0.00100000", "price": "3011.39000000", "time": "2025-07-15T15:39:01.951369Z", "fetched_at": "2025-07-15T15:39:32.217233+00:00", "symbol": "ETH-USD"}, {"trade_id": 667396344, "side": "buy", "size": "0.43130610", "price": "3011.41000000", "time": "2025-07-15T15:39:01.951369Z", "fetched_at": "2025-07-15T15:39:32.217233+00:00", "symbol": "ETH-USD"}, {"trade_id": 667396343, "side": "buy", "size": "0.17411000", "price": "3011.56000000", "time": "2025-07-15T15:39:01.949874Z", "fetched_at": "2025-07-15T15:39:32.217233+00:00", "symbol": "ETH-USD"}, {"trade_id": 667396342, "side": "buy", "size": "4.07975550", "price": "3011.44000000", "time": "2025-07-15T15:39:01.947574Z", "fetched_at": "2025-07-15T15:39:32.217233+00:00", "symbol": "ETH-USD"}, {"trade_id": 667396341, "side": "buy", "size": "1.08354835", "price": "3011.44000000", "time": "2025-07-15T15:39:01.946933Z", "fetched_at": "2025-07-15T15:39:32.217233+00:00", "symbol": "ETH-USD"}, {"trade_id": 667396340, "side": "buy", "size": "0.43452689", "price": "3011.44000000", "time": "2025-07-15T15:39:01.946887Z", "fetched_at": "2025-07-15T15:39:32.217233+00:00", "symbol": "ETH-USD"}, {"trade_id": 667396339, "side": "buy", "size": "2.95711944", "price": "3011.44000000", "time": "2025-07-15T15:39:01.946551Z", "fetched_at": "2025-07-15T15:39:32.217233+00:00", "symbol": "ETH-USD"}, {"trade_id": 667396338, "side": "buy", "size": "0.00332065", "price": "3011.46000000", "time": "2025-07-15T15:39:01.946551Z", "fetched_at": "2025-07-15T15:39:32.217233+00:00", "symbol": "ETH-USD"}, {"trade_id": 667396337, "side": "buy", "size": "1.44504982", "price": "3011.44000000", "time": "2025-07-15T15:39:01.941160Z", "fetched_at": "2025-07-15T15:39:32.217233+00:00", "symbol": "ETH-USD"}, {"trade_id": 667396336, "side": "buy", "size": "0.08639107", "price": "3011.45000000", "time": "2025-07-15T15:39:01.941160Z", "fetched_at": "2025-07-15T15:39:32.217233+00:00", "symbol": "ETH-USD"}, {"trade_id": 667396335, "side": "buy", "size": "0.00332065", "price": "3011.46000000", "time": "2025-07-15T15:39:01.941160Z", "fetched_at": "2025-07-15T15:39:32.217233+00:00", "symbol": "ETH-USD"}, {"trade_id": 667396334, "side": "buy", "size": "0.00100000", "price": "3011.62000000", "time": "2025-07-15T15:39:01.941160Z", "fetched_at": "2025-07-15T15:39:32.217233+00:00", "symbol": "ETH-USD"}, {"trade_id": 667396333, "side": "buy", "size": "0.00000664", "price": "3011.64000000", "time": "2025-07-15T15:39:01.941160Z", "fetched_at": "2025-07-15T15:39:32.217233+00:00", "symbol": "ETH-USD"}, {"trade_id": 667396332, "side": "buy", "size": "0.00002988", "price": "3011.64000000", "time": "2025-07-15T15:39:01.941160Z", "fetched_at": "2025-07-15T15:39:32.217233+00:00", "symbol": "ETH-USD"}, {"trade_id": 667396331, "side": "buy", "size": "0.02088000", "price": "3011.64000000", "time": "2025-07-15T15:39:01.941160Z", "fetched_at": "2025-07-15T15:39:32.217233+00:00", "symbol": "ETH-USD"}, {"trade_id": 667396330, "side": "buy", "size": "0.00085999", "price": "3011.64000000", "time": "2025-07-15T15:39:01.941160Z", "fetched_at": "2025-07-15T15:39:32.217233+00:00", "symbol": "ETH-USD"}, {"trade_id": 667396329, "side": "sell", "size": "0.01632663", "price": "3011.80000000", "time": "2025-07-15T15:39:01.671189Z", "fetched_at": "2025-07-15T15:39:32.217233+00:00", "symbol": "ETH-USD"}, {"trade_id": 667396328, "side": "sell", "size": "0.00141144", "price": "3011.79000000", "time": "2025-07-15T15:39:01.671189Z", "fetched_at": "2025-07-15T15:39:32.217233+00:00", "symbol": "ETH-USD"}, {"trade_id": 667396327, "side": "sell", "size": "0.03366000", "price": "3011.74000000", "time": "2025-07-15T15:39:01.177088Z", "fetched_at": "2025-07-15T15:39:32.217233+00:00", "symbol": "ETH-USD"}, {"trade_id": 667396326, "side": "sell", "size": "0.00006693", "price": "3011.89000000", "time": "2025-07-15T15:39:01.127818Z", "fetched_at": "2025-07-15T15:39:32.217233+00:00", "symbol": "ETH-USD"}, {"trade_id": 667396325, "side": "sell", "size": "0.00149372", "price": "3011.80000000", "time": "2025-07-15T15:39:01.127818Z", "fetched_at": "2025-07-15T15:39:32.217233+00:00", "symbol": "ETH-USD"}, {"trade_id": 667396324, "side": "sell", "size": "0.06385628", "price": "3012.00000000", "time": "2025-07-15T15:39:00.708119Z", "fetched_at": "2025-07-15T15:39:32.217233+00:00", "symbol": "ETH-USD"}, {"trade_id": 667396323, "side": "sell", "size": "0.00149372", "price": "3011.78000000", "time": "2025-07-15T15:39:00.708119Z", "fetched_at": "2025-07-15T15:39:32.217233+00:00", "symbol": "ETH-USD"}, {"trade_id": 667396322, "side": "buy", "size": "0.00100000", "price": "3011.85000000", "time": "2025-07-15T15:39:00.688810Z", "fetched_at": "2025-07-15T15:39:32.217233+00:00", "symbol": "ETH-USD"}, {"trade_id": 667396321, "side": "buy", "size": "0.00000664", "price": "3011.94000000", "time": "2025-07-15T15:39:00.688810Z", "fetched_at": "2025-07-15T15:39:32.217233+00:00", "symbol": "ETH-USD"}, {"trade_id": 667396320, "side": "buy", "size": "0.00639786", "price": "3011.94000000", "time": "2025-07-15T15:39:00.671207Z", "fetched_at": "2025-07-15T15:39:32.217233+00:00", "symbol": "ETH-USD"}, {"trade_id": 667396319, "side": "buy", "size": "0.05570403", "price": "3011.99000000", "time": "2025-07-15T15:39:00.657576Z", "fetched_at": "2025-07-15T15:39:32.217233+00:00", "symbol": "ETH-USD"}, {"trade_id": 667396318, "side": "buy", "size": "0.00340970", "price": "3011.99000000", "time": "2025-07-15T15:39:00.657576Z", "fetched_at": "2025-07-15T15:39:32.217233+00:00", "symbol": "ETH-USD"}, {"trade_id": 667396317, "side": "buy", "size": "0.02139449", "price": "3011.99000000", "time": "2025-07-15T15:39:00.657576Z", "fetched_at": "2025-07-15T15:39:32.217233+00:00", "symbol": "ETH-USD"}, {"trade_id": 667396316, "side": "buy", "size": "0.00331994", "price": "3012.11000000", "time": "2025-07-15T15:39:00.599568Z", "fetched_at": "2025-07-15T15:39:32.217233+00:00", "symbol": "ETH-USD"}, {"trade_id": 667396315, "side": "buy", "size": "0.00171619", "price": "3012.47000000", "time": "2025-07-15T15:39:00.499559Z", "fetched_at": "2025-07-15T15:39:32.217233+00:00", "symbol": "ETH-USD"}, {"trade_id": 667396314, "side": "sell", "size": "1.31551082", "price": "3012.46000000", "time": "2025-07-15T15:39:00.114325Z", "fetched_at": "2025-07-15T15:39:32.217233+00:00", "symbol": "ETH-USD"}, {"trade_id": 667396313, "side": "sell", "size": "0.57058209", "price": "3012.32000000", "time": "2025-07-15T15:39:00.103771Z", "fetched_at": "2025-07-15T15:39:32.217233+00:00", "symbol": "ETH-USD"}, {"trade_id": 667396312, "side": "sell", "size": "0.00011717", "price": "3012.21000000", "time": "2025-07-15T15:39:00.103771Z", "fetched_at": "2025-07-15T15:39:32.217233+00:00", "symbol": "ETH-USD"}, {"trade_id": 667396311, "side": "sell", "size": "0.00030931", "price": "3012.21000000", "time": "2025-07-15T15:39:00.103771Z", "fetched_at": "2025-07-15T15:39:32.217233+00:00", "symbol": "ETH-USD"}, {"trade_id": 667396310, "side": "sell", "size": "0.00150480", "price": "3012.21000000", "time": "2025-07-15T15:39:00.103771Z", "fetched_at": "2025-07-15T15:39:32.217233+00:00", "symbol": "ETH-USD"}, {"trade_id": 667396309, "side": "sell", "size": "0.00735788", "price": "3012.22000000", "time": "2025-07-15T15:38:59.474425Z", "fetched_at": "2025-07-15T15:39:32.217233+00:00", "symbol": "ETH-USD"}, {"trade_id": 667396308, "side": "sell", "size": "0.00145981", "price": "3012.00000000", "time": "2025-07-15T15:38:59.474425Z", "fetched_at": "2025-07-15T15:39:32.217233+00:00", "symbol": "ETH-USD"}, {"trade_id": 667396307, "side": "buy", "size": "0.00100000", "price": "3012.08000000", "time": "2025-07-15T15:38:58.578346Z", "fetched_at": "2025-07-15T15:39:32.217233+00:00", "symbol": "ETH-USD"}, {"trade_id": 667396306, "side": "buy", "size": "0.00100000", "price": "3012.31000000", "time": "2025-07-15T15:38:58.519130Z", "fetched_at": "2025-07-15T15:39:32.217233+00:00", "symbol": "ETH-USD"}, {"trade_id": 667396305, "side": "buy", "size": "0.05182630", "price": "3012.37000000", "time": "2025-07-15T15:38:58.490384Z", "fetched_at": "2025-07-15T15:39:32.217233+00:00", "symbol": "ETH-USD"}, {"trade_id": 667396304, "side": "sell", "size": "0.15589000", "price": "3012.53000000", "time": "2025-07-15T15:38:58.363182Z", "fetched_at": "2025-07-15T15:39:32.217233+00:00", "symbol": "ETH-USD"}, {"trade_id": 667396303, "side": "buy", "size": "0.00320992", "price": "3012.53000000", "time": "2025-07-15T15:38:58.287456Z", "fetched_at": "2025-07-15T15:39:32.217233+00:00", "symbol": "ETH-USD"}, {"trade_id": 667396302, "side": "buy", "size": "0.00146718", "price": "3012.58000000", "time": "2025-07-15T15:38:58.277110Z", "fetched_at": "2025-07-15T15:39:32.217233+00:00", "symbol": "ETH-USD"}, {"trade_id": 667396301, "side": "buy", "size": "0.01946504", "price": "3012.58000000", "time": "2025-07-15T15:38:58.277110Z", "fetched_at": "2025-07-15T15:39:32.217233+00:00", "symbol": "ETH-USD"}, {"trade_id": 667396300, "side": "buy", "size": "0.00293768", "price": "3012.58000000", "time": "2025-07-15T15:38:58.277110Z", "fetched_at": "2025-07-15T15:39:32.217233+00:00", "symbol": "ETH-USD"}, {"trade_id": 667396299, "side": "buy", "size": "0.00000331", "price": "3012.58000000", "time": "2025-07-15T15:38:58.277110Z", "fetched_at": "2025-07-15T15:39:32.217233+00:00", "symbol": "ETH-USD"}, {"trade_id": 667396298, "side": "buy", "size": "0.26800000", "price": "3012.67000000", "time": "2025-07-15T15:38:58.071195Z", "fetched_at": "2025-07-15T15:39:32.217233+00:00", "symbol": "ETH-USD"}, {"trade_id": 667396297, "side": "sell", "size": "0.22165000", "price": "3012.81000000", "time": "2025-07-15T15:38:56.487120Z", "fetched_at": "2025-07-15T15:39:32.217233+00:00", "symbol": "ETH-USD"}, {"trade_id": 667396296, "side": "buy", "size": "0.00080323", "price": "3012.81000000", "time": "2025-07-15T15:38:56.324204Z", "fetched_at": "2025-07-15T15:39:32.217233+00:00", "symbol": "ETH-USD"}, {"trade_id": 667396295, "side": "buy", "size": "0.26926000", "price": "3012.81000000", "time": "2025-07-15T15:38:56.324204Z", "fetched_at": "2025-07-15T15:39:32.217233+00:00", "symbol": "ETH-USD"}, {"trade_id": 667396294, "side": "buy", "size": "0.00587491", "price": "3012.81000000", "time": "2025-07-15T15:38:56.324204Z", "fetched_at": "2025-07-15T15:39:32.217233+00:00", "symbol": "ETH-USD"}, {"trade_id": 667396293, "side": "sell", "size": "0.08974353", "price": "3012.82000000", "time": "2025-07-15T15:38:56.179381Z", "fetched_at": "2025-07-15T15:39:32.217233+00:00", "symbol": "ETH-USD"}, {"trade_id": 667396292, "side": "buy", "size": "0.00160644", "price": "3012.86000000", "time": "2025-07-15T15:38:55.259894Z", "fetched_at": "2025-07-15T15:39:32.217233+00:00", "symbol": "ETH-USD"}, {"trade_id": 667396291, "side": "buy", "size": "0.00000331", "price": "3012.86000000", "time": "2025-07-15T15:38:55.259894Z", "fetched_at": "2025-07-15T15:39:32.217233+00:00", "symbol": "ETH-USD"}, {"trade_id": 667396290, "side": "sell", "size": "5.20000000", "price": "3012.58000000", "time": "2025-07-15T15:38:54.503724Z", "fetched_at": "2025-07-15T15:39:32.217233+00:00", "symbol": "ETH-USD"}, {"trade_id": 667396289, "side": "sell", "size": "0.00017472", "price": "3012.54000000", "time": "2025-07-15T15:38:54.503724Z", "fetched_at": "2025-07-15T15:39:32.217233+00:00", "symbol": "ETH-USD"}, {"trade_id": 667396288, "side": "sell", "size": "0.00198859", "price": "3012.54000000", "time": "2025-07-15T15:38:54.503724Z", "fetched_at": "2025-07-15T15:39:32.217233+00:00", "symbol": "ETH-USD"}, {"trade_id": 667396287, "side": "sell", "size": "0.00046506", "price": "3012.54000000", "time": "2025-07-15T15:38:54.503724Z", "fetched_at": "2025-07-15T15:39:32.217233+00:00", "symbol": "ETH-USD"}, {"trade_id": 667396286, "side": "sell", "size": "0.00060722", "price": "3012.54000000", "time": "2025-07-15T15:38:54.503724Z", "fetched_at": "2025-07-15T15:39:32.217233+00:00", "symbol": "ETH-USD"}, {"trade_id": 667396285, "side": "sell", "size": "0.00100000", "price": "3012.54000000", "time": "2025-07-15T15:38:54.503724Z", "fetched_at": "2025-07-15T15:39:32.217233+00:00", "symbol": "ETH-USD"}, {"trade_id": 667396284, "side": "buy", "size": "1.96022028", "price": "3012.53000000", "time": "2025-07-15T15:38:54.315576Z", "fetched_at": "2025-07-15T15:39:32.217233+00:00", "symbol": "ETH-USD"}, {"trade_id": 667396283, "side": "buy", "size": "0.00208288", "price": "3012.37000000", "time": "2025-07-15T15:38:53.774238Z", "fetched_at": "2025-07-15T15:39:32.217233+00:00", "symbol": "ETH-USD"}, {"trade_id": 667396282, "side": "sell", "size": "0.32917427", "price": "3012.28000000", "time": "2025-07-15T15:38:53.293580Z", "fetched_at": "2025-07-15T15:39:32.217233+00:00", "symbol": "ETH-USD"}, {"trade_id": 667396281, "side": "sell", "size": "0.50076185", "price": "3012.28000000", "time": "2025-07-15T15:38:53.293316Z", "fetched_at": "2025-07-15T15:39:32.217233+00:00", "symbol": "ETH-USD"}, {"trade_id": 667396280, "side": "sell", "size": "0.82993612", "price": "3012.28000000", "time": "2025-07-15T15:38:53.293316Z", "fetched_at": "2025-07-15T15:39:32.217233+00:00", "symbol": "ETH-USD"}, {"trade_id": 667396279, "side": "sell", "size": "0.99592334", "price": "3012.27000000", "time": "2025-07-15T15:38:53.293316Z", "fetched_at": "2025-07-15T15:39:32.217233+00:00", "symbol": "ETH-USD"}, {"trade_id": 667396278, "side": "sell", "size": "0.00061994", "price": "3012.26000000", "time": "2025-07-15T15:38:53.293316Z", "fetched_at": "2025-07-15T15:39:32.217233+00:00", "symbol": "ETH-USD"}, {"trade_id": 667396277, "side": "sell", "size": "0.00005590", "price": "3011.95000000", "time": "2025-07-15T15:38:53.274891Z", "fetched_at": "2025-07-15T15:39:32.217233+00:00", "symbol": "ETH-USD"}, {"trade_id": 667396276, "side": "sell", "size": "0.04189000", "price": "3011.95000000", "time": "2025-07-15T15:38:53.274891Z", "fetched_at": "2025-07-15T15:39:32.217233+00:00", "symbol": "ETH-USD"}, {"trade_id": 667396275, "side": "sell", "size": "0.00458898", "price": "3011.95000000", "time": "2025-07-15T15:38:53.274891Z", "fetched_at": "2025-07-15T15:39:32.217233+00:00", "symbol": "ETH-USD"}, {"trade_id": 667396274, "side": "sell", "size": "5.15810621", "price": "3011.95000000", "time": "2025-07-15T15:38:53.274891Z", "fetched_at": "2025-07-15T15:39:32.217233+00:00", "symbol": "ETH-USD"}, {"trade_id": 667396273, "side": "sell", "size": "0.01107124", "price": "3011.95000000", "time": "2025-07-15T15:38:53.117477Z", "fetched_at": "2025-07-15T15:39:32.217233+00:00", "symbol": "ETH-USD"}, {"trade_id": 667396272, "side": "sell", "size": "0.03082255", "price": "3011.95000000", "time": "2025-07-15T15:38:53.097685Z", "fetched_at": "2025-07-15T15:39:32.217233+00:00", "symbol": "ETH-USD"}, {"trade_id": 667396271, "side": "sell", "size": "0.00065646", "price": "3011.94000000", "time": "2025-07-15T15:38:53.097685Z", "fetched_at": "2025-07-15T15:39:32.217233+00:00", "symbol": "ETH-USD"}, {"trade_id": 667396270, "side": "buy", "size": "0.02904220", "price": "3011.93000000", "time": "2025-07-15T15:38:52.839871Z", "fetched_at": "2025-07-15T15:39:32.217233+00:00", "symbol": "ETH-USD"}, {"trade_id": 667396269, "side": "buy", "size": "0.02075413", "price": "3011.93000000", "time": "2025-07-15T15:38:52.839871Z", "fetched_at": "2025-07-15T15:39:32.217233+00:00", "symbol": "ETH-USD"}, {"trade_id": 667396268, "side": "sell", "size": "0.39392170", "price": "3012.30000000", "time": "2025-07-15T15:38:52.400663Z", "fetched_at": "2025-07-15T15:39:32.217233+00:00", "symbol": "ETH-USD"}, {"trade_id": 667396267, "side": "sell", "size": "0.15044425", "price": "3011.98000000", "time": "2025-07-15T15:38:52.400663Z", "fetched_at": "2025-07-15T15:39:32.217233+00:00", "symbol": "ETH-USD"}, {"trade_id": 667396266, "side": "sell", "size": "0.00065646", "price": "3011.94000000", "time": "2025-07-15T15:38:52.400663Z", "fetched_at": "2025-07-15T15:39:32.217233+00:00", "symbol": "ETH-USD"}, {"trade_id": 667396265, "side": "sell", "size": "0.00024004", "price": "3011.94000000", "time": "2025-07-15T15:38:52.400663Z", "fetched_at": "2025-07-15T15:39:32.217233+00:00", "symbol": "ETH-USD"}, {"trade_id": 667396264, "side": "sell", "size": "0.01555950", "price": "3011.98000000", "time": "2025-07-15T15:38:52.353575Z", "fetched_at": "2025-07-15T15:39:32.217233+00:00", "symbol": "ETH-USD"}, {"trade_id": 667396263, "side": "sell", "size": "0.00056433", "price": "3011.94000000", "time": "2025-07-15T15:38:52.353575Z", "fetched_at": "2025-07-15T15:39:32.217233+00:00", "symbol": "ETH-USD"}, {"trade_id": 667396262, "side": "buy", "size": "1.23313000", "price": "3012.42000000", "time": "2025-07-15T15:38:52.271414Z", "fetched_at": "2025-07-15T15:39:32.217233+00:00", "symbol": "ETH-USD"}, {"trade_id": 667396261, "side": "buy", "size": "0.02248026", "price": "3012.42000000", "time": "2025-07-15T15:38:52.111972Z", "fetched_at": "2025-07-15T15:39:32.217233+00:00", "symbol": "ETH-USD"}, {"trade_id": 667396260, "side": "buy", "size": "0.00100000", "price": "3012.54000000", "time": "2025-07-15T15:38:52.080360Z", "fetched_at": "2025-07-15T15:39:32.217233+00:00", "symbol": "ETH-USD"}, {"trade_id": 667396259, "side": "buy", "size": "0.00001327", "price": "3012.62000000", "time": "2025-07-15T15:38:52.070696Z", "fetched_at": "2025-07-15T15:39:32.217233+00:00", "symbol": "ETH-USD"}, {"trade_id": 667396258, "side": "buy", "size": "2.61809710", "price": "3012.62000000", "time": "2025-07-15T15:38:52.070696Z", "fetched_at": "2025-07-15T15:39:32.217233+00:00", "symbol": "ETH-USD"}, {"trade_id": 667396257, "side": "sell", "size": "0.00063290", "price": "3012.55000000", "time": "2025-07-15T15:38:51.797256Z", "fetched_at": "2025-07-15T15:39:32.217233+00:00", "symbol": "ETH-USD"}, {"trade_id": 667396256, "side": "buy", "size": "0.00331937", "price": "3012.62000000", "time": "2025-07-15T15:38:51.644016Z", "fetched_at": "2025-07-15T15:39:32.217233+00:00", "symbol": "ETH-USD"}, {"trade_id": 667396255, "side": "sell", "size": "0.03220881", "price": "3013.02000000", "time": "2025-07-15T15:38:51.593220Z", "fetched_at": "2025-07-15T15:39:32.217233+00:00", "symbol": "ETH-USD"}, {"trade_id": 667396254, "side": "sell", "size": "0.00063290", "price": "3012.73000000", "time": "2025-07-15T15:38:51.593220Z", "fetched_at": "2025-07-15T15:39:32.217233+00:00", "symbol": "ETH-USD"}, {"trade_id": 667396253, "side": "buy", "size": "0.00466641", "price": "3013.02000000", "time": "2025-07-15T15:38:51.554971Z", "fetched_at": "2025-07-15T15:39:32.217233+00:00", "symbol": "ETH-USD"}, {"trade_id": 667396252, "side": "buy", "size": "0.02978075", "price": "3013.02000000", "time": "2025-07-15T15:38:51.554971Z", "fetched_at": "2025-07-15T15:39:32.217233+00:00", "symbol": "ETH-USD"}, {"trade_id": 667396251, "side": "sell", "size": "0.00752672", "price": "3013.18000000", "time": "2025-07-15T15:38:51.065144Z", "fetched_at": "2025-07-15T15:39:32.217233+00:00", "symbol": "ETH-USD"}, {"trade_id": 667396250, "side": "sell", "size": "0.00053198", "price": "3013.03000000", "time": "2025-07-15T15:38:51.065144Z", "fetched_at": "2025-07-15T15:39:32.217233+00:00", "symbol": "ETH-USD"}, {"trade_id": 667396249, "side": "buy", "size": "0.17411000", "price": "3013.13000000", "time": "2025-07-15T15:38:50.975491Z", "fetched_at": "2025-07-15T15:39:32.217233+00:00", "symbol": "ETH-USD"}, {"trade_id": 667396248, "side": "buy", "size": "1.68651636", "price": "3013.02000000", "time": "2025-07-15T15:38:50.664029Z", "fetched_at": "2025-07-15T15:39:32.217233+00:00", "symbol": "ETH-USD"}, {"trade_id": 667396247, "side": "buy", "size": "4.11743639", "price": "3013.02000000", "time": "2025-07-15T15:38:50.640866Z", "fetched_at": "2025-07-15T15:39:32.217233+00:00", "symbol": "ETH-USD"}, {"trade_id": 667396246, "side": "buy", "size": "0.17411000", "price": "3013.16000000", "time": "2025-07-15T15:38:50.448916Z", "fetched_at": "2025-07-15T15:39:32.217233+00:00", "symbol": "ETH-USD"}, {"trade_id": 667396245, "side": "buy", "size": "0.15157081", "price": "3013.16000000", "time": "2025-07-15T15:38:50.448916Z", "fetched_at": "2025-07-15T15:39:32.217233+00:00", "symbol": "ETH-USD"}, {"trade_id": 667396244, "side": "buy", "size": "0.11262000", "price": "3013.16000000", "time": "2025-07-15T15:38:50.439072Z", "fetched_at": "2025-07-15T15:39:32.217233+00:00", "symbol": "ETH-USD"}, {"trade_id": 667396243, "side": "buy", "size": "0.17411000", "price": "3013.16000000", "time": "2025-07-15T15:38:50.439072Z", "fetched_at": "2025-07-15T15:39:32.217233+00:00", "symbol": "ETH-USD"}, {"trade_id": 667396242, "side": "sell", "size": "0.48848691", "price": "3012.94000000", "time": "2025-07-15T15:38:50.365690Z", "fetched_at": "2025-07-15T15:39:32.217233+00:00", "symbol": "ETH-USD"}, {"trade_id": 667396241, "side": "sell", "size": "0.00100000", "price": "3012.77000000", "time": "2025-07-15T15:38:50.365690Z", "fetched_at": "2025-07-15T15:39:32.217233+00:00", "symbol": "ETH-USD"}, {"trade_id": 667396240, "side": "sell", "size": "0.29129889", "price": "3012.58000000", "time": "2025-07-15T15:38:50.365565Z", "fetched_at": "2025-07-15T15:39:32.217233+00:00", "symbol": "ETH-USD"}, {"trade_id": 667396239, "side": "sell", "size": "0.00066205", "price": "3012.57000000", "time": "2025-07-15T15:38:50.365565Z", "fetched_at": "2025-07-15T15:39:32.217233+00:00", "symbol": "ETH-USD"}, {"trade_id": 667396238, "side": "sell", "size": "0.00100000", "price": "3012.54000000", "time": "2025-07-15T15:38:50.365565Z", "fetched_at": "2025-07-15T15:39:32.217233+00:00", "symbol": "ETH-USD"}, {"trade_id": 667396237, "side": "sell", "size": "0.00244107", "price": "3012.45000000", "time": "2025-07-15T15:38:50.365519Z", "fetched_at": "2025-07-15T15:39:32.217233+00:00", "symbol": "ETH-USD"}, {"trade_id": 667396236, "side": "sell", "size": "0.00067700", "price": "3012.45000000", "time": "2025-07-15T15:38:50.365519Z", "fetched_at": "2025-07-15T15:39:32.217233+00:00", "symbol": "ETH-USD"}, {"trade_id": 667396235, "side": "sell", "size": "0.33324096", "price": "3012.32000000", "time": "2025-07-15T15:38:50.365519Z", "fetched_at": "2025-07-15T15:39:32.217233+00:00", "symbol": "ETH-USD"}, {"trade_id": 667396234, "side": "sell", "size": "0.00100000", "price": "3012.31000000", "time": "2025-07-15T15:38:50.365519Z", "fetched_at": "2025-07-15T15:39:32.217233+00:00", "symbol": "ETH-USD"}, {"trade_id": 667396233, "side": "sell", "size": "0.50258368", "price": "3012.15000000", "time": "2025-07-15T15:38:50.202813Z", "fetched_at": "2025-07-15T15:39:32.217233+00:00", "symbol": "ETH-USD"}, {"trade_id": 667396232, "side": "sell", "size": "0.82999674", "price": "3012.06000000", "time": "2025-07-15T15:38:50.201449Z", "fetched_at": "2025-07-15T15:39:32.217233+00:00", "symbol": "ETH-USD"}, {"trade_id": 667396231, "side": "sell", "size": "0.00066205", "price": "3012.02000000", "time": "2025-07-15T15:38:50.201449Z", "fetched_at": "2025-07-15T15:39:32.217233+00:00", "symbol": "ETH-USD"}, {"trade_id": 667396230, "side": "sell", "size": "0.01548826", "price": "3011.81000000", "time": "2025-07-15T15:38:49.828061Z", "fetched_at": "2025-07-15T15:39:32.217233+00:00", "symbol": "ETH-USD"}, {"trade_id": 667396229, "side": "sell", "size": "0.00063074", "price": "3011.81000000", "time": "2025-07-15T15:38:49.828061Z", "fetched_at": "2025-07-15T15:39:32.217233+00:00", "symbol": "ETH-USD"}, {"trade_id": 667396228, "side": "buy", "size": "0.04469019", "price": "3012.07000000", "time": "2025-07-15T15:38:49.582385Z", "fetched_at": "2025-07-15T15:39:32.217233+00:00", "symbol": "ETH-USD"}, {"trade_id": 667396227, "side": "buy", "size": "0.00001327", "price": "3012.07000000", "time": "2025-07-15T15:38:49.582385Z", "fetched_at": "2025-07-15T15:39:32.217233+00:00", "symbol": "ETH-USD"}, {"trade_id": 667396226, "side": "buy", "size": "0.00000331", "price": "3012.07000000", "time": "2025-07-15T15:38:49.582385Z", "fetched_at": "2025-07-15T15:39:32.217233+00:00", "symbol": "ETH-USD"}, {"trade_id": 667396225, "side": "buy", "size": "2.31712630", "price": "3012.25000000", "time": "2025-07-15T15:38:49.461870Z", "fetched_at": "2025-07-15T15:39:32.217233+00:00", "symbol": "ETH-USD"}, {"trade_id": 667396224, "side": "buy", "size": "0.34057370", "price": "3012.25000000", "time": "2025-07-15T15:38:49.461307Z", "fetched_at": "2025-07-15T15:39:32.217233+00:00", "symbol": "ETH-USD"}, {"trade_id": 667396223, "side": "sell", "size": "0.16607000", "price": "3012.16000000", "time": "2025-07-15T15:38:49.456607Z", "fetched_at": "2025-07-15T15:39:32.217233+00:00", "symbol": "ETH-USD"}, {"trade_id": 667396222, "side": "sell", "size": "0.16607000", "price": "3012.08000000", "time": "2025-07-15T15:38:49.456607Z", "fetched_at": "2025-07-15T15:39:32.217233+00:00", "symbol": "ETH-USD"}, {"trade_id": 667396221, "side": "sell", "size": "0.00169965", "price": "3012.46000000", "time": "2025-07-15T15:38:48.989821Z", "fetched_at": "2025-07-15T15:39:32.217233+00:00", "symbol": "ETH-USD"}, {"trade_id": 667396220, "side": "sell", "size": "0.00071621", "price": "3012.45000000", "time": "2025-07-15T15:38:48.989821Z", "fetched_at": "2025-07-15T15:39:32.217233+00:00", "symbol": "ETH-USD"}, {"trade_id": 667396219, "side": "sell", "size": "0.00100000", "price": "3012.31000000", "time": "2025-07-15T15:38:48.989821Z", "fetched_at": "2025-07-15T15:39:32.217233+00:00", "symbol": "ETH-USD"}, {"trade_id": 667396218, "side": "sell", "size": "0.00003391", "price": "3012.19000000", "time": "2025-07-15T15:38:48.989821Z", "fetched_at": "2025-07-15T15:39:32.217233+00:00", "symbol": "ETH-USD"}, {"trade_id": 667396217, "side": "sell", "size": "0.00009025", "price": "3012.19000000", "time": "2025-07-15T15:38:48.989821Z", "fetched_at": "2025-07-15T15:39:32.217233+00:00", "symbol": "ETH-USD"}, {"trade_id": 667396216, "side": "sell", "size": "0.00005589", "price": "3012.08000000", "time": "2025-07-15T15:38:48.989821Z", "fetched_at": "2025-07-15T15:39:32.217233+00:00", "symbol": "ETH-USD"}, {"trade_id": 667396215, "side": "sell", "size": "0.00185204", "price": "3012.08000000", "time": "2025-07-15T15:38:48.989821Z", "fetched_at": "2025-07-15T15:39:32.217233+00:00", "symbol": "ETH-USD"}, {"trade_id": 667396214, "side": "sell", "size": "0.00100000", "price": "3012.08000000", "time": "2025-07-15T15:38:48.989821Z", "fetched_at": "2025-07-15T15:39:32.217233+00:00", "symbol": "ETH-USD"}, {"trade_id": 667396213, "side": "buy", "size": "0.17411000", "price": "3011.93000000", "time": "2025-07-15T15:38:48.151994Z", "fetched_at": "2025-07-15T15:39:32.217233+00:00", "symbol": "ETH-USD"}, {"trade_id": 667396212, "side": "sell", "size": "0.16448378", "price": "3011.58000000", "time": "2025-07-15T15:38:48.141408Z", "fetched_at": "2025-07-15T15:39:32.217233+00:00", "symbol": "ETH-USD"}, {"trade_id": 667396211, "side": "sell", "size": "0.01160856", "price": "3011.47000000", "time": "2025-07-15T15:38:48.141408Z", "fetched_at": "2025-07-15T15:39:32.217233+00:00", "symbol": "ETH-USD"}, {"trade_id": 667396210, "side": "sell", "size": "0.00160434", "price": "3011.47000000", "time": "2025-07-15T15:38:48.141408Z", "fetched_at": "2025-07-15T15:39:32.217233+00:00", "symbol": "ETH-USD"}, {"trade_id": 667396209, "side": "sell", "size": "0.00154202", "price": "3011.58000000", "time": "2025-07-15T15:38:48.039715Z", "fetched_at": "2025-07-15T15:39:32.217233+00:00", "symbol": "ETH-USD"}, {"trade_id": 667396208, "side": "sell", "size": "0.00160434", "price": "3011.47000000", "time": "2025-07-15T15:38:48.039715Z", "fetched_at": "2025-07-15T15:39:32.217233+00:00", "symbol": "ETH-USD"}, {"trade_id": 667396207, "side": "buy", "size": "0.02644459", "price": "3011.58000000", "time": "2025-07-15T15:38:47.780094Z", "fetched_at": "2025-07-15T15:39:32.217233+00:00", "symbol": "ETH-USD"}, {"trade_id": 667396206, "side": "buy", "size": "0.00000332", "price": "3011.58000000", "time": "2025-07-15T15:38:47.780094Z", "fetched_at": "2025-07-15T15:39:32.217233+00:00", "symbol": "ETH-USD"}, {"trade_id": 667396205, "side": "buy", "size": "2.12288308", "price": "3011.58000000", "time": "2025-07-15T15:38:47.780094Z", "fetched_at": "2025-07-15T15:39:32.217233+00:00", "symbol": "ETH-USD"}, {"trade_id": 667396204, "side": "buy", "size": "1.05358692", "price": "3011.58000000", "time": "2025-07-15T15:38:47.774740Z", "fetched_at": "2025-07-15T15:39:32.217233+00:00", "symbol": "ETH-USD"}, {"trade_id": 667396203, "side": "sell", "size": "0.00446700", "price": "3011.85000000", "time": "2025-07-15T15:38:47.412184Z", "fetched_at": "2025-07-15T15:39:32.217233+00:00", "symbol": "ETH-USD"}, {"trade_id": 667396202, "side": "sell", "size": "0.00024002", "price": "3011.59000000", "time": "2025-07-15T15:38:47.412184Z", "fetched_at": "2025-07-15T15:39:32.217233+00:00", "symbol": "ETH-USD"}, {"trade_id": 667396201, "side": "sell", "size": "0.00162211", "price": "3011.59000000", "time": "2025-07-15T15:38:47.412184Z", "fetched_at": "2025-07-15T15:39:32.217233+00:00", "symbol": "ETH-USD"}, {"trade_id": 667396200, "side": "sell", "size": "0.00011872", "price": "3011.59000000", "time": "2025-07-15T15:38:47.412184Z", "fetched_at": "2025-07-15T15:39:32.217233+00:00", "symbol": "ETH-USD"}, {"trade_id": 667396199, "side": "sell", "size": "0.00173316", "price": "3011.59000000", "time": "2025-07-15T15:38:47.318842Z", "fetched_at": "2025-07-15T15:39:32.217233+00:00", "symbol": "ETH-USD"}, {"trade_id": 667396198, "side": "sell", "size": "0.02879502", "price": "3011.99000000", "time": "2025-07-15T15:38:47.172747Z", "fetched_at": "2025-07-15T15:39:32.217233+00:00", "symbol": "ETH-USD"}, {"trade_id": 667396197, "side": "sell", "size": "0.00198856", "price": "3011.59000000", "time": "2025-07-15T15:38:47.172747Z", "fetched_at": "2025-07-15T15:39:32.217233+00:00", "symbol": "ETH-USD"}, {"trade_id": 667396196, "side": "sell", "size": "0.00145107", "price": "3011.59000000", "time": "2025-07-15T15:38:47.172747Z", "fetched_at": "2025-07-15T15:39:32.217233+00:00", "symbol": "ETH-USD"}, {"trade_id": 667396195, "side": "buy", "size": "0.01919750", "price": "3011.85000000", "time": "2025-07-15T15:38:46.641955Z", "fetched_at": "2025-07-15T15:39:32.217233+00:00", "symbol": "ETH-USD"}, {"trade_id": 667396194, "side": "buy", "size": "1.87818760", "price": "3011.85000000", "time": "2025-07-15T15:38:46.631Z", "fetched_at": "2025-07-15T15:39:32.217233+00:00", "symbol": "ETH-USD"}, {"trade_id": 667396193, "side": "buy", "size": "0.01570131", "price": "3011.85000000", "time": "2025-07-15T15:38:46.631Z", "fetched_at": "2025-07-15T15:39:32.217233+00:00", "symbol": "ETH-USD"}, {"trade_id": 667396192, "side": "sell", "size": "0.00002950", "price": "3012.13000000", "time": "2025-07-15T15:38:46.141713Z", "fetched_at": "2025-07-15T15:39:32.217233+00:00", "symbol": "ETH-USD"}, {"trade_id": 667396191, "side": "sell", "size": "0.00165038", "price": "3012.00000000", "time": "2025-07-15T15:38:46.141713Z", "fetched_at": "2025-07-15T15:39:32.217233+00:00", "symbol": "ETH-USD"}, {"trade_id": 667396190, "side": "sell", "size": "0.00258339", "price": "3012.19000000", "time": "2025-07-15T15:38:45.912748Z", "fetched_at": "2025-07-15T15:39:32.217233+00:00", "symbol": "ETH-USD"}, {"trade_id": 667396189, "side": "sell", "size": "0.00167990", "price": "3011.86000000", "time": "2025-07-15T15:38:45.912748Z", "fetched_at": "2025-07-15T15:39:32.217233+00:00", "symbol": "ETH-USD"}, {"trade_id": 667396188, "side": "sell", "size": "0.00057057", "price": "3011.86000000", "time": "2025-07-15T15:38:45.912748Z", "fetched_at": "2025-07-15T15:39:32.217233+00:00", "symbol": "ETH-USD"}, {"trade_id": 667396187, "side": "sell", "size": "0.00081312", "price": "3011.86000000", "time": "2025-07-15T15:38:45.903367Z", "fetched_at": "2025-07-15T15:39:32.217233+00:00", "symbol": "ETH-USD"}, {"trade_id": 667396186, "side": "sell", "size": "0.00019093", "price": "3011.86000000", "time": "2025-07-15T15:38:45.903367Z", "fetched_at": "2025-07-15T15:39:32.217233+00:00", "symbol": "ETH-USD"}, {"trade_id": 667396185, "side": "sell", "size": "0.00051074", "price": "3011.86000000", "time": "2025-07-15T15:38:45.903367Z", "fetched_at": "2025-07-15T15:39:32.217233+00:00", "symbol": "ETH-USD"}, {"trade_id": 667396184, "side": "sell", "size": "0.00168687", "price": "3011.86000000", "time": "2025-07-15T15:38:45.903367Z", "fetched_at": "2025-07-15T15:39:32.217233+00:00", "symbol": "ETH-USD"}, {"trade_id": 667396183, "side": "sell", "size": "0.00000331", "price": "3011.86000000", "time": "2025-07-15T15:38:44.664849Z", "fetched_at": "2025-07-15T15:39:32.217233+00:00", "symbol": "ETH-USD"}, {"trade_id": 667396182, "side": "sell", "size": "0.00065709", "price": "3012.06000000", "time": "2025-07-15T15:38:44.643376Z", "fetched_at": "2025-07-15T15:39:32.217233+00:00", "symbol": "ETH-USD"}, {"trade_id": 667396181, "side": "sell", "size": "0.44199615", "price": "3012.16000000", "time": "2025-07-15T15:38:44.619176Z", "fetched_at": "2025-07-15T15:39:32.217233+00:00", "symbol": "ETH-USD"}, {"trade_id": 667396180, "side": "sell", "size": "0.00100000", "price": "3012.08000000", "time": "2025-07-15T15:38:44.619176Z", "fetched_at": "2025-07-15T15:39:32.217233+00:00", "symbol": "ETH-USD"}, {"trade_id": 667396179, "side": "sell", "size": "0.47676689", "price": "3011.98000000", "time": "2025-07-15T15:38:44.619176Z", "fetched_at": "2025-07-15T15:39:32.217233+00:00", "symbol": "ETH-USD"}, {"trade_id": 667396178, "side": "sell", "size": "0.16601324", "price": "3011.81000000", "time": "2025-07-15T15:38:44.619176Z", "fetched_at": "2025-07-15T15:39:32.217233+00:00", "symbol": "ETH-USD"}, {"trade_id": 667396177, "side": "sell", "size": "0.00085586", "price": "3011.61000000", "time": "2025-07-15T15:38:44.619176Z", "fetched_at": "2025-07-15T15:39:32.217233+00:00", "symbol": "ETH-USD"}, {"trade_id": 667396176, "side": "sell", "size": "0.00170008", "price": "3011.51000000", "time": "2025-07-15T15:38:44.619176Z", "fetched_at": "2025-07-15T15:39:32.217233+00:00", "symbol": "ETH-USD"}, {"trade_id": 667396175, "side": "sell", "size": "0.55451769", "price": "3011.51000000", "time": "2025-07-15T15:38:44.619176Z", "fetched_at": "2025-07-15T15:39:32.217233+00:00", "symbol": "ETH-USD"}, {"trade_id": 667396174, "side": "sell", "size": "0.04548231", "price": "3011.51000000", "time": "2025-07-15T15:38:44.503404Z", "fetched_at": "2025-07-15T15:39:32.217233+00:00", "symbol": "ETH-USD"}, {"trade_id": 667396173, "side": "sell", "size": "0.00170008", "price": "3011.44000000", "time": "2025-07-15T15:38:44.503404Z", "fetched_at": "2025-07-15T15:39:32.217233+00:00", "symbol": "ETH-USD"}, {"trade_id": 667396172, "side": "sell", "size": "0.03308944", "price": "3011.50000000", "time": "2025-07-15T15:38:43.733016Z", "fetched_at": "2025-07-15T15:39:32.217233+00:00", "symbol": "ETH-USD"}, {"trade_id": 667396171, "side": "sell", "size": "0.00151409", "price": "3011.44000000", "time": "2025-07-15T15:38:43.733016Z", "fetched_at": "2025-07-15T15:39:32.217233+00:00", "symbol": "ETH-USD"}, {"trade_id": 667396170, "side": "sell", "size": "0.16227419", "price": "3011.44000000", "time": "2025-07-15T15:38:43.467945Z", "fetched_at": "2025-07-15T15:39:32.217233+00:00", "symbol": "ETH-USD"}, {"trade_id": 667396169, "side": "sell", "size": "0.00005588", "price": "3011.44000000", "time": "2025-07-15T15:38:43.467945Z", "fetched_at": "2025-07-15T15:39:32.217233+00:00", "symbol": "ETH-USD"}, {"trade_id": 667396168, "side": "sell", "size": "0.00151409", "price": "3011.44000000", "time": "2025-07-15T15:38:43.467945Z", "fetched_at": "2025-07-15T15:39:32.217233+00:00", "symbol": "ETH-USD"}, {"trade_id": 667396167, "side": "buy", "size": "2.30000797", "price": "3011.43000000", "time": "2025-07-15T15:38:43.395502Z", "fetched_at": "2025-07-15T15:39:32.217233+00:00", "symbol": "ETH-USD"}, {"trade_id": 667396166, "side": "buy", "size": "0.00926470", "price": "3011.43000000", "time": "2025-07-15T15:38:43.395502Z", "fetched_at": "2025-07-15T15:39:32.217233+00:00", "symbol": "ETH-USD"}, {"trade_id": 667396165, "side": "buy", "size": "0.00000291", "price": "3012.31000000", "time": "2025-07-15T15:38:42.421997Z", "fetched_at": "2025-07-15T15:39:32.217233+00:00", "symbol": "ETH-USD"}, {"trade_id": 667396164, "side": "buy", "size": "0.17931000", "price": "3012.31000000", "time": "2025-07-15T15:38:42.421872Z", "fetched_at": "2025-07-15T15:39:32.217233+00:00", "symbol": "ETH-USD"}, {"trade_id": 667396163, "side": "sell", "size": "0.49823870", "price": "3012.19000000", "time": "2025-07-15T15:38:42.417461Z", "fetched_at": "2025-07-15T15:39:32.217233+00:00", "symbol": "ETH-USD"}, {"trade_id": 667396162, "side": "sell", "size": "0.11109380", "price": "3012.18000000", "time": "2025-07-15T15:38:42.417461Z", "fetched_at": "2025-07-15T15:39:32.217233+00:00", "symbol": "ETH-USD"}, {"trade_id": 667396161, "side": "sell", "size": "0.00263387", "price": "3012.17000000", "time": "2025-07-15T15:38:42.417461Z", "fetched_at": "2025-07-15T15:39:32.217233+00:00", "symbol": "ETH-USD"}, {"trade_id": 667396160, "side": "sell", "size": "0.00024001", "price": "3011.98000000", "time": "2025-07-15T15:38:42.417461Z", "fetched_at": "2025-07-15T15:39:32.217233+00:00", "symbol": "ETH-USD"}, {"trade_id": 667396159, "side": "sell", "size": "0.46841071", "price": "3011.63000000", "time": "2025-07-15T15:38:42.417461Z", "fetched_at": "2025-07-15T15:39:32.217233+00:00", "symbol": "ETH-USD"}, {"trade_id": 667396158, "side": "buy", "size": "0.00111832", "price": "3011.62000000", "time": "2025-07-15T15:38:42.415093Z", "fetched_at": "2025-07-15T15:39:32.217233+00:00", "symbol": "ETH-USD"}, {"trade_id": 667396157, "side": "buy", "size": "0.00111832", "price": "3011.62000000", "time": "2025-07-15T15:38:42.404180Z", "fetched_at": "2025-07-15T15:39:32.217233+00:00", "symbol": "ETH-USD"}, {"trade_id": 667396156, "side": "buy", "size": "0.00100000", "price": "3011.62000000", "time": "2025-07-15T15:38:42.393063Z", "fetched_at": "2025-07-15T15:39:32.217233+00:00", "symbol": "ETH-USD"}, {"trade_id": 667396155, "side": "buy", "size": "0.19996832", "price": "3011.78000000", "time": "2025-07-15T15:38:42.383537Z", "fetched_at": "2025-07-15T15:39:32.217233+00:00", "symbol": "ETH-USD"}, {"trade_id": 667396154, "side": "buy", "size": "0.00111824", "price": "3011.83000000", "time": "2025-07-15T15:38:42.374315Z", "fetched_at": "2025-07-15T15:39:32.217233+00:00", "symbol": "ETH-USD"}, {"trade_id": 667396153, "side": "buy", "size": "0.00111826", "price": "3011.79000000", "time": "2025-07-15T15:38:42.345515Z", "fetched_at": "2025-07-15T15:39:32.217233+00:00", "symbol": "ETH-USD"}, {"trade_id": 667396152, "side": "buy", "size": "0.00111815", "price": "3012.08000000", "time": "2025-07-15T15:38:42.334679Z", "fetched_at": "2025-07-15T15:39:32.217233+00:00", "symbol": "ETH-USD"}, {"trade_id": 667396151, "side": "buy", "size": "0.00100000", "price": "3011.85000000", "time": "2025-07-15T15:38:42.324054Z", "fetched_at": "2025-07-15T15:39:32.217233+00:00", "symbol": "ETH-USD"}, {"trade_id": 667396150, "side": "buy", "size": "0.00100000", "price": "3012.08000000", "time": "2025-07-15T15:38:42.305279Z", "fetched_at": "2025-07-15T15:39:32.217233+00:00", "symbol": "ETH-USD"}, {"trade_id": 667396149, "side": "buy", "size": "0.00100000", "price": "3012.31000000", "time": "2025-07-15T15:38:42.295720Z", "fetched_at": "2025-07-15T15:39:32.217233+00:00", "symbol": "ETH-USD"}, {"trade_id": 667396148, "side": "buy", "size": "0.00111801", "price": "3012.46000000", "time": "2025-07-15T15:38:42.218842Z", "fetched_at": "2025-07-15T15:39:32.217233+00:00", "symbol": "ETH-USD"}, {"trade_id": 667396147, "side": "buy", "size": "0.00111801", "price": "3012.46000000", "time": "2025-07-15T15:38:42.208981Z", "fetched_at": "2025-07-15T15:39:32.217233+00:00", "symbol": "ETH-USD"}, {"trade_id": 667396146, "side": "buy", "size": "0.00100000", "price": "3012.54000000", "time": "2025-07-15T15:38:42.171964Z", "fetched_at": "2025-07-15T15:39:32.217233+00:00", "symbol": "ETH-USD"}, {"trade_id": 667396145, "side": "buy", "size": "0.19988023", "price": "3012.68000000", "time": "2025-07-15T15:38:42.103746Z", "fetched_at": "2025-07-15T15:39:32.217233+00:00", "symbol": "ETH-USD"}, {"trade_id": 667396144, "side": "buy", "size": "0.00100000", "price": "3012.77000000", "time": "2025-07-15T15:38:42.083042Z", "fetched_at": "2025-07-15T15:39:32.217233+00:00", "symbol": "ETH-USD"}, {"trade_id": 667396143, "side": "buy", "size": "0.01925796", "price": "3012.78000000", "time": "2025-07-15T15:38:42.072803Z", "fetched_at": "2025-07-15T15:39:32.217233+00:00", "symbol": "ETH-USD"}, {"trade_id": 667396142, "side": "buy", "size": "0.67570179", "price": "3012.93000000", "time": "2025-07-15T15:38:41.920257Z", "fetched_at": "2025-07-15T15:39:32.217233+00:00", "symbol": "ETH-USD"}, {"trade_id": 667396141, "side": "buy", "size": "0.00100000", "price": "3013.00000000", "time": "2025-07-15T15:38:41.920257Z", "fetched_at": "2025-07-15T15:39:32.217233+00:00", "symbol": "ETH-USD"}, {"trade_id": 667396140, "side": "buy", "size": "0.01916681", "price": "3013.02000000", "time": "2025-07-15T15:38:41.915635Z", "fetched_at": "2025-07-15T15:39:32.217233+00:00", "symbol": "ETH-USD"}, {"trade_id": 667396139, "side": "buy", "size": "0.01932280", "price": "3013.02000000", "time": "2025-07-15T15:38:41.915635Z", "fetched_at": "2025-07-15T15:39:32.217233+00:00", "symbol": "ETH-USD"}, {"trade_id": 667396138, "side": "buy", "size": "0.00206105", "price": "3013.02000000", "time": "2025-07-15T15:38:41.915635Z", "fetched_at": "2025-07-15T15:39:32.217233+00:00", "symbol": "ETH-USD"}, {"trade_id": 667396137, "side": "buy", "size": "1.90975237", "price": "3013.02000000", "time": "2025-07-15T15:38:41.915635Z", "fetched_at": "2025-07-15T15:39:32.217233+00:00", "symbol": "ETH-USD"}, {"trade_id": 667396136, "side": "buy", "size": "0.54976059", "price": "3013.02000000", "time": "2025-07-15T15:38:41.896765Z", "fetched_at": "2025-07-15T15:39:32.217233+00:00", "symbol": "ETH-USD"}, {"trade_id": 667396135, "side": "buy", "size": "0.27471704", "price": "3013.02000000", "time": "2025-07-15T15:38:41.895509Z", "fetched_at": "2025-07-15T15:39:32.217233+00:00", "symbol": "ETH-USD"}, {"trade_id": 667396134, "side": "buy", "size": "0.38276237", "price": "3013.26000000", "time": "2025-07-15T15:38:41.014425Z", "fetched_at": "2025-07-15T15:39:32.217233+00:00", "symbol": "ETH-USD"}, {"trade_id": 667396133, "side": "sell", "size": "0.00290763", "price": "3013.01000000", "time": "2025-07-15T15:38:41.009962Z", "fetched_at": "2025-07-15T15:39:32.217233+00:00", "symbol": "ETH-USD"}, {"trade_id": 667396132, "side": "buy", "size": "0.00100000", "price": "3013.23000000", "time": "2025-07-15T15:38:40.895801Z", "fetched_at": "2025-07-15T15:39:32.217233+00:00", "symbol": "ETH-USD"}, {"trade_id": 667396131, "side": "buy", "size": "0.19998031", "price": "3013.26000000", "time": "2025-07-15T15:38:40.873733Z", "fetched_at": "2025-07-15T15:39:32.217233+00:00", "symbol": "ETH-USD"}, {"trade_id": 667396130, "side": "buy", "size": "0.19997431", "price": "3013.26000000", "time": "2025-07-15T15:38:40.873733Z", "fetched_at": "2025-07-15T15:39:32.217233+00:00", "symbol": "ETH-USD"}, {"trade_id": 667396129, "side": "buy", "size": "0.00122274", "price": "3013.27000000", "time": "2025-07-15T15:38:40.873733Z", "fetched_at": "2025-07-15T15:39:32.217233+00:00", "symbol": "ETH-USD"}, {"trade_id": 667396128, "side": "buy", "size": "1.09608000", "price": "3013.46000000", "time": "2025-07-15T15:38:40.806745Z", "fetched_at": "2025-07-15T15:39:32.217233+00:00", "symbol": "ETH-USD"}, {"trade_id": 667396127, "side": "buy", "size": "0.00100000", "price": "3013.46000000", "time": "2025-07-15T15:38:40.806745Z", "fetched_at": "2025-07-15T15:39:32.217233+00:00", "symbol": "ETH-USD"}, {"trade_id": 667396126, "side": "buy", "size": "0.00100000", "price": "3013.69000000", "time": "2025-07-15T15:38:40.299175Z", "fetched_at": "2025-07-15T15:39:32.217233+00:00", "symbol": "ETH-USD"}, {"trade_id": 667396125, "side": "buy", "size": "0.00100000", "price": "3013.92000000", "time": "2025-07-15T15:38:40.288898Z", "fetched_at": "2025-07-15T15:39:32.217233+00:00", "symbol": "ETH-USD"}, {"trade_id": 667396124, "side": "buy", "size": "0.35018875", "price": "3013.95000000", "time": "2025-07-15T15:38:40.266570Z", "fetched_at": "2025-07-15T15:39:32.217233+00:00", "symbol": "ETH-USD"}, {"trade_id": 667396123, "side": "buy", "size": "0.58867516", "price": "3013.95000000", "time": "2025-07-15T15:38:40.265550Z", "fetched_at": "2025-07-15T15:39:32.217233+00:00", "symbol": "ETH-USD"}, {"trade_id": 667396122, "side": "buy", "size": "0.35018875", "price": "3013.95000000", "time": "2025-07-15T15:38:40.260465Z", "fetched_at": "2025-07-15T15:39:32.217233+00:00", "symbol": "ETH-USD"}, {"trade_id": 667396121, "side": "buy", "size": "0.30624936", "price": "3013.95000000", "time": "2025-07-15T15:38:40.259262Z", "fetched_at": "2025-07-15T15:39:32.217233+00:00", "symbol": "ETH-USD"}, {"trade_id": 667396120, "side": "buy", "size": "7.15575798", "price": "3013.95000000", "time": "2025-07-15T15:38:40.191026Z", "fetched_at": "2025-07-15T15:39:32.217233+00:00", "symbol": "ETH-USD"}, {"trade_id": 667396119, "side": "buy", "size": "0.00139454", "price": "3013.96000000", "time": "2025-07-15T15:38:40.191026Z", "fetched_at": "2025-07-15T15:39:32.217233+00:00", "symbol": "ETH-USD"}, {"trade_id": 667396118, "side": "buy", "size": "0.00139454", "price": "3013.96000000", "time": "2025-07-15T15:38:40.177580Z", "fetched_at": "2025-07-15T15:39:32.217233+00:00", "symbol": "ETH-USD"}, {"trade_id": 667396117, "side": "sell", "size": "1.24894000", "price": "3013.93000000", "time": "2025-07-15T15:38:40.142651Z", "fetched_at": "2025-07-15T15:39:32.217233+00:00", "symbol": "ETH-USD"}, {"trade_id": 667396116, "side": "buy", "size": "0.00033238", "price": "3014.08000000", "time": "2025-07-15T15:38:40.137645Z", "fetched_at": "2025-07-15T15:39:32.217233+00:00", "symbol": "ETH-USD"}, {"trade_id": 667396115, "side": "buy", "size": "0.19987424", "price": "3014.08000000", "time": "2025-07-15T15:38:40.137645Z", "fetched_at": "2025-07-15T15:39:32.217233+00:00", "symbol": "ETH-USD"}, {"trade_id": 667396114, "side": "buy", "size": "0.19999829", "price": "3014.09000000", "time": "2025-07-15T15:38:40.137645Z", "fetched_at": "2025-07-15T15:39:32.217233+00:00", "symbol": "ETH-USD"}, {"trade_id": 667396113, "side": "buy", "size": "2.02083935", "price": "3014.15000000", "time": "2025-07-15T15:38:40.135745Z", "fetched_at": "2025-07-15T15:39:32.217233+00:00", "symbol": "ETH-USD"}, {"trade_id": 667396112, "side": "buy", "size": "0.41154065", "price": "3014.15000000", "time": "2025-07-15T15:38:40.134020Z", "fetched_at": "2025-07-15T15:39:32.217233+00:00", "symbol": "ETH-USD"}, {"trade_id": 667396111, "side": "buy", "size": "0.00100000", "price": "3014.15000000", "time": "2025-07-15T15:38:40.134020Z", "fetched_at": "2025-07-15T15:39:32.217233+00:00", "symbol": "ETH-USD"}, {"trade_id": 667396110, "side": "buy", "size": "0.00139445", "price": "3014.16000000", "time": "2025-07-15T15:38:40.134020Z", "fetched_at": "2025-07-15T15:39:32.217233+00:00", "symbol": "ETH-USD"}, {"trade_id": 667396109, "side": "buy", "size": "0.00026871", "price": "3014.33000000", "time": "2025-07-15T15:38:39.805207Z", "fetched_at": "2025-07-15T15:39:32.217233+00:00", "symbol": "ETH-USD"}, {"trade_id": 667396108, "side": "buy", "size": "0.00053743", "price": "3014.33000000", "time": "2025-07-15T15:38:39.805207Z", "fetched_at": "2025-07-15T15:39:32.217233+00:00", "symbol": "ETH-USD"}, {"trade_id": 667396107, "side": "buy", "size": "0.02752518", "price": "3014.33000000", "time": "2025-07-15T15:38:39.805207Z", "fetched_at": "2025-07-15T15:39:32.217233+00:00", "symbol": "ETH-USD"}, {"trade_id": 667396106, "side": "buy", "size": "0.00107486", "price": "3014.33000000", "time": "2025-07-15T15:38:39.805207Z", "fetched_at": "2025-07-15T15:39:32.217233+00:00", "symbol": "ETH-USD"}, {"trade_id": 667396105, "side": "buy", "size": "0.02035941", "price": "3014.33000000", "time": "2025-07-15T15:38:39.805207Z", "fetched_at": "2025-07-15T15:39:32.217233+00:00", "symbol": "ETH-USD"}, {"trade_id": 667396104, "side": "buy", "size": "0.03203890", "price": "3014.46000000", "time": "2025-07-15T15:38:39.782525Z", "fetched_at": "2025-07-15T15:39:32.217233+00:00", "symbol": "ETH-USD"}, {"trade_id": 667396103, "side": "buy", "size": "3.17647000", "price": "3014.46000000", "time": "2025-07-15T15:38:39.782525Z", "fetched_at": "2025-07-15T15:39:32.217233+00:00", "symbol": "ETH-USD"}, {"trade_id": 667396102, "side": "sell", "size": "0.96643949", "price": "3014.86000000", "time": "2025-07-15T15:38:38.725735Z", "fetched_at": "2025-07-15T15:39:32.217233+00:00", "symbol": "ETH-USD"}, {"trade_id": 667396101, "side": "sell", "size": "0.84111851", "price": "3014.85000000", "time": "2025-07-15T15:38:38.725735Z", "fetched_at": "2025-07-15T15:39:32.217233+00:00", "symbol": "ETH-USD"}, {"trade_id": 667396100, "side": "sell", "size": "0.11294549", "price": "3014.84000000", "time": "2025-07-15T15:38:38.725735Z", "fetched_at": "2025-07-15T15:39:32.217233+00:00", "symbol": "ETH-USD"}, {"trade_id": 667396099, "side": "sell", "size": "0.00100000", "price": "3014.84000000", "time": "2025-07-15T15:38:38.725735Z", "fetched_at": "2025-07-15T15:39:32.217233+00:00", "symbol": "ETH-USD"}, {"trade_id": 667396098, "side": "sell", "size": "0.16585222", "price": "3014.74000000", "time": "2025-07-15T15:38:38.725735Z", "fetched_at": "2025-07-15T15:39:32.217233+00:00", "symbol": "ETH-USD"}, {"trade_id": 667396097, "side": "sell", "size": "0.00320660", "price": "3014.73000000", "time": "2025-07-15T15:38:38.725735Z", "fetched_at": "2025-07-15T15:39:32.217233+00:00", "symbol": "ETH-USD"}, {"trade_id": 667396096, "side": "sell", "size": "0.00005589", "price": "3014.34000000", "time": "2025-07-15T15:38:38.725735Z", "fetched_at": "2025-07-15T15:39:32.217233+00:00", "symbol": "ETH-USD"}, {"trade_id": 667396095, "side": "sell", "size": "0.00128387", "price": "3014.34000000", "time": "2025-07-15T15:38:38.725735Z", "fetched_at": "2025-07-15T15:39:32.217233+00:00", "symbol": "ETH-USD"}, {"trade_id": 667396094, "side": "sell", "size": "0.00024003", "price": "3014.34000000", "time": "2025-07-15T15:38:38.725735Z", "fetched_at": "2025-07-15T15:39:32.217233+00:00", "symbol": "ETH-USD"}, {"trade_id": 667396093, "side": "sell", "size": "0.00185198", "price": "3014.34000000", "time": "2025-07-15T15:38:38.725735Z", "fetched_at": "2025-07-15T15:39:32.217233+00:00", "symbol": "ETH-USD"}, {"trade_id": 667396092, "side": "sell", "size": "0.00687838", "price": "3014.34000000", "time": "2025-07-15T15:38:38.725735Z", "fetched_at": "2025-07-15T15:39:32.217233+00:00", "symbol": "ETH-USD"}, {"trade_id": 667396091, "side": "sell", "size": "0.00261380", "price": "3014.34000000", "time": "2025-07-15T15:38:38.717728Z", "fetched_at": "2025-07-15T15:39:32.217233+00:00", "symbol": "ETH-USD"}, {"trade_id": 667396090, "side": "sell", "size": "0.00044267", "price": "3014.34000000", "time": "2025-07-15T15:38:38.717728Z", "fetched_at": "2025-07-15T15:39:32.217233+00:00", "symbol": "ETH-USD"}, {"trade_id": 667396089, "side": "sell", "size": "0.00016728", "price": "3014.34000000", "time": "2025-07-15T15:38:38.717728Z", "fetched_at": "2025-07-15T15:39:32.217233+00:00", "symbol": "ETH-USD"}, {"trade_id": 667396088, "side": "sell", "size": "0.00009934", "price": "3014.34000000", "time": "2025-07-15T15:38:36.796614Z", "fetched_at": "2025-07-15T15:39:32.217233+00:00", "symbol": "ETH-USD"}, {"trade_id": 667396087, "side": "sell", "size": "0.00314611", "price": "3014.34000000", "time": "2025-07-15T15:38:36.720560Z", "fetched_at": "2025-07-15T15:39:32.217233+00:00", "symbol": "ETH-USD"}, {"trade_id": 667396086, "side": "sell", "size": "0.00551847", "price": "3014.34000000", "time": "2025-07-15T15:38:36.466487Z", "fetched_at": "2025-07-15T15:39:32.217233+00:00", "symbol": "ETH-USD"}, {"trade_id": 667396085, "side": "sell", "size": "0.00216005", "price": "3014.34000000", "time": "2025-07-15T15:38:36.466487Z", "fetched_at": "2025-07-15T15:39:32.217233+00:00", "symbol": "ETH-USD"}, {"trade_id": 667396084, "side": "sell", "size": "0.00010334", "price": "3014.34000000", "time": "2025-07-15T15:38:36.466487Z", "fetched_at": "2025-07-15T15:39:32.217233+00:00", "symbol": "ETH-USD"}, {"trade_id": 667396083, "side": "sell", "size": "0.00027509", "price": "3014.34000000", "time": "2025-07-15T15:38:36.466487Z", "fetched_at": "2025-07-15T15:39:32.217233+00:00", "symbol": "ETH-USD"}, {"trade_id": 667396082, "side": "buy", "size": "1.37416641", "price": "3014.33000000", "time": "2025-07-15T15:38:36.388007Z", "fetched_at": "2025-07-15T15:39:32.217233+00:00", "symbol": "ETH-USD"}, {"trade_id": 667396081, "side": "buy", "size": "0.03818917", "price": "3014.33000000", "time": "2025-07-15T15:38:36.369531Z", "fetched_at": "2025-07-15T15:39:32.217233+00:00", "symbol": "ETH-USD"}, {"trade_id": 667396080, "side": "buy", "size": "0.61898482", "price": "3014.33000000", "time": "2025-07-15T15:38:36.351924Z", "fetched_at": "2025-07-15T15:39:32.217233+00:00", "symbol": "ETH-USD"}, {"trade_id": 667396079, "side": "sell", "size": "0.09878345", "price": "3014.27000000", "time": "2025-07-15T15:38:36.104390Z", "fetched_at": "2025-07-15T15:39:32.217233+00:00", "symbol": "ETH-USD"}, {"trade_id": 667396078, "side": "buy", "size": "0.19998630", "price": "3014.32000000", "time": "2025-07-15T15:38:36.099221Z", "fetched_at": "2025-07-15T15:39:32.217233+00:00", "symbol": "ETH-USD"}, {"trade_id": 667396077, "side": "buy", "size": "0.00120165", "price": "3014.33000000", "time": "2025-07-15T15:38:36.099221Z", "fetched_at": "2025-07-15T15:39:32.217233+00:00", "symbol": "ETH-USD"}, {"trade_id": 667396076, "side": "buy", "size": "0.00100000", "price": "3014.38000000", "time": "2025-07-15T15:38:36.074459Z", "fetched_at": "2025-07-15T15:39:32.217233+00:00", "symbol": "ETH-USD"}, {"trade_id": 667396075, "side": "buy", "size": "0.55632553", "price": "3014.43000000", "time": "2025-07-15T15:38:36.035387Z", "fetched_at": "2025-07-15T15:39:32.217233+00:00", "symbol": "ETH-USD"}, {"trade_id": 667396074, "side": "buy", "size": "0.19999229", "price": "3014.47000000", "time": "2025-07-15T15:38:36.028287Z", "fetched_at": "2025-07-15T15:39:32.217233+00:00", "symbol": "ETH-USD"}, {"trade_id": 667396073, "side": "buy", "size": "0.70795213", "price": "3014.50000000", "time": "2025-07-15T15:38:36.028287Z", "fetched_at": "2025-07-15T15:39:32.217233+00:00", "symbol": "ETH-USD"}, {"trade_id": 667396072, "side": "buy", "size": "6.00000000", "price": "3014.50000000", "time": "2025-07-15T15:38:36.028287Z", "fetched_at": "2025-07-15T15:39:32.217233+00:00", "symbol": "ETH-USD"}, {"trade_id": 667396071, "side": "buy", "size": "0.22908440", "price": "3014.50000000", "time": "2025-07-15T15:38:36.028287Z", "fetched_at": "2025-07-15T15:39:32.217233+00:00", "symbol": "ETH-USD"}, {"trade_id": 667396070, "side": "buy", "size": "1.19407592", "price": "3014.50000000", "time": "2025-07-15T15:38:36.026501Z", "fetched_at": "2025-07-15T15:39:32.217233+00:00", "symbol": "ETH-USD"}, {"trade_id": 667396069, "side": "buy", "size": "3.57683968", "price": "3014.50000000", "time": "2025-07-15T15:38:36.024710Z", "fetched_at": "2025-07-15T15:39:32.217233+00:00", "symbol": "ETH-USD"}, {"trade_id": 667396068, "side": "buy", "size": "0.04788522", "price": "3014.50000000", "time": "2025-07-15T15:38:36.024710Z", "fetched_at": "2025-07-15T15:39:32.217233+00:00", "symbol": "ETH-USD"}, {"trade_id": 667396067, "side": "buy", "size": "0.00120158", "price": "3014.51000000", "time": "2025-07-15T15:38:36.024710Z", "fetched_at": "2025-07-15T15:39:32.217233+00:00", "symbol": "ETH-USD"}, {"trade_id": 667396066, "side": "buy", "size": "0.00214954", "price": "3014.59000000", "time": "2025-07-15T15:38:36.021713Z", "fetched_at": "2025-07-15T15:39:32.217233+00:00", "symbol": "ETH-USD"}, {"trade_id": 667396065, "side": "buy", "size": "0.00352618", "price": "3014.59000000", "time": "2025-07-15T15:38:36.021713Z", "fetched_at": "2025-07-15T15:39:32.217233+00:00", "symbol": "ETH-USD"}, {"trade_id": 667396064, "side": "buy", "size": "1.87012000", "price": "3014.59000000", "time": "2025-07-15T15:38:36.021713Z", "fetched_at": "2025-07-15T15:39:32.217233+00:00", "symbol": "ETH-USD"}, {"trade_id": 667396063, "side": "buy", "size": "0.00000663", "price": "3014.59000000", "time": "2025-07-15T15:38:36.021713Z", "fetched_at": "2025-07-15T15:39:32.217233+00:00", "symbol": "ETH-USD"}, {"trade_id": 667396062, "side": "buy", "size": "0.00001658", "price": "3014.59000000", "time": "2025-07-15T15:38:36.021713Z", "fetched_at": "2025-07-15T15:39:32.217233+00:00", "symbol": "ETH-USD"}, {"trade_id": 667396061, "side": "buy", "size": "5.00000000", "price": "3014.60000000", "time": "2025-07-15T15:38:36.021713Z", "fetched_at": "2025-07-15T15:39:32.217233+00:00", "symbol": "ETH-USD"}, {"trade_id": 667396060, "side": "sell", "size": "0.24465605", "price": "3014.74000000", "time": "2025-07-15T15:38:35.906079Z", "fetched_at": "2025-07-15T15:39:32.217233+00:00", "symbol": "ETH-USD"}, {"trade_id": 667396059, "side": "sell", "size": "0.00073176", "price": "3014.73000000", "time": "2025-07-15T15:38:35.906079Z", "fetched_at": "2025-07-15T15:39:32.217233+00:00", "symbol": "ETH-USD"}, {"trade_id": 667396058, "side": "buy", "size": "3.17647000", "price": "3014.68000000", "time": "2025-07-15T15:38:34.968033Z", "fetched_at": "2025-07-15T15:39:32.217233+00:00", "symbol": "ETH-USD"}, {"trade_id": 667396057, "side": "sell", "size": "0.03182216", "price": "3014.73000000", "time": "2025-07-15T15:38:34.881851Z", "fetched_at": "2025-07-15T15:39:32.217233+00:00", "symbol": "ETH-USD"}, {"trade_id": 667396056, "side": "buy", "size": "0.03195395", "price": "3014.65000000", "time": "2025-07-15T15:38:34.880249Z", "fetched_at": "2025-07-15T15:39:32.217233+00:00", "symbol": "ETH-USD"}, {"trade_id": 667396055, "side": "buy", "size": "0.00000663", "price": "3014.65000000", "time": "2025-07-15T15:38:34.880249Z", "fetched_at": "2025-07-15T15:39:32.217233+00:00", "symbol": "ETH-USD"}, {"trade_id": 667396054, "side": "buy", "size": "0.00101746", "price": "3014.72000000", "time": "2025-07-15T15:38:34.880249Z", "fetched_at": "2025-07-15T15:39:32.217233+00:00", "symbol": "ETH-USD"}, {"trade_id": 667396053, "side": "buy", "size": "0.07603707", "price": "3014.89000000", "time": "2025-07-15T15:38:34.524459Z", "fetched_at": "2025-07-15T15:39:32.217233+00:00", "symbol": "ETH-USD"}, {"trade_id": 667396052, "side": "sell", "size": "0.00024000", "price": "3014.62000000", "time": "2025-07-15T15:38:33.996437Z", "fetched_at": "2025-07-15T15:39:32.217233+00:00", "symbol": "ETH-USD"}, {"trade_id": 667396051, "side": "sell", "size": "0.00005588", "price": "3014.60000000", "time": "2025-07-15T15:38:33.996437Z", "fetched_at": "2025-07-15T15:39:32.217233+00:00", "symbol": "ETH-USD"}, {"trade_id": 667396050, "side": "sell", "size": "0.00256746", "price": "3014.60000000", "time": "2025-07-15T15:38:33.996437Z", "fetched_at": "2025-07-15T15:39:32.217233+00:00", "symbol": "ETH-USD"}, {"trade_id": 667396049, "side": "buy", "size": "0.29891922", "price": "3014.59000000", "time": "2025-07-15T15:38:33.704287Z", "fetched_at": "2025-07-15T15:39:32.217233+00:00", "symbol": "ETH-USD"}, {"trade_id": 667396048, "side": "buy", "size": "0.46753176", "price": "3014.59000000", "time": "2025-07-15T15:38:33.704287Z", "fetched_at": "2025-07-15T15:39:32.217233+00:00", "symbol": "ETH-USD"}, {"trade_id": 667396047, "side": "buy", "size": "0.97200000", "price": "3014.59000000", "time": "2025-07-15T15:38:33.704287Z", "fetched_at": "2025-07-15T15:39:32.217233+00:00", "symbol": "ETH-USD"}, {"trade_id": 667396046, "side": "buy", "size": "0.02041391", "price": "3014.61000000", "time": "2025-07-15T15:38:32.828108Z", "fetched_at": "2025-07-15T15:39:32.217233+00:00", "symbol": "ETH-USD"}, {"trade_id": 667396045, "side": "buy", "size": "0.01704698", "price": "3014.61000000", "time": "2025-07-15T15:38:32.828108Z", "fetched_at": "2025-07-15T15:39:32.217233+00:00", "symbol": "ETH-USD"}, {"trade_id": 667396044, "side": "buy", "size": "1.23928000", "price": "3014.61000000", "time": "2025-07-15T15:38:32.828108Z", "fetched_at": "2025-07-15T15:39:32.217233+00:00", "symbol": "ETH-USD"}, {"trade_id": 667396043, "side": "buy", "size": "0.00100000", "price": "3014.61000000", "time": "2025-07-15T15:38:32.828108Z", "fetched_at": "2025-07-15T15:39:32.217233+00:00", "symbol": "ETH-USD"}, {"trade_id": 667396042, "side": "sell", "size": "0.00016283", "price": "3014.81000000", "time": "2025-07-15T15:38:32.354595Z", "fetched_at": "2025-07-15T15:39:32.217233+00:00", "symbol": "ETH-USD"}, {"trade_id": 667396041, "side": "sell", "size": "0.00370379", "price": "3014.73000000", "time": "2025-07-15T15:38:32.354595Z", "fetched_at": "2025-07-15T15:39:32.217233+00:00", "symbol": "ETH-USD"}, {"trade_id": 667396040, "side": "sell", "size": "0.00257997", "price": "3014.62000000", "time": "2025-07-15T15:38:32.354595Z", "fetched_at": "2025-07-15T15:39:32.217233+00:00", "symbol": "ETH-USD"}, {"trade_id": 667396039, "side": "buy", "size": "2.98030000", "price": "3014.72000000", "time": "2025-07-15T15:38:32.237625Z", "fetched_at": "2025-07-15T15:39:32.217233+00:00", "symbol": "ETH-USD"}, {"trade_id": 667396038, "side": "buy", "size": "0.16599598", "price": "3014.73000000", "time": "2025-07-15T15:38:31.989862Z", "fetched_at": "2025-07-15T15:39:32.217233+00:00", "symbol": "ETH-USD"}, {"trade_id": 667396037, "side": "buy", "size": "0.00010000", "price": "3014.96000000", "time": "2025-07-15T15:38:31.660905Z", "fetched_at": "2025-07-15T15:39:32.217233+00:00", "symbol": "ETH-USD"}, {"trade_id": 667396036, "side": "buy", "size": "6.40744397", "price": "3015.03000000", "time": "2025-07-15T15:38:31.659865Z", "fetched_at": "2025-07-15T15:39:32.217233+00:00", "symbol": "ETH-USD"}, {"trade_id": 667396035, "side": "buy", "size": "1.18596548", "price": "3015.03000000", "time": "2025-07-15T15:38:31.655823Z", "fetched_at": "2025-07-15T15:39:32.217233+00:00", "symbol": "ETH-USD"}, {"trade_id": 667396034, "side": "buy", "size": "0.24279055", "price": "3015.03000000", "time": "2025-07-15T15:38:31.654528Z", "fetched_at": "2025-07-15T15:39:32.217233+00:00", "symbol": "ETH-USD"}, {"trade_id": 667396033, "side": "buy", "size": "0.00130529", "price": "3015.04000000", "time": "2025-07-15T15:38:31.654528Z", "fetched_at": "2025-07-15T15:39:32.217233+00:00", "symbol": "ETH-USD"}, {"trade_id": 667396032, "side": "buy", "size": "0.00046101", "price": "3015.07000000", "time": "2025-07-15T15:38:31.654528Z", "fetched_at": "2025-07-15T15:39:32.217233+00:00", "symbol": "ETH-USD"}, {"trade_id": 667396031, "side": "buy", "size": "0.04617471", "price": "3015.07000000", "time": "2025-07-15T15:38:31.654528Z", "fetched_at": "2025-07-15T15:39:32.217233+00:00", "symbol": "ETH-USD"}, {"trade_id": 667396030, "side": "buy", "size": "0.01918363", "price": "3015.07000000", "time": "2025-07-15T15:38:31.654528Z", "fetched_at": "2025-07-15T15:39:32.217233+00:00", "symbol": "ETH-USD"}, {"trade_id": 667396029, "side": "buy", "size": "1.55577031", "price": "3015.29000000", "time": "2025-07-15T15:38:31.618179Z", "fetched_at": "2025-07-15T15:39:32.217233+00:00", "symbol": "ETH-USD"}, {"trade_id": 667396028, "side": "buy", "size": "0.02553319", "price": "3015.29000000", "time": "2025-07-15T15:38:31.618179Z", "fetched_at": "2025-07-15T15:39:32.217233+00:00", "symbol": "ETH-USD"}, {"trade_id": 667396027, "side": "buy", "size": "0.01843272", "price": "3015.29000000", "time": "2025-07-15T15:38:31.618179Z", "fetched_at": "2025-07-15T15:39:32.217233+00:00", "symbol": "ETH-USD"}, {"trade_id": 667396026, "side": "buy", "size": "3.17647000", "price": "3015.29000000", "time": "2025-07-15T15:38:31.618179Z", "fetched_at": "2025-07-15T15:39:32.217233+00:00", "symbol": "ETH-USD"}, {"trade_id": 667396025, "side": "buy", "size": "2.16380000", "price": "3015.07000000", "time": "2025-07-15T15:38:29.958763Z", "fetched_at": "2025-07-15T15:39:32.217233+00:00", "symbol": "ETH-USD"}, {"trade_id": 667396024, "side": "buy", "size": "0.20420000", "price": "3015.07000000", "time": "2025-07-15T15:38:29.958763Z", "fetched_at": "2025-07-15T15:39:32.217233+00:00", "symbol": "ETH-USD"}, {"trade_id": 667396023, "side": "buy", "size": "0.97200000", "price": "3015.07000000", "time": "2025-07-15T15:38:29.958763Z", "fetched_at": "2025-07-15T15:39:32.217233+00:00", "symbol": "ETH-USD"}, {"trade_id": 667396022, "side": "sell", "size": "1.15707152", "price": "3015.08000000", "time": "2025-07-15T15:38:29.454337Z", "fetched_at": "2025-07-15T15:39:32.217233+00:00", "symbol": "ETH-USD"}, {"trade_id": 667396021, "side": "sell", "size": "1.48686211", "price": "3015.07000000", "time": "2025-07-15T15:38:29.454337Z", "fetched_at": "2025-07-15T15:39:32.217233+00:00", "symbol": "ETH-USD"}, {"trade_id": 667396020, "side": "sell", "size": "0.00100000", "price": "3015.07000000", "time": "2025-07-15T15:38:29.454337Z", "fetched_at": "2025-07-15T15:39:32.217233+00:00", "symbol": "ETH-USD"}, {"trade_id": 667396019, "side": "sell", "size": "0.00024001", "price": "3014.97000000", "time": "2025-07-15T15:38:29.454337Z", "fetched_at": "2025-07-15T15:39:32.217233+00:00", "symbol": "ETH-USD"}, {"trade_id": 667396018, "side": "sell", "size": "2.34855066", "price": "3014.94000000", "time": "2025-07-15T15:38:29.454337Z", "fetched_at": "2025-07-15T15:39:32.217233+00:00", "symbol": "ETH-USD"}, {"trade_id": 667396017, "side": "sell", "size": "0.57321282", "price": "3014.94000000", "time": "2025-07-15T15:38:29.454337Z", "fetched_at": "2025-07-15T15:39:32.217233+00:00", "symbol": "ETH-USD"}, {"trade_id": 667396016, "side": "sell", "size": "0.48418408", "price": "3014.91000000", "time": "2025-07-15T15:38:29.454337Z", "fetched_at": "2025-07-15T15:39:32.217233+00:00", "symbol": "ETH-USD"}, {"trade_id": 667396015, "side": "sell", "size": "0.16584285", "price": "3014.91000000", "time": "2025-07-15T15:38:29.454337Z", "fetched_at": "2025-07-15T15:39:32.217233+00:00", "symbol": "ETH-USD"}