[{"trade_id": 666833279, "side": "sell", "size": "0.00003767", "price": "3027.45000000", "time": "2025-07-14T14:39:29.880176Z", "fetched_at": "2025-07-14T14:39:31.887164+00:00", "symbol": "ETH-USD"}, {"trade_id": 666833278, "side": "sell", "size": "0.00090000", "price": "3027.45000000", "time": "2025-07-14T14:39:29.611707Z", "fetched_at": "2025-07-14T14:39:31.887164+00:00", "symbol": "ETH-USD"}, {"trade_id": 666833277, "side": "sell", "size": "0.00002903", "price": "3027.45000000", "time": "2025-07-14T14:39:29.375693Z", "fetched_at": "2025-07-14T14:39:31.887164+00:00", "symbol": "ETH-USD"}, {"trade_id": 666833276, "side": "buy", "size": "0.25583664", "price": "3027.44000000", "time": "2025-07-14T14:39:29.327373Z", "fetched_at": "2025-07-14T14:39:31.887164+00:00", "symbol": "ETH-USD"}, {"trade_id": 666833275, "side": "buy", "size": "0.00000330", "price": "3027.44000000", "time": "2025-07-14T14:39:29.327373Z", "fetched_at": "2025-07-14T14:39:31.887164+00:00", "symbol": "ETH-USD"}, {"trade_id": 666833274, "side": "buy", "size": "0.01166331", "price": "3027.44000000", "time": "2025-07-14T14:39:29.327373Z", "fetched_at": "2025-07-14T14:39:31.887164+00:00", "symbol": "ETH-USD"}, {"trade_id": 666833273, "side": "sell", "size": "0.00000011", "price": "3027.45000000", "time": "2025-07-14T14:39:29.102022Z", "fetched_at": "2025-07-14T14:39:31.887164+00:00", "symbol": "ETH-USD"}, {"trade_id": 666833272, "side": "sell", "size": "0.00148147", "price": "3027.60000000", "time": "2025-07-14T14:39:28.732142Z", "fetched_at": "2025-07-14T14:39:31.887164+00:00", "symbol": "ETH-USD"}, {"trade_id": 666833271, "side": "buy", "size": "0.32541051", "price": "3027.41000000", "time": "2025-07-14T14:39:28.135745Z", "fetched_at": "2025-07-14T14:39:31.887164+00:00", "symbol": "ETH-USD"}, {"trade_id": 666833270, "side": "buy", "size": "0.91375434", "price": "3027.42000000", "time": "2025-07-14T14:39:28.135745Z", "fetched_at": "2025-07-14T14:39:31.887164+00:00", "symbol": "ETH-USD"}, {"trade_id": 666833269, "side": "buy", "size": "0.30000000", "price": "3027.43000000", "time": "2025-07-14T14:39:28.135745Z", "fetched_at": "2025-07-14T14:39:31.887164+00:00", "symbol": "ETH-USD"}, {"trade_id": 666833268, "side": "buy", "size": "0.18784760", "price": "3027.44000000", "time": "2025-07-14T14:39:28.135745Z", "fetched_at": "2025-07-14T14:39:31.887164+00:00", "symbol": "ETH-USD"}, {"trade_id": 666833267, "side": "buy", "size": "0.00100000", "price": "3027.49000000", "time": "2025-07-14T14:39:28.135745Z", "fetched_at": "2025-07-14T14:39:31.887164+00:00", "symbol": "ETH-USD"}, {"trade_id": 666833266, "side": "buy", "size": "0.00000660", "price": "3027.72000000", "time": "2025-07-14T14:39:28.135745Z", "fetched_at": "2025-07-14T14:39:31.887164+00:00", "symbol": "ETH-USD"}, {"trade_id": 666833265, "side": "buy", "size": "0.00100000", "price": "3027.72000000", "time": "2025-07-14T14:39:28.135745Z", "fetched_at": "2025-07-14T14:39:31.887164+00:00", "symbol": "ETH-USD"}, {"trade_id": 666833264, "side": "buy", "size": "0.19074088", "price": "3027.72000000", "time": "2025-07-14T14:39:28.135745Z", "fetched_at": "2025-07-14T14:39:31.887164+00:00", "symbol": "ETH-USD"}, {"trade_id": 666833263, "side": "buy", "size": "0.00021138", "price": "3027.72000000", "time": "2025-07-14T14:39:28.135745Z", "fetched_at": "2025-07-14T14:39:31.887164+00:00", "symbol": "ETH-USD"}, {"trade_id": 666833262, "side": "buy", "size": "0.89173000", "price": "3027.75000000", "time": "2025-07-14T14:39:28.135745Z", "fetched_at": "2025-07-14T14:39:31.887164+00:00", "symbol": "ETH-USD"}, {"trade_id": 666833261, "side": "buy", "size": "0.00000660", "price": "3027.75000000", "time": "2025-07-14T14:39:28.135745Z", "fetched_at": "2025-07-14T14:39:31.887164+00:00", "symbol": "ETH-USD"}, {"trade_id": 666833260, "side": "buy", "size": "0.00062753", "price": "3027.75000000", "time": "2025-07-14T14:39:28.135745Z", "fetched_at": "2025-07-14T14:39:31.887164+00:00", "symbol": "ETH-USD"}, {"trade_id": 666833259, "side": "sell", "size": "0.00250462", "price": "3027.86000000", "time": "2025-07-14T14:39:27.722933Z", "fetched_at": "2025-07-14T14:39:31.887164+00:00", "symbol": "ETH-USD"}, {"trade_id": 666833258, "side": "sell", "size": "0.00024006", "price": "3027.86000000", "time": "2025-07-14T14:39:27.722933Z", "fetched_at": "2025-07-14T14:39:31.887164+00:00", "symbol": "ETH-USD"}, {"trade_id": 666833257, "side": "sell", "size": "0.00015867", "price": "3027.86000000", "time": "2025-07-14T14:39:27.722933Z", "fetched_at": "2025-07-14T14:39:31.887164+00:00", "symbol": "ETH-USD"}, {"trade_id": 666833256, "side": "sell", "size": "0.00005589", "price": "3027.77000000", "time": "2025-07-14T14:39:27.722933Z", "fetched_at": "2025-07-14T14:39:31.887164+00:00", "symbol": "ETH-USD"}, {"trade_id": 666833255, "side": "sell", "size": "0.00030999", "price": "3027.73000000", "time": "2025-07-14T14:39:27.722933Z", "fetched_at": "2025-07-14T14:39:31.887164+00:00", "symbol": "ETH-USD"}, {"trade_id": 666833254, "side": "buy", "size": "0.02332348", "price": "3027.85000000", "time": "2025-07-14T14:39:27.051547Z", "fetched_at": "2025-07-14T14:39:31.887164+00:00", "symbol": "ETH-USD"}, {"trade_id": 666833253, "side": "sell", "size": "0.20209364", "price": "3028.12000000", "time": "2025-07-14T14:39:26.973797Z", "fetched_at": "2025-07-14T14:39:31.887164+00:00", "symbol": "ETH-USD"}, {"trade_id": 666833252, "side": "sell", "size": "0.03603906", "price": "3028.11000000", "time": "2025-07-14T14:39:26.973797Z", "fetched_at": "2025-07-14T14:39:31.887164+00:00", "symbol": "ETH-USD"}, {"trade_id": 666833251, "side": "sell", "size": "0.00006567", "price": "3028.11000000", "time": "2025-07-14T14:39:26.973797Z", "fetched_at": "2025-07-14T14:39:31.887164+00:00", "symbol": "ETH-USD"}, {"trade_id": 666833250, "side": "sell", "size": "0.00036394", "price": "3028.11000000", "time": "2025-07-14T14:39:26.973797Z", "fetched_at": "2025-07-14T14:39:31.887164+00:00", "symbol": "ETH-USD"}, {"trade_id": 666833249, "side": "sell", "size": "0.00004842", "price": "3028.02000000", "time": "2025-07-14T14:39:26.973797Z", "fetched_at": "2025-07-14T14:39:31.887164+00:00", "symbol": "ETH-USD"}, {"trade_id": 666833248, "side": "sell", "size": "0.53034208", "price": "3028.01000000", "time": "2025-07-14T14:39:26.973797Z", "fetched_at": "2025-07-14T14:39:31.887164+00:00", "symbol": "ETH-USD"}, {"trade_id": 666833247, "side": "sell", "size": "0.00004802", "price": "3027.92000000", "time": "2025-07-14T14:39:26.973797Z", "fetched_at": "2025-07-14T14:39:31.887164+00:00", "symbol": "ETH-USD"}, {"trade_id": 666833246, "side": "sell", "size": "0.00030572", "price": "3027.92000000", "time": "2025-07-14T14:39:26.973797Z", "fetched_at": "2025-07-14T14:39:31.887164+00:00", "symbol": "ETH-USD"}, {"trade_id": 666833245, "side": "sell", "size": "0.05040378", "price": "3027.92000000", "time": "2025-07-14T14:39:26.973797Z", "fetched_at": "2025-07-14T14:39:31.887164+00:00", "symbol": "ETH-USD"}, {"trade_id": 666833244, "side": "sell", "size": "0.00233339", "price": "3027.86000000", "time": "2025-07-14T14:39:26.973797Z", "fetched_at": "2025-07-14T14:39:31.887164+00:00", "symbol": "ETH-USD"}, {"trade_id": 666833243, "side": "sell", "size": "0.49775438", "price": "3027.86000000", "time": "2025-07-14T14:39:26.973797Z", "fetched_at": "2025-07-14T14:39:31.887164+00:00", "symbol": "ETH-USD"}, {"trade_id": 666833242, "side": "sell", "size": "0.00020190", "price": "3027.86000000", "time": "2025-07-14T14:39:26.973797Z", "fetched_at": "2025-07-14T14:39:31.887164+00:00", "symbol": "ETH-USD"}, {"trade_id": 666833241, "side": "buy", "size": "0.02529226", "price": "3027.73000000", "time": "2025-07-14T14:39:26.369257Z", "fetched_at": "2025-07-14T14:39:31.887164+00:00", "symbol": "ETH-USD"}, {"trade_id": 666833240, "side": "buy", "size": "0.00087524", "price": "3027.73000000", "time": "2025-07-14T14:39:26.369257Z", "fetched_at": "2025-07-14T14:39:31.887164+00:00", "symbol": "ETH-USD"}, {"trade_id": 666833239, "side": "buy", "size": "0.01027495", "price": "3027.75000000", "time": "2025-07-14T14:39:26.369257Z", "fetched_at": "2025-07-14T14:39:31.887164+00:00", "symbol": "ETH-USD"}, {"trade_id": 666833238, "side": "buy", "size": "0.00199818", "price": "3027.75000000", "time": "2025-07-14T14:39:26.369257Z", "fetched_at": "2025-07-14T14:39:31.887164+00:00", "symbol": "ETH-USD"}, {"trade_id": 666833237, "side": "buy", "size": "0.00100073", "price": "3027.76000000", "time": "2025-07-14T14:39:26.369257Z", "fetched_at": "2025-07-14T14:39:31.887164+00:00", "symbol": "ETH-USD"}, {"trade_id": 666833236, "side": "buy", "size": "0.19100351", "price": "3027.85000000", "time": "2025-07-14T14:39:26.369257Z", "fetched_at": "2025-07-14T14:39:31.887164+00:00", "symbol": "ETH-USD"}, {"trade_id": 666833235, "side": "sell", "size": "0.02903712", "price": "3027.89000000", "time": "2025-07-14T14:39:23.847248Z", "fetched_at": "2025-07-14T14:39:31.887164+00:00", "symbol": "ETH-USD"}, {"trade_id": 666833234, "side": "sell", "size": "0.00228792", "price": "3027.88000000", "time": "2025-07-14T14:39:23.847248Z", "fetched_at": "2025-07-14T14:39:31.887164+00:00", "symbol": "ETH-USD"}, {"trade_id": 666833233, "side": "sell", "size": "0.00501230", "price": "3027.87000000", "time": "2025-07-14T14:39:23.767642Z", "fetched_at": "2025-07-14T14:39:31.887164+00:00", "symbol": "ETH-USD"}, {"trade_id": 666833232, "side": "sell", "size": "0.06251663", "price": "3027.95000000", "time": "2025-07-14T14:39:22.445353Z", "fetched_at": "2025-07-14T14:39:31.887164+00:00", "symbol": "ETH-USD"}, {"trade_id": 666833231, "side": "sell", "size": "0.00263879", "price": "3027.94000000", "time": "2025-07-14T14:39:22.445353Z", "fetched_at": "2025-07-14T14:39:31.887164+00:00", "symbol": "ETH-USD"}, {"trade_id": 666833230, "side": "sell", "size": "0.00024001", "price": "3027.87000000", "time": "2025-07-14T14:39:22.445353Z", "fetched_at": "2025-07-14T14:39:31.887164+00:00", "symbol": "ETH-USD"}, {"trade_id": 666833229, "side": "buy", "size": "0.00100000", "price": "3027.95000000", "time": "2025-07-14T14:39:22.378153Z", "fetched_at": "2025-07-14T14:39:31.887164+00:00", "symbol": "ETH-USD"}, {"trade_id": 666833228, "side": "buy", "size": "0.06358013", "price": "3027.99000000", "time": "2025-07-14T14:39:22.378153Z", "fetched_at": "2025-07-14T14:39:31.887164+00:00", "symbol": "ETH-USD"}, {"trade_id": 666833227, "side": "buy", "size": "0.00001302", "price": "3028.01000000", "time": "2025-07-14T14:39:22.373174Z", "fetched_at": "2025-07-14T14:39:31.887164+00:00", "symbol": "ETH-USD"}, {"trade_id": 666833226, "side": "buy", "size": "0.00042290", "price": "3028.01000000", "time": "2025-07-14T14:39:22.372033Z", "fetched_at": "2025-07-14T14:39:31.887164+00:00", "symbol": "ETH-USD"}, {"trade_id": 666833225, "side": "buy", "size": "0.03172710", "price": "3028.01000000", "time": "2025-07-14T14:39:22.372033Z", "fetched_at": "2025-07-14T14:39:31.887164+00:00", "symbol": "ETH-USD"}, {"trade_id": 666833224, "side": "buy", "size": "0.00233524", "price": "3028.15000000", "time": "2025-07-14T14:39:20.894444Z", "fetched_at": "2025-07-14T14:39:31.887164+00:00", "symbol": "ETH-USD"}, {"trade_id": 666833223, "side": "buy", "size": "0.00100000", "price": "3028.18000000", "time": "2025-07-14T14:39:20.894444Z", "fetched_at": "2025-07-14T14:39:31.887164+00:00", "symbol": "ETH-USD"}, {"trade_id": 666833222, "side": "buy", "size": "0.00033058", "price": "3028.44000000", "time": "2025-07-14T14:39:20.868695Z", "fetched_at": "2025-07-14T14:39:31.887164+00:00", "symbol": "ETH-USD"}, {"trade_id": 666833221, "side": "buy", "size": "0.19090104", "price": "3028.48000000", "time": "2025-07-14T14:39:20.868695Z", "fetched_at": "2025-07-14T14:39:31.887164+00:00", "symbol": "ETH-USD"}, {"trade_id": 666833220, "side": "buy", "size": "0.00000330", "price": "3028.48000000", "time": "2025-07-14T14:39:20.868695Z", "fetched_at": "2025-07-14T14:39:31.887164+00:00", "symbol": "ETH-USD"}, {"trade_id": 666833219, "side": "buy", "size": "0.00061876", "price": "3028.49000000", "time": "2025-07-14T14:39:20.868695Z", "fetched_at": "2025-07-14T14:39:31.887164+00:00", "symbol": "ETH-USD"}, {"trade_id": 666833218, "side": "buy", "size": "0.00532238", "price": "3028.72000000", "time": "2025-07-14T14:39:20.825538Z", "fetched_at": "2025-07-14T14:39:31.887164+00:00", "symbol": "ETH-USD"}, {"trade_id": 666833217, "side": "sell", "size": "0.00057036", "price": "3028.49000000", "time": "2025-07-14T14:39:19.784392Z", "fetched_at": "2025-07-14T14:39:31.887164+00:00", "symbol": "ETH-USD"}, {"trade_id": 666833216, "side": "sell", "size": "0.00269856", "price": "3028.49000000", "time": "2025-07-14T14:39:19.784392Z", "fetched_at": "2025-07-14T14:39:31.887164+00:00", "symbol": "ETH-USD"}, {"trade_id": 666833215, "side": "buy", "size": "0.00071158", "price": "3028.58000000", "time": "2025-07-14T14:39:19.162882Z", "fetched_at": "2025-07-14T14:39:31.887164+00:00", "symbol": "ETH-USD"}, {"trade_id": 666833214, "side": "buy", "size": "0.01588533", "price": "3028.58000000", "time": "2025-07-14T14:39:19.162882Z", "fetched_at": "2025-07-14T14:39:31.887164+00:00", "symbol": "ETH-USD"}, {"trade_id": 666833213, "side": "buy", "size": "0.00042591", "price": "3028.77000000", "time": "2025-07-14T14:39:18.798324Z", "fetched_at": "2025-07-14T14:39:31.887164+00:00", "symbol": "ETH-USD"}, {"trade_id": 666833212, "side": "buy", "size": "0.00071153", "price": "3028.78000000", "time": "2025-07-14T14:39:18.798324Z", "fetched_at": "2025-07-14T14:39:31.887164+00:00", "symbol": "ETH-USD"}, {"trade_id": 666833211, "side": "sell", "size": "0.82547378", "price": "3028.57000000", "time": "2025-07-14T14:39:18.159335Z", "fetched_at": "2025-07-14T14:39:31.887164+00:00", "symbol": "ETH-USD"}, {"trade_id": 666833210, "side": "sell", "size": "0.16509441", "price": "3028.57000000", "time": "2025-07-14T14:39:18.159335Z", "fetched_at": "2025-07-14T14:39:31.887164+00:00", "symbol": "ETH-USD"}, {"trade_id": 666833209, "side": "sell", "size": "0.68265148", "price": "3028.56000000", "time": "2025-07-14T14:39:18.159335Z", "fetched_at": "2025-07-14T14:39:31.887164+00:00", "symbol": "ETH-USD"}, {"trade_id": 666833208, "side": "sell", "size": "0.13646514", "price": "3028.55000000", "time": "2025-07-14T14:39:18.159335Z", "fetched_at": "2025-07-14T14:39:31.887164+00:00", "symbol": "ETH-USD"}, {"trade_id": 666833207, "side": "sell", "size": "0.00223488", "price": "3028.49000000", "time": "2025-07-14T14:39:18.158944Z", "fetched_at": "2025-07-14T14:39:31.887164+00:00", "symbol": "ETH-USD"}, {"trade_id": 666833206, "side": "sell", "size": "0.15000000", "price": "3028.49000000", "time": "2025-07-14T14:39:18.158944Z", "fetched_at": "2025-07-14T14:39:31.887164+00:00", "symbol": "ETH-USD"}, {"trade_id": 666833205, "side": "sell", "size": "0.02514642", "price": "3028.49000000", "time": "2025-07-14T14:39:18.106782Z", "fetched_at": "2025-07-14T14:39:31.887164+00:00", "symbol": "ETH-USD"}, {"trade_id": 666833204, "side": "sell", "size": "0.00213038", "price": "3028.49000000", "time": "2025-07-14T14:39:18.106782Z", "fetched_at": "2025-07-14T14:39:31.887164+00:00", "symbol": "ETH-USD"}, {"trade_id": 666833203, "side": "sell", "size": "0.38427999", "price": "3028.69000000", "time": "2025-07-14T14:39:16.640779Z", "fetched_at": "2025-07-14T14:39:31.887164+00:00", "symbol": "ETH-USD"}, {"trade_id": 666833202, "side": "sell", "size": "0.00100000", "price": "3028.64000000", "time": "2025-07-14T14:39:16.640779Z", "fetched_at": "2025-07-14T14:39:31.887164+00:00", "symbol": "ETH-USD"}, {"trade_id": 666833201, "side": "sell", "size": "0.00100000", "price": "3028.41000000", "time": "2025-07-14T14:39:16.640779Z", "fetched_at": "2025-07-14T14:39:31.887164+00:00", "symbol": "ETH-USD"}, {"trade_id": 666833200, "side": "sell", "size": "0.00217174", "price": "3028.23000000", "time": "2025-07-14T14:39:16.407291Z", "fetched_at": "2025-07-14T14:39:31.887164+00:00", "symbol": "ETH-USD"}, {"trade_id": 666833199, "side": "sell", "size": "0.19120700", "price": "3028.00000000", "time": "2025-07-14T14:39:16.372097Z", "fetched_at": "2025-07-14T14:39:31.887164+00:00", "symbol": "ETH-USD"}, {"trade_id": 666833198, "side": "sell", "size": "0.00007184", "price": "3027.77000000", "time": "2025-07-14T14:39:16.372097Z", "fetched_at": "2025-07-14T14:39:31.887164+00:00", "symbol": "ETH-USD"}, {"trade_id": 666833197, "side": "sell", "size": "0.00039837", "price": "3027.77000000", "time": "2025-07-14T14:39:16.372097Z", "fetched_at": "2025-07-14T14:39:31.887164+00:00", "symbol": "ETH-USD"}, {"trade_id": 666833196, "side": "sell", "size": "0.01119128", "price": "3027.77000000", "time": "2025-07-14T14:39:16.372097Z", "fetched_at": "2025-07-14T14:39:31.887164+00:00", "symbol": "ETH-USD"}, {"trade_id": 666833195, "side": "sell", "size": "0.00010334", "price": "3027.77000000", "time": "2025-07-14T14:39:16.372097Z", "fetched_at": "2025-07-14T14:39:31.887164+00:00", "symbol": "ETH-USD"}, {"trade_id": 666833194, "side": "sell", "size": "0.10879300", "price": "3028.00000000", "time": "2025-07-14T14:39:16.308230Z", "fetched_at": "2025-07-14T14:39:31.887164+00:00", "symbol": "ETH-USD"}, {"trade_id": 666833193, "side": "sell", "size": "0.00198322", "price": "3027.99000000", "time": "2025-07-14T14:39:16.308230Z", "fetched_at": "2025-07-14T14:39:31.887164+00:00", "symbol": "ETH-USD"}, {"trade_id": 666833192, "side": "sell", "size": "0.05182343", "price": "3027.80000000", "time": "2025-07-14T14:39:16.308230Z", "fetched_at": "2025-07-14T14:39:31.887164+00:00", "symbol": "ETH-USD"}, {"trade_id": 666833191, "side": "sell", "size": "0.00006784", "price": "3027.77000000", "time": "2025-07-14T14:39:16.308230Z", "fetched_at": "2025-07-14T14:39:31.887164+00:00", "symbol": "ETH-USD"}, {"trade_id": 666833190, "side": "sell", "size": "0.00029138", "price": "3027.77000000", "time": "2025-07-14T14:39:16.308230Z", "fetched_at": "2025-07-14T14:39:31.887164+00:00", "symbol": "ETH-USD"}, {"trade_id": 666833189, "side": "sell", "size": "0.00037635", "price": "3027.77000000", "time": "2025-07-14T14:39:16.308230Z", "fetched_at": "2025-07-14T14:39:31.887164+00:00", "symbol": "ETH-USD"}, {"trade_id": 666833188, "side": "sell", "size": "0.00010336", "price": "3027.77000000", "time": "2025-07-14T14:39:16.308230Z", "fetched_at": "2025-07-14T14:39:31.887164+00:00", "symbol": "ETH-USD"}, {"trade_id": 666833187, "side": "buy", "size": "0.09362097", "price": "3027.76000000", "time": "2025-07-14T14:39:15.889094Z", "fetched_at": "2025-07-14T14:39:31.887164+00:00", "symbol": "ETH-USD"}, {"trade_id": 666833186, "side": "sell", "size": "0.00195781", "price": "3027.89000000", "time": "2025-07-14T14:39:13.391979Z", "fetched_at": "2025-07-14T14:39:31.887164+00:00", "symbol": "ETH-USD"}, {"trade_id": 666833185, "side": "buy", "size": "0.00062745", "price": "3028.08000000", "time": "2025-07-14T14:39:12.643988Z", "fetched_at": "2025-07-14T14:39:31.887164+00:00", "symbol": "ETH-USD"}, {"trade_id": 666833184, "side": "sell", "size": "0.02987777", "price": "3028.37000000", "time": "2025-07-14T14:39:12.367221Z", "fetched_at": "2025-07-14T14:39:31.887164+00:00", "symbol": "ETH-USD"}, {"trade_id": 666833183, "side": "sell", "size": "0.00217655", "price": "3028.36000000", "time": "2025-07-14T14:39:12.367221Z", "fetched_at": "2025-07-14T14:39:31.887164+00:00", "symbol": "ETH-USD"}, {"trade_id": 666833182, "side": "sell", "size": "0.00002972", "price": "3027.72000000", "time": "2025-07-14T14:39:12.367221Z", "fetched_at": "2025-07-14T14:39:31.887164+00:00", "symbol": "ETH-USD"}, {"trade_id": 666833181, "side": "sell", "size": "0.22291313", "price": "3028.10000000", "time": "2025-07-14T14:39:11.926007Z", "fetched_at": "2025-07-14T14:39:31.887164+00:00", "symbol": "ETH-USD"}, {"trade_id": 666833180, "side": "sell", "size": "0.58275147", "price": "3028.09000000", "time": "2025-07-14T14:39:11.926007Z", "fetched_at": "2025-07-14T14:39:31.887164+00:00", "symbol": "ETH-USD"}, {"trade_id": 666833179, "side": "sell", "size": "0.16512356", "price": "3028.04000000", "time": "2025-07-14T14:39:11.926007Z", "fetched_at": "2025-07-14T14:39:31.887164+00:00", "symbol": "ETH-USD"}, {"trade_id": 666833178, "side": "sell", "size": "0.30000000", "price": "3028.00000000", "time": "2025-07-14T14:39:11.926007Z", "fetched_at": "2025-07-14T14:39:31.887164+00:00", "symbol": "ETH-USD"}, {"trade_id": 666833177, "side": "sell", "size": "0.15000000", "price": "3027.99000000", "time": "2025-07-14T14:39:11.926007Z", "fetched_at": "2025-07-14T14:39:31.887164+00:00", "symbol": "ETH-USD"}, {"trade_id": 666833176, "side": "sell", "size": "0.37038160", "price": "3027.98000000", "time": "2025-07-14T14:39:11.926007Z", "fetched_at": "2025-07-14T14:39:31.887164+00:00", "symbol": "ETH-USD"}, {"trade_id": 666833175, "side": "sell", "size": "0.00217910", "price": "3027.97000000", "time": "2025-07-14T14:39:11.926007Z", "fetched_at": "2025-07-14T14:39:31.887164+00:00", "symbol": "ETH-USD"}, {"trade_id": 666833174, "side": "sell", "size": "0.03426806", "price": "3027.90000000", "time": "2025-07-14T14:39:11.926007Z", "fetched_at": "2025-07-14T14:39:31.887164+00:00", "symbol": "ETH-USD"}, {"trade_id": 666833173, "side": "sell", "size": "0.09737129", "price": "3027.89000000", "time": "2025-07-14T14:39:11.926007Z", "fetched_at": "2025-07-14T14:39:31.887164+00:00", "symbol": "ETH-USD"}, {"trade_id": 666833172, "side": "sell", "size": "0.00653757", "price": "3027.88000000", "time": "2025-07-14T14:39:11.671570Z", "fetched_at": "2025-07-14T14:39:31.887164+00:00", "symbol": "ETH-USD"}, {"trade_id": 666833171, "side": "buy", "size": "10.19733714", "price": "3027.42000000", "time": "2025-07-14T14:39:11.529684Z", "fetched_at": "2025-07-14T14:39:31.887164+00:00", "symbol": "ETH-USD"}, {"trade_id": 666833170, "side": "buy", "size": "0.73391000", "price": "3027.43000000", "time": "2025-07-14T14:39:11.529684Z", "fetched_at": "2025-07-14T14:39:31.887164+00:00", "symbol": "ETH-USD"}, {"trade_id": 666833169, "side": "buy", "size": "7.83343211", "price": "3027.43000000", "time": "2025-07-14T14:39:11.529684Z", "fetched_at": "2025-07-14T14:39:31.887164+00:00", "symbol": "ETH-USD"}, {"trade_id": 666833168, "side": "buy", "size": "0.16515501", "price": "3027.45000000", "time": "2025-07-14T14:39:11.529684Z", "fetched_at": "2025-07-14T14:39:31.887164+00:00", "symbol": "ETH-USD"}, {"trade_id": 666833167, "side": "buy", "size": "0.00330310", "price": "3027.46000000", "time": "2025-07-14T14:39:11.529684Z", "fetched_at": "2025-07-14T14:39:31.887164+00:00", "symbol": "ETH-USD"}, {"trade_id": 666833166, "side": "buy", "size": "0.51284885", "price": "3027.47000000", "time": "2025-07-14T14:39:11.529684Z", "fetched_at": "2025-07-14T14:39:31.887164+00:00", "symbol": "ETH-USD"}, {"trade_id": 666833165, "side": "buy", "size": "0.82576111", "price": "3027.50000000", "time": "2025-07-14T14:39:11.529684Z", "fetched_at": "2025-07-14T14:39:31.887164+00:00", "symbol": "ETH-USD"}, {"trade_id": 666833164, "side": "buy", "size": "0.80514784", "price": "3027.51000000", "time": "2025-07-14T14:39:11.529684Z", "fetched_at": "2025-07-14T14:39:31.887164+00:00", "symbol": "ETH-USD"}, {"trade_id": 666833163, "side": "buy", "size": "0.39194852", "price": "3027.66000000", "time": "2025-07-14T14:39:11.529684Z", "fetched_at": "2025-07-14T14:39:31.887164+00:00", "symbol": "ETH-USD"}, {"trade_id": 666833162, "side": "buy", "size": "0.47245158", "price": "3027.76000000", "time": "2025-07-14T14:39:11.529684Z", "fetched_at": "2025-07-14T14:39:31.887164+00:00", "symbol": "ETH-USD"}, {"trade_id": 666833161, "side": "buy", "size": "0.00328291", "price": "3027.80000000", "time": "2025-07-14T14:39:11.529684Z", "fetched_at": "2025-07-14T14:39:31.887164+00:00", "symbol": "ETH-USD"}, {"trade_id": 666833160, "side": "buy", "size": "0.50265979", "price": "3027.99000000", "time": "2025-07-14T14:39:11.529684Z", "fetched_at": "2025-07-14T14:39:31.887164+00:00", "symbol": "ETH-USD"}, {"trade_id": 666833159, "side": "buy", "size": "0.00648271", "price": "3028.05000000", "time": "2025-07-14T14:39:11.529684Z", "fetched_at": "2025-07-14T14:39:31.887164+00:00", "symbol": "ETH-USD"}, {"trade_id": 666833158, "side": "buy", "size": "0.01906038", "price": "3028.27000000", "time": "2025-07-14T14:39:11.514563Z", "fetched_at": "2025-07-14T14:39:31.887164+00:00", "symbol": "ETH-USD"}, {"trade_id": 666833157, "side": "buy", "size": "0.00001320", "price": "3028.27000000", "time": "2025-07-14T14:39:11.514563Z", "fetched_at": "2025-07-14T14:39:31.887164+00:00", "symbol": "ETH-USD"}, {"trade_id": 666833156, "side": "buy", "size": "0.19168774", "price": "3028.78000000", "time": "2025-07-14T14:39:10.632962Z", "fetched_at": "2025-07-14T14:39:31.887164+00:00", "symbol": "ETH-USD"}, {"trade_id": 666833155, "side": "sell", "size": "0.00469680", "price": "3028.79000000", "time": "2025-07-14T14:39:10.590715Z", "fetched_at": "2025-07-14T14:39:31.887164+00:00", "symbol": "ETH-USD"}, {"trade_id": 666833154, "side": "sell", "size": "0.00100000", "price": "3028.64000000", "time": "2025-07-14T14:39:09.891854Z", "fetched_at": "2025-07-14T14:39:31.887164+00:00", "symbol": "ETH-USD"}, {"trade_id": 666833153, "side": "sell", "size": "0.00002406", "price": "3028.62000000", "time": "2025-07-14T14:39:09.890969Z", "fetched_at": "2025-07-14T14:39:31.887164+00:00", "symbol": "ETH-USD"}, {"trade_id": 666833152, "side": "sell", "size": "0.16509303", "price": "3028.60000000", "time": "2025-07-14T14:39:09.890969Z", "fetched_at": "2025-07-14T14:39:31.887164+00:00", "symbol": "ETH-USD"}, {"trade_id": 666833151, "side": "sell", "size": "0.05039380", "price": "3028.58000000", "time": "2025-07-14T14:39:09.890969Z", "fetched_at": "2025-07-14T14:39:31.887164+00:00", "symbol": "ETH-USD"}, {"trade_id": 666833150, "side": "sell", "size": "0.00221419", "price": "3028.57000000", "time": "2025-07-14T14:39:09.890969Z", "fetched_at": "2025-07-14T14:39:31.887164+00:00", "symbol": "ETH-USD"}, {"trade_id": 666833149, "side": "sell", "size": "0.30000000", "price": "3028.47000000", "time": "2025-07-14T14:39:09.890969Z", "fetched_at": "2025-07-14T14:39:31.887164+00:00", "symbol": "ETH-USD"}, {"trade_id": 666833148, "side": "sell", "size": "0.52550072", "price": "3028.47000000", "time": "2025-07-14T14:39:09.890488Z", "fetched_at": "2025-07-14T14:39:31.887164+00:00", "symbol": "ETH-USD"}, {"trade_id": 666833147, "side": "sell", "size": "0.30000000", "price": "3028.46000000", "time": "2025-07-14T14:39:09.890488Z", "fetched_at": "2025-07-14T14:39:31.887164+00:00", "symbol": "ETH-USD"}, {"trade_id": 666833146, "side": "sell", "size": "0.00019691", "price": "3028.18000000", "time": "2025-07-14T14:39:09.890488Z", "fetched_at": "2025-07-14T14:39:31.887164+00:00", "symbol": "ETH-USD"}, {"trade_id": 666833145, "side": "sell", "size": "0.00001819", "price": "3028.06000000", "time": "2025-07-14T14:39:09.882223Z", "fetched_at": "2025-07-14T14:39:31.887164+00:00", "symbol": "ETH-USD"}, {"trade_id": 666833144, "side": "sell", "size": "0.00012297", "price": "3028.06000000", "time": "2025-07-14T14:39:09.882223Z", "fetched_at": "2025-07-14T14:39:31.887164+00:00", "symbol": "ETH-USD"}, {"trade_id": 666833143, "side": "sell", "size": "0.00010132", "price": "3028.06000000", "time": "2025-07-14T14:39:09.882223Z", "fetched_at": "2025-07-14T14:39:31.887164+00:00", "symbol": "ETH-USD"}, {"trade_id": 666833142, "side": "sell", "size": "0.00010334", "price": "3028.06000000", "time": "2025-07-14T14:39:09.882223Z", "fetched_at": "2025-07-14T14:39:31.887164+00:00", "symbol": "ETH-USD"}, {"trade_id": 666833141, "side": "buy", "size": "0.01295635", "price": "3027.47000000", "time": "2025-07-14T14:39:08.813384Z", "fetched_at": "2025-07-14T14:39:31.887164+00:00", "symbol": "ETH-USD"}, {"trade_id": 666833140, "side": "buy", "size": "0.00100000", "price": "3027.49000000", "time": "2025-07-14T14:39:08.813384Z", "fetched_at": "2025-07-14T14:39:31.887164+00:00", "symbol": "ETH-USD"}, {"trade_id": 666833139, "side": "buy", "size": "0.00171620", "price": "3027.64000000", "time": "2025-07-14T14:39:08.813384Z", "fetched_at": "2025-07-14T14:39:31.887164+00:00", "symbol": "ETH-USD"}, {"trade_id": 666833138, "side": "buy", "size": "0.00100000", "price": "3027.72000000", "time": "2025-07-14T14:39:08.813384Z", "fetched_at": "2025-07-14T14:39:31.887164+00:00", "symbol": "ETH-USD"}, {"trade_id": 666833137, "side": "buy", "size": "0.34401997", "price": "3027.88000000", "time": "2025-07-14T14:39:08.743131Z", "fetched_at": "2025-07-14T14:39:31.887164+00:00", "symbol": "ETH-USD"}, {"trade_id": 666833136, "side": "buy", "size": "0.00100000", "price": "3027.95000000", "time": "2025-07-14T14:39:08.730714Z", "fetched_at": "2025-07-14T14:39:31.887164+00:00", "symbol": "ETH-USD"}, {"trade_id": 666833135, "side": "buy", "size": "5.00000000", "price": "3028.00000000", "time": "2025-07-14T14:39:08.725814Z", "fetched_at": "2025-07-14T14:39:31.887164+00:00", "symbol": "ETH-USD"}, {"trade_id": 666833134, "side": "buy", "size": "1.36272026", "price": "3028.00000000", "time": "2025-07-14T14:39:08.725274Z", "fetched_at": "2025-07-14T14:39:31.887164+00:00", "symbol": "ETH-USD"}, {"trade_id": 666833133, "side": "buy", "size": "1.09520992", "price": "3028.10000000", "time": "2025-07-14T14:39:08.725072Z", "fetched_at": "2025-07-14T14:39:31.887164+00:00", "symbol": "ETH-USD"}, {"trade_id": 666833132, "side": "buy", "size": "0.38952196", "price": "3028.10000000", "time": "2025-07-14T14:39:08.725010Z", "fetched_at": "2025-07-14T14:39:31.887164+00:00", "symbol": "ETH-USD"}, {"trade_id": 666833131, "side": "buy", "size": "0.92802271", "price": "3028.10000000", "time": "2025-07-14T14:39:08.724951Z", "fetched_at": "2025-07-14T14:39:31.887164+00:00", "symbol": "ETH-USD"}, {"trade_id": 666833130, "side": "buy", "size": "2.19339088", "price": "3028.10000000", "time": "2025-07-14T14:39:08.724720Z", "fetched_at": "2025-07-14T14:39:31.887164+00:00", "symbol": "ETH-USD"}, {"trade_id": 666833129, "side": "buy", "size": "0.20755472", "price": "3028.11000000", "time": "2025-07-14T14:39:08.724720Z", "fetched_at": "2025-07-14T14:39:31.887164+00:00", "symbol": "ETH-USD"}, {"trade_id": 666833128, "side": "buy", "size": "0.29244528", "price": "3028.11000000", "time": "2025-07-14T14:39:08.724708Z", "fetched_at": "2025-07-14T14:39:31.887164+00:00", "symbol": "ETH-USD"}, {"trade_id": 666833127, "side": "buy", "size": "0.39385453", "price": "3028.17000000", "time": "2025-07-14T14:39:08.724708Z", "fetched_at": "2025-07-14T14:39:31.887164+00:00", "symbol": "ETH-USD"}, {"trade_id": 666833126, "side": "buy", "size": "0.15000000", "price": "3028.19000000", "time": "2025-07-14T14:39:08.724158Z", "fetched_at": "2025-07-14T14:39:31.887164+00:00", "symbol": "ETH-USD"}, {"trade_id": 666833125, "side": "buy", "size": "0.06203748", "price": "3028.19000000", "time": "2025-07-14T14:39:08.724158Z", "fetched_at": "2025-07-14T14:39:31.887164+00:00", "symbol": "ETH-USD"}, {"trade_id": 666833124, "side": "buy", "size": "0.04944301", "price": "3028.20000000", "time": "2025-07-14T14:39:08.724158Z", "fetched_at": "2025-07-14T14:39:31.887164+00:00", "symbol": "ETH-USD"}, {"trade_id": 666833123, "side": "buy", "size": "0.00000330", "price": "3028.38000000", "time": "2025-07-14T14:39:08.724158Z", "fetched_at": "2025-07-14T14:39:31.887164+00:00", "symbol": "ETH-USD"}, {"trade_id": 666833122, "side": "buy", "size": "0.00000660", "price": "3028.38000000", "time": "2025-07-14T14:39:08.724158Z", "fetched_at": "2025-07-14T14:39:31.887164+00:00", "symbol": "ETH-USD"}, {"trade_id": 666833121, "side": "buy", "size": "0.03647164", "price": "3028.38000000", "time": "2025-07-14T14:39:08.724158Z", "fetched_at": "2025-07-14T14:39:31.887164+00:00", "symbol": "ETH-USD"}, {"trade_id": 666833120, "side": "sell", "size": "0.00626239", "price": "3028.55000000", "time": "2025-07-14T14:39:08.303279Z", "fetched_at": "2025-07-14T14:39:31.887164+00:00", "symbol": "ETH-USD"}, {"trade_id": 666833119, "side": "sell", "size": "0.03208775", "price": "3028.54000000", "time": "2025-07-14T14:39:08.281447Z", "fetched_at": "2025-07-14T14:39:31.887164+00:00", "symbol": "ETH-USD"}, {"trade_id": 666833118, "side": "buy", "size": "6.57742840", "price": "3028.01000000", "time": "2025-07-14T14:39:06.720286Z", "fetched_at": "2025-07-14T14:39:31.887164+00:00", "symbol": "ETH-USD"}, {"trade_id": 666833117, "side": "buy", "size": "0.50351310", "price": "3028.02000000", "time": "2025-07-14T14:39:06.720286Z", "fetched_at": "2025-07-14T14:39:31.887164+00:00", "symbol": "ETH-USD"}, {"trade_id": 666833116, "side": "buy", "size": "5.00000000", "price": "3028.10000000", "time": "2025-07-14T14:39:06.720286Z", "fetched_at": "2025-07-14T14:39:31.887164+00:00", "symbol": "ETH-USD"}, {"trade_id": 666833115, "side": "buy", "size": "3.00000000", "price": "3028.11000000", "time": "2025-07-14T14:39:06.720286Z", "fetched_at": "2025-07-14T14:39:31.887164+00:00", "symbol": "ETH-USD"}, {"trade_id": 666833114, "side": "buy", "size": "0.16511843", "price": "3028.12000000", "time": "2025-07-14T14:39:06.720286Z", "fetched_at": "2025-07-14T14:39:31.887164+00:00", "symbol": "ETH-USD"}, {"trade_id": 666833113, "side": "buy", "size": "0.00091596", "price": "3028.16000000", "time": "2025-07-14T14:39:06.720286Z", "fetched_at": "2025-07-14T14:39:31.887164+00:00", "symbol": "ETH-USD"}, {"trade_id": 666833112, "side": "buy", "size": "0.51126004", "price": "3028.17000000", "time": "2025-07-14T14:39:06.720286Z", "fetched_at": "2025-07-14T14:39:31.887164+00:00", "symbol": "ETH-USD"}, {"trade_id": 666833111, "side": "buy", "size": "0.84533000", "price": "3028.18000000", "time": "2025-07-14T14:39:06.720286Z", "fetched_at": "2025-07-14T14:39:31.887164+00:00", "symbol": "ETH-USD"}, {"trade_id": 666833110, "side": "buy", "size": "0.03087993", "price": "3028.18000000", "time": "2025-07-14T14:39:06.720286Z", "fetched_at": "2025-07-14T14:39:31.887164+00:00", "symbol": "ETH-USD"}, {"trade_id": 666833109, "side": "buy", "size": "0.00000660", "price": "3028.18000000", "time": "2025-07-14T14:39:06.720286Z", "fetched_at": "2025-07-14T14:39:31.887164+00:00", "symbol": "ETH-USD"}, {"trade_id": 666833108, "side": "buy", "size": "0.00100000", "price": "3028.18000000", "time": "2025-07-14T14:39:06.720286Z", "fetched_at": "2025-07-14T14:39:31.887164+00:00", "symbol": "ETH-USD"}, {"trade_id": 666833107, "side": "buy", "size": "0.15000000", "price": "3028.19000000", "time": "2025-07-14T14:39:06.720286Z", "fetched_at": "2025-07-14T14:39:31.887164+00:00", "symbol": "ETH-USD"}, {"trade_id": 666833106, "side": "buy", "size": "0.00116146", "price": "3028.19000000", "time": "2025-07-14T14:39:06.720286Z", "fetched_at": "2025-07-14T14:39:31.887164+00:00", "symbol": "ETH-USD"}, {"trade_id": 666833105, "side": "buy", "size": "0.00000330", "price": "3028.19000000", "time": "2025-07-14T14:39:06.720286Z", "fetched_at": "2025-07-14T14:39:31.887164+00:00", "symbol": "ETH-USD"}, {"trade_id": 666833104, "side": "buy", "size": "0.35847146", "price": "3028.20000000", "time": "2025-07-14T14:39:06.720286Z", "fetched_at": "2025-07-14T14:39:31.887164+00:00", "symbol": "ETH-USD"}, {"trade_id": 666833103, "side": "buy", "size": "0.05635480", "price": "3028.21000000", "time": "2025-07-14T14:39:06.720286Z", "fetched_at": "2025-07-14T14:39:31.887164+00:00", "symbol": "ETH-USD"}, {"trade_id": 666833102, "side": "buy", "size": "0.00000990", "price": "3028.38000000", "time": "2025-07-14T14:39:06.720286Z", "fetched_at": "2025-07-14T14:39:31.887164+00:00", "symbol": "ETH-USD"}, {"trade_id": 666833101, "side": "sell", "size": "0.11858735", "price": "3028.70000000", "time": "2025-07-14T14:39:05.830227Z", "fetched_at": "2025-07-14T14:39:31.887164+00:00", "symbol": "ETH-USD"}, {"trade_id": 666833100, "side": "sell", "size": "0.00260382", "price": "3028.69000000", "time": "2025-07-14T14:39:05.830227Z", "fetched_at": "2025-07-14T14:39:31.887164+00:00", "symbol": "ETH-USD"}, {"trade_id": 666833099, "side": "sell", "size": "0.00009624", "price": "3028.47000000", "time": "2025-07-14T14:39:05.830227Z", "fetched_at": "2025-07-14T14:39:31.887164+00:00", "symbol": "ETH-USD"}, {"trade_id": 666833098, "side": "buy", "size": "1.17789601", "price": "3028.33000000", "time": "2025-07-14T14:39:05.758082Z", "fetched_at": "2025-07-14T14:39:31.887164+00:00", "symbol": "ETH-USD"}, {"trade_id": 666833097, "side": "buy", "size": "0.04776473", "price": "3028.34000000", "time": "2025-07-14T14:39:05.758082Z", "fetched_at": "2025-07-14T14:39:31.887164+00:00", "symbol": "ETH-USD"}, {"trade_id": 666833096, "side": "buy", "size": "0.00100000", "price": "3028.41000000", "time": "2025-07-14T14:39:05.758082Z", "fetched_at": "2025-07-14T14:39:31.887164+00:00", "symbol": "ETH-USD"}, {"trade_id": 666833095, "side": "buy", "size": "0.52092795", "price": "3028.46000000", "time": "2025-07-14T14:39:05.758082Z", "fetched_at": "2025-07-14T14:39:31.887164+00:00", "symbol": "ETH-USD"}, {"trade_id": 666833094, "side": "buy", "size": "0.19061503", "price": "3028.46000000", "time": "2025-07-14T14:39:05.758082Z", "fetched_at": "2025-07-14T14:39:31.887164+00:00", "symbol": "ETH-USD"}, {"trade_id": 666833093, "side": "buy", "size": "0.06179628", "price": "3028.46000000", "time": "2025-07-14T14:39:05.758082Z", "fetched_at": "2025-07-14T14:39:31.887164+00:00", "symbol": "ETH-USD"}, {"trade_id": 666833092, "side": "buy", "size": "0.20440094", "price": "3028.44000000", "time": "2025-07-14T14:39:04.260298Z", "fetched_at": "2025-07-14T14:39:31.887164+00:00", "symbol": "ETH-USD"}, {"trade_id": 666833091, "side": "buy", "size": "0.01070429", "price": "3028.70000000", "time": "2025-07-14T14:39:04.036392Z", "fetched_at": "2025-07-14T14:39:31.887164+00:00", "symbol": "ETH-USD"}, {"trade_id": 666833090, "side": "buy", "size": "0.82543205", "price": "3028.71000000", "time": "2025-07-14T14:39:04.036392Z", "fetched_at": "2025-07-14T14:39:31.887164+00:00", "symbol": "ETH-USD"}, {"trade_id": 666833089, "side": "buy", "size": "0.05089896", "price": "3028.72000000", "time": "2025-07-14T14:39:04.036392Z", "fetched_at": "2025-07-14T14:39:31.887164+00:00", "symbol": "ETH-USD"}, {"trade_id": 666833088, "side": "buy", "size": "0.32576470", "price": "3028.74000000", "time": "2025-07-14T14:39:04.036392Z", "fetched_at": "2025-07-14T14:39:31.887164+00:00", "symbol": "ETH-USD"}, {"trade_id": 666833087, "side": "buy", "size": "0.48600000", "price": "3028.77000000", "time": "2025-07-14T14:39:04.036392Z", "fetched_at": "2025-07-14T14:39:31.887164+00:00", "symbol": "ETH-USD"}, {"trade_id": 666833086, "side": "buy", "size": "0.16507839", "price": "3028.86000000", "time": "2025-07-14T14:39:04.033907Z", "fetched_at": "2025-07-14T14:39:31.887164+00:00", "symbol": "ETH-USD"}, {"trade_id": 666833085, "side": "buy", "size": "0.80762496", "price": "3028.87000000", "time": "2025-07-14T14:39:04.033907Z", "fetched_at": "2025-07-14T14:39:31.887164+00:00", "symbol": "ETH-USD"}, {"trade_id": 666833084, "side": "buy", "size": "0.15596461", "price": "3028.87000000", "time": "2025-07-14T14:39:04.033907Z", "fetched_at": "2025-07-14T14:39:31.887164+00:00", "symbol": "ETH-USD"}, {"trade_id": 666833083, "side": "buy", "size": "0.47489520", "price": "3028.93000000", "time": "2025-07-14T14:39:04.033907Z", "fetched_at": "2025-07-14T14:39:31.887164+00:00", "symbol": "ETH-USD"}, {"trade_id": 666833082, "side": "buy", "size": "0.60867178", "price": "3028.95000000", "time": "2025-07-14T14:39:04.033907Z", "fetched_at": "2025-07-14T14:39:31.887164+00:00", "symbol": "ETH-USD"}, {"trade_id": 666833081, "side": "buy", "size": "0.32108196", "price": "3028.95000000", "time": "2025-07-14T14:39:04.033886Z", "fetched_at": "2025-07-14T14:39:31.887164+00:00", "symbol": "ETH-USD"}, {"trade_id": 666833080, "side": "buy", "size": "0.19194626", "price": "3028.96000000", "time": "2025-07-14T14:39:04.033886Z", "fetched_at": "2025-07-14T14:39:31.887164+00:00", "symbol": "ETH-USD"}, {"trade_id": 666833079, "side": "buy", "size": "0.04077627", "price": "3029.08000000", "time": "2025-07-14T14:39:04.033475Z", "fetched_at": "2025-07-14T14:39:31.887164+00:00", "symbol": "ETH-USD"}, {"trade_id": 666833078, "side": "buy", "size": "1.08091373", "price": "3029.08000000", "time": "2025-07-14T14:39:04.033161Z", "fetched_at": "2025-07-14T14:39:31.887164+00:00", "symbol": "ETH-USD"}, {"trade_id": 666833077, "side": "buy", "size": "0.13929000", "price": "3029.08000000", "time": "2025-07-14T14:39:04.033161Z", "fetched_at": "2025-07-14T14:39:31.887164+00:00", "symbol": "ETH-USD"}, {"trade_id": 666833076, "side": "sell", "size": "0.00016765", "price": "3028.87000000", "time": "2025-07-14T14:39:03.810499Z", "fetched_at": "2025-07-14T14:39:31.887164+00:00", "symbol": "ETH-USD"}, {"trade_id": 666833075, "side": "sell", "size": "0.00072008", "price": "3028.87000000", "time": "2025-07-14T14:39:03.810499Z", "fetched_at": "2025-07-14T14:39:31.887164+00:00", "symbol": "ETH-USD"}, {"trade_id": 666833074, "side": "sell", "size": "0.00093000", "price": "3028.87000000", "time": "2025-07-14T14:39:03.810499Z", "fetched_at": "2025-07-14T14:39:31.887164+00:00", "symbol": "ETH-USD"}, {"trade_id": 666833073, "side": "sell", "size": "0.02345055", "price": "3029.09000000", "time": "2025-07-14T14:39:03.278534Z", "fetched_at": "2025-07-14T14:39:31.887164+00:00", "symbol": "ETH-USD"}, {"trade_id": 666833072, "side": "sell", "size": "0.00260527", "price": "3029.08000000", "time": "2025-07-14T14:39:03.278534Z", "fetched_at": "2025-07-14T14:39:31.887164+00:00", "symbol": "ETH-USD"}, {"trade_id": 666833071, "side": "sell", "size": "0.00031002", "price": "3028.96000000", "time": "2025-07-14T14:39:03.278534Z", "fetched_at": "2025-07-14T14:39:31.887164+00:00", "symbol": "ETH-USD"}, {"trade_id": 666833070, "side": "sell", "size": "0.00005589", "price": "3028.96000000", "time": "2025-07-14T14:39:03.278534Z", "fetched_at": "2025-07-14T14:39:31.887164+00:00", "symbol": "ETH-USD"}, {"trade_id": 666833069, "side": "sell", "size": "0.00024001", "price": "3028.96000000", "time": "2025-07-14T14:39:03.278534Z", "fetched_at": "2025-07-14T14:39:31.887164+00:00", "symbol": "ETH-USD"}, {"trade_id": 666833068, "side": "sell", "size": "0.00338739", "price": "3028.94000000", "time": "2025-07-14T14:39:03.278534Z", "fetched_at": "2025-07-14T14:39:31.887164+00:00", "symbol": "ETH-USD"}, {"trade_id": 666833067, "side": "sell", "size": "0.00100000", "price": "3028.87000000", "time": "2025-07-14T14:39:03.278534Z", "fetched_at": "2025-07-14T14:39:31.887164+00:00", "symbol": "ETH-USD"}, {"trade_id": 666833066, "side": "sell", "size": "0.51412678", "price": "3028.61000000", "time": "2025-07-14T14:39:02.723207Z", "fetched_at": "2025-07-14T14:39:31.887164+00:00", "symbol": "ETH-USD"}, {"trade_id": 666833065, "side": "sell", "size": "0.00251988", "price": "3028.60000000", "time": "2025-07-14T14:39:02.723207Z", "fetched_at": "2025-07-14T14:39:31.887164+00:00", "symbol": "ETH-USD"}, {"trade_id": 666833064, "side": "sell", "size": "0.00001492", "price": "3028.19000000", "time": "2025-07-14T14:39:02.723207Z", "fetched_at": "2025-07-14T14:39:31.887164+00:00", "symbol": "ETH-USD"}, {"trade_id": 666833063, "side": "sell", "size": "0.05037002", "price": "3028.19000000", "time": "2025-07-14T14:39:02.339737Z", "fetched_at": "2025-07-14T14:39:31.887164+00:00", "symbol": "ETH-USD"}, {"trade_id": 666833062, "side": "sell", "size": "0.00251998", "price": "3028.19000000", "time": "2025-07-14T14:39:02.339737Z", "fetched_at": "2025-07-14T14:39:31.887164+00:00", "symbol": "ETH-USD"}, {"trade_id": 666833061, "side": "sell", "size": "0.06164620", "price": "3028.41000000", "time": "2025-07-14T14:39:01.971680Z", "fetched_at": "2025-07-14T14:39:31.887164+00:00", "symbol": "ETH-USD"}, {"trade_id": 666833060, "side": "sell", "size": "0.00251998", "price": "3028.19000000", "time": "2025-07-14T14:39:01.971680Z", "fetched_at": "2025-07-14T14:39:31.887164+00:00", "symbol": "ETH-USD"}, {"trade_id": 666833059, "side": "buy", "size": "0.00100000", "price": "3028.41000000", "time": "2025-07-14T14:39:01.617843Z", "fetched_at": "2025-07-14T14:39:31.887164+00:00", "symbol": "ETH-USD"}, {"trade_id": 666833058, "side": "buy", "size": "0.02248630", "price": "3028.51000000", "time": "2025-07-14T14:39:01.511120Z", "fetched_at": "2025-07-14T14:39:31.887164+00:00", "symbol": "ETH-USD"}, {"trade_id": 666833057, "side": "buy", "size": "0.00033975", "price": "3028.51000000", "time": "2025-07-14T14:39:01.511120Z", "fetched_at": "2025-07-14T14:39:31.887164+00:00", "symbol": "ETH-USD"}, {"trade_id": 666833056, "side": "buy", "size": "0.10822139", "price": "3028.53000000", "time": "2025-07-14T14:39:01.470511Z", "fetched_at": "2025-07-14T14:39:31.887164+00:00", "symbol": "ETH-USD"}, {"trade_id": 666833055, "side": "buy", "size": "0.00033574", "price": "3028.69000000", "time": "2025-07-14T14:39:01.470511Z", "fetched_at": "2025-07-14T14:39:31.887164+00:00", "symbol": "ETH-USD"}, {"trade_id": 666833054, "side": "buy", "size": "0.00001320", "price": "3028.93000000", "time": "2025-07-14T14:39:01.469416Z", "fetched_at": "2025-07-14T14:39:31.887164+00:00", "symbol": "ETH-USD"}, {"trade_id": 666833053, "side": "buy", "size": "0.19058545", "price": "3028.93000000", "time": "2025-07-14T14:39:00.573963Z", "fetched_at": "2025-07-14T14:39:31.887164+00:00", "symbol": "ETH-USD"}, {"trade_id": 666833052, "side": "sell", "size": "0.02677478", "price": "3028.94000000", "time": "2025-07-14T14:39:00.251926Z", "fetched_at": "2025-07-14T14:39:31.887164+00:00", "symbol": "ETH-USD"}, {"trade_id": 666833051, "side": "sell", "size": "0.00469796", "price": "3028.94000000", "time": "2025-07-14T14:39:00.251926Z", "fetched_at": "2025-07-14T14:39:31.887164+00:00", "symbol": "ETH-USD"}, {"trade_id": 666833050, "side": "sell", "size": "0.00010335", "price": "3028.52000000", "time": "2025-07-14T14:38:59.844479Z", "fetched_at": "2025-07-14T14:39:31.887164+00:00", "symbol": "ETH-USD"}, {"trade_id": 666833049, "side": "sell", "size": "0.54674257", "price": "3028.52000000", "time": "2025-07-14T14:38:59.844479Z", "fetched_at": "2025-07-14T14:39:31.887164+00:00", "symbol": "ETH-USD"}, {"trade_id": 666833048, "side": "sell", "size": "0.03825108", "price": "3028.52000000", "time": "2025-07-14T14:38:59.844479Z", "fetched_at": "2025-07-14T14:39:31.887164+00:00", "symbol": "ETH-USD"}, {"trade_id": 666833047, "side": "sell", "size": "0.03207326", "price": "3028.52000000", "time": "2025-07-14T14:38:59.560559Z", "fetched_at": "2025-07-14T14:39:31.887164+00:00", "symbol": "ETH-USD"}, {"trade_id": 666833046, "side": "sell", "size": "0.03580000", "price": "3028.52000000", "time": "2025-07-14T14:38:58.321647Z", "fetched_at": "2025-07-14T14:39:31.887164+00:00", "symbol": "ETH-USD"}, {"trade_id": 666833045, "side": "sell", "size": "0.10000000", "price": "3028.52000000", "time": "2025-07-14T14:38:57.896732Z", "fetched_at": "2025-07-14T14:39:31.887164+00:00", "symbol": "ETH-USD"}, {"trade_id": 666833044, "side": "buy", "size": "0.02675484", "price": "3028.61000000", "time": "2025-07-14T14:38:57.877221Z", "fetched_at": "2025-07-14T14:39:31.887164+00:00", "symbol": "ETH-USD"}, {"trade_id": 666833043, "side": "buy", "size": "0.00697345", "price": "3028.63000000", "time": "2025-07-14T14:38:57.874081Z", "fetched_at": "2025-07-14T14:39:31.887164+00:00", "symbol": "ETH-USD"}, {"trade_id": 666833042, "side": "buy", "size": "0.14044821", "price": "3028.63000000", "time": "2025-07-14T14:38:57.874081Z", "fetched_at": "2025-07-14T14:39:31.887164+00:00", "symbol": "ETH-USD"}, {"trade_id": 666833041, "side": "sell", "size": "0.10000000", "price": "3028.64000000", "time": "2025-07-14T14:38:57.865255Z", "fetched_at": "2025-07-14T14:39:31.887164+00:00", "symbol": "ETH-USD"}, {"trade_id": 666833040, "side": "buy", "size": "0.09356746", "price": "3028.70000000", "time": "2025-07-14T14:38:57.855773Z", "fetched_at": "2025-07-14T14:39:31.887164+00:00", "symbol": "ETH-USD"}, {"trade_id": 666833039, "side": "sell", "size": "0.10000000", "price": "3028.71000000", "time": "2025-07-14T14:38:57.831618Z", "fetched_at": "2025-07-14T14:39:31.887164+00:00", "symbol": "ETH-USD"}, {"trade_id": 666833038, "side": "sell", "size": "0.10000000", "price": "3028.71000000", "time": "2025-07-14T14:38:57.800518Z", "fetched_at": "2025-07-14T14:39:31.887164+00:00", "symbol": "ETH-USD"}, {"trade_id": 666833037, "side": "sell", "size": "0.10000000", "price": "3028.71000000", "time": "2025-07-14T14:38:57.769041Z", "fetched_at": "2025-07-14T14:39:31.887164+00:00", "symbol": "ETH-USD"}, {"trade_id": 666833036, "side": "sell", "size": "0.10000000", "price": "3028.71000000", "time": "2025-07-14T14:38:57.736947Z", "fetched_at": "2025-07-14T14:39:31.887164+00:00", "symbol": "ETH-USD"}, {"trade_id": 666833035, "side": "sell", "size": "0.01078428", "price": "3028.94000000", "time": "2025-07-14T14:38:56.654404Z", "fetched_at": "2025-07-14T14:39:31.887164+00:00", "symbol": "ETH-USD"}, {"trade_id": 666833034, "side": "sell", "size": "0.00202425", "price": "3028.94000000", "time": "2025-07-14T14:38:56.470485Z", "fetched_at": "2025-07-14T14:39:31.887164+00:00", "symbol": "ETH-USD"}, {"trade_id": 666833033, "side": "sell", "size": "0.01936366", "price": "3028.80000000", "time": "2025-07-14T14:38:56.470485Z", "fetched_at": "2025-07-14T14:39:31.887164+00:00", "symbol": "ETH-USD"}, {"trade_id": 666833032, "side": "sell", "size": "0.10000000", "price": "3028.67000000", "time": "2025-07-14T14:38:56.124517Z", "fetched_at": "2025-07-14T14:39:31.887164+00:00", "symbol": "ETH-USD"}, {"trade_id": 666833031, "side": "sell", "size": "0.10000000", "price": "3028.65000000", "time": "2025-07-14T14:38:55.655157Z", "fetched_at": "2025-07-14T14:39:31.887164+00:00", "symbol": "ETH-USD"}, {"trade_id": 666833030, "side": "sell", "size": "0.10000000", "price": "3028.65000000", "time": "2025-07-14T14:38:55.623756Z", "fetched_at": "2025-07-14T14:39:31.887164+00:00", "symbol": "ETH-USD"}, {"trade_id": 666833029, "side": "sell", "size": "0.10000000", "price": "3028.64000000", "time": "2025-07-14T14:38:55.592077Z", "fetched_at": "2025-07-14T14:39:31.887164+00:00", "symbol": "ETH-USD"}, {"trade_id": 666833028, "side": "sell", "size": "0.10000000", "price": "3028.64000000", "time": "2025-07-14T14:38:55.558737Z", "fetched_at": "2025-07-14T14:39:31.887164+00:00", "symbol": "ETH-USD"}, {"trade_id": 666833027, "side": "sell", "size": "0.10000000", "price": "3028.65000000", "time": "2025-07-14T14:38:55.527005Z", "fetched_at": "2025-07-14T14:39:31.887164+00:00", "symbol": "ETH-USD"}, {"trade_id": 666833026, "side": "buy", "size": "0.05498668", "price": "3028.63000000", "time": "2025-07-14T14:38:55.519767Z", "fetched_at": "2025-07-14T14:39:31.887164+00:00", "symbol": "ETH-USD"}, {"trade_id": 666833025, "side": "buy", "size": "0.12093156", "price": "3028.97000000", "time": "2025-07-14T14:38:55.188227Z", "fetched_at": "2025-07-14T14:39:31.887164+00:00", "symbol": "ETH-USD"}, {"trade_id": 666833024, "side": "buy", "size": "0.32921534", "price": "3028.99000000", "time": "2025-07-14T14:38:55.177890Z", "fetched_at": "2025-07-14T14:39:31.887164+00:00", "symbol": "ETH-USD"}, {"trade_id": 666833023, "side": "buy", "size": "0.00113897", "price": "3029.03000000", "time": "2025-07-14T14:38:55.149590Z", "fetched_at": "2025-07-14T14:39:31.887164+00:00", "symbol": "ETH-USD"}, {"trade_id": 666833022, "side": "buy", "size": "0.00227795", "price": "3029.03000000", "time": "2025-07-14T14:38:55.149590Z", "fetched_at": "2025-07-14T14:39:31.887164+00:00", "symbol": "ETH-USD"}, {"trade_id": 666833021, "side": "buy", "size": "0.00455591", "price": "3029.03000000", "time": "2025-07-14T14:38:55.149590Z", "fetched_at": "2025-07-14T14:39:31.887164+00:00", "symbol": "ETH-USD"}, {"trade_id": 666833020, "side": "sell", "size": "0.00614626", "price": "3029.06000000", "time": "2025-07-14T14:38:54.402706Z", "fetched_at": "2025-07-14T14:39:31.887164+00:00", "symbol": "ETH-USD"}, {"trade_id": 666833019, "side": "sell", "size": "0.00251946", "price": "3029.05000000", "time": "2025-07-14T14:38:54.402706Z", "fetched_at": "2025-07-14T14:39:31.887164+00:00", "symbol": "ETH-USD"}, {"trade_id": 666833018, "side": "sell", "size": "0.00010335", "price": "3029.05000000", "time": "2025-07-14T14:38:54.402706Z", "fetched_at": "2025-07-14T14:39:31.887164+00:00", "symbol": "ETH-USD"}, {"trade_id": 666833017, "side": "buy", "size": "0.00587578", "price": "3029.38000000", "time": "2025-07-14T14:38:52.227399Z", "fetched_at": "2025-07-14T14:39:31.887164+00:00", "symbol": "ETH-USD"}, {"trade_id": 666833016, "side": "buy", "size": "0.00001320", "price": "3029.38000000", "time": "2025-07-14T14:38:52.227399Z", "fetched_at": "2025-07-14T14:39:31.887164+00:00", "symbol": "ETH-USD"}, {"trade_id": 666833015, "side": "sell", "size": "0.02832338", "price": "3029.52000000", "time": "2025-07-14T14:38:51.433511Z", "fetched_at": "2025-07-14T14:39:31.887164+00:00", "symbol": "ETH-USD"}, {"trade_id": 666833014, "side": "sell", "size": "0.00013881", "price": "3029.41000000", "time": "2025-07-14T14:38:51.433511Z", "fetched_at": "2025-07-14T14:39:31.887164+00:00", "symbol": "ETH-USD"}, {"trade_id": 666833013, "side": "sell", "size": "0.00285765", "price": "3029.39000000", "time": "2025-07-14T14:38:51.433511Z", "fetched_at": "2025-07-14T14:39:31.887164+00:00", "symbol": "ETH-USD"}, {"trade_id": 666833012, "side": "sell", "size": "0.00065501", "price": "3029.39000000", "time": "2025-07-14T14:38:51.433511Z", "fetched_at": "2025-07-14T14:39:31.887164+00:00", "symbol": "ETH-USD"}, {"trade_id": 666833011, "side": "sell", "size": "0.00070931", "price": "3029.39000000", "time": "2025-07-14T14:38:51.433511Z", "fetched_at": "2025-07-14T14:39:31.887164+00:00", "symbol": "ETH-USD"}, {"trade_id": 666833010, "side": "buy", "size": "0.00702659", "price": "3029.04000000", "time": "2025-07-14T14:38:51.000038Z", "fetched_at": "2025-07-14T14:39:31.887164+00:00", "symbol": "ETH-USD"}, {"trade_id": 666833009, "side": "buy", "size": "0.00083843", "price": "3029.40000000", "time": "2025-07-14T14:38:49.947960Z", "fetched_at": "2025-07-14T14:39:31.887164+00:00", "symbol": "ETH-USD"}, {"trade_id": 666833008, "side": "buy", "size": "0.00001320", "price": "3029.40000000", "time": "2025-07-14T14:38:49.947960Z", "fetched_at": "2025-07-14T14:39:31.887164+00:00", "symbol": "ETH-USD"}, {"trade_id": 666833007, "side": "buy", "size": "0.01505578", "price": "3029.40000000", "time": "2025-07-14T14:38:49.947960Z", "fetched_at": "2025-07-14T14:39:31.887164+00:00", "symbol": "ETH-USD"}, {"trade_id": 666833006, "side": "sell", "size": "0.00002793", "price": "3029.41000000", "time": "2025-07-14T14:38:49.194067Z", "fetched_at": "2025-07-14T14:39:31.887164+00:00", "symbol": "ETH-USD"}, {"trade_id": 666833005, "side": "sell", "size": "0.00021717", "price": "3029.41000000", "time": "2025-07-14T14:38:49.194067Z", "fetched_at": "2025-07-14T14:39:31.887164+00:00", "symbol": "ETH-USD"}, {"trade_id": 666833004, "side": "buy", "size": "0.15358895", "price": "3029.71000000", "time": "2025-07-14T14:38:48.857219Z", "fetched_at": "2025-07-14T14:39:31.887164+00:00", "symbol": "ETH-USD"}, {"trade_id": 666833003, "side": "buy", "size": "0.54657857", "price": "3029.71000000", "time": "2025-07-14T14:38:48.857219Z", "fetched_at": "2025-07-14T14:39:31.887164+00:00", "symbol": "ETH-USD"}, {"trade_id": 666833002, "side": "sell", "size": "0.80373803", "price": "3030.07000000", "time": "2025-07-14T14:38:45.350802Z", "fetched_at": "2025-07-14T14:39:31.887164+00:00", "symbol": "ETH-USD"}, {"trade_id": 666833001, "side": "sell", "size": "0.89380138", "price": "3030.02000000", "time": "2025-07-14T14:38:45.350802Z", "fetched_at": "2025-07-14T14:39:31.887164+00:00", "symbol": "ETH-USD"}, {"trade_id": 666833000, "side": "sell", "size": "0.15557777", "price": "3030.00000000", "time": "2025-07-14T14:38:45.350802Z", "fetched_at": "2025-07-14T14:39:31.887164+00:00", "symbol": "ETH-USD"}, {"trade_id": 666832999, "side": "sell", "size": "0.52943204", "price": "3029.98000000", "time": "2025-07-14T14:38:45.350802Z", "fetched_at": "2025-07-14T14:39:31.887164+00:00", "symbol": "ETH-USD"}, {"trade_id": 666832998, "side": "sell", "size": "0.22177558", "price": "3029.98000000", "time": "2025-07-14T14:38:45.350802Z", "fetched_at": "2025-07-14T14:39:31.887164+00:00", "symbol": "ETH-USD"}, {"trade_id": 666832997, "side": "sell", "size": "0.11772478", "price": "3029.97000000", "time": "2025-07-14T14:38:45.350802Z", "fetched_at": "2025-07-14T14:39:31.887164+00:00", "symbol": "ETH-USD"}, {"trade_id": 666832996, "side": "sell", "size": "0.48600000", "price": "3029.97000000", "time": "2025-07-14T14:38:45.350802Z", "fetched_at": "2025-07-14T14:39:31.887164+00:00", "symbol": "ETH-USD"}, {"trade_id": 666832995, "side": "buy", "size": "0.05065789", "price": "3029.41000000", "time": "2025-07-14T14:38:45.308632Z", "fetched_at": "2025-07-14T14:39:31.887164+00:00", "symbol": "ETH-USD"}, {"trade_id": 666832994, "side": "buy", "size": "0.35933221", "price": "3029.63000000", "time": "2025-07-14T14:38:45.308632Z", "fetched_at": "2025-07-14T14:39:31.887164+00:00", "symbol": "ETH-USD"}, {"trade_id": 666832993, "side": "buy", "size": "0.00000990", "price": "3029.64000000", "time": "2025-07-14T14:38:45.308632Z", "fetched_at": "2025-07-14T14:39:31.887164+00:00", "symbol": "ETH-USD"}, {"trade_id": 666832992, "side": "buy", "size": "0.60000000", "price": "3030.29000000", "time": "2025-07-14T14:38:44.836812Z", "fetched_at": "2025-07-14T14:39:31.887164+00:00", "symbol": "ETH-USD"}, {"trade_id": 666832991, "side": "buy", "size": "0.34033474", "price": "3030.34000000", "time": "2025-07-14T14:38:44.830027Z", "fetched_at": "2025-07-14T14:39:31.887164+00:00", "symbol": "ETH-USD"}, {"trade_id": 666832990, "side": "sell", "size": "0.10053736", "price": "3030.35000000", "time": "2025-07-14T14:38:43.782726Z", "fetched_at": "2025-07-14T14:39:31.887164+00:00", "symbol": "ETH-USD"}, {"trade_id": 666832989, "side": "buy", "size": "0.08925989", "price": "3030.24000000", "time": "2025-07-14T14:38:43.596945Z", "fetched_at": "2025-07-14T14:39:31.887164+00:00", "symbol": "ETH-USD"}, {"trade_id": 666832988, "side": "sell", "size": "0.35439397", "price": "3030.30000000", "time": "2025-07-14T14:38:43.592973Z", "fetched_at": "2025-07-14T14:39:31.887164+00:00", "symbol": "ETH-USD"}, {"trade_id": 666832987, "side": "sell", "size": "0.13356269", "price": "3030.26000000", "time": "2025-07-14T14:38:43.592973Z", "fetched_at": "2025-07-14T14:39:31.887164+00:00", "symbol": "ETH-USD"}, {"trade_id": 666832986, "side": "sell", "size": "0.00005589", "price": "3030.25000000", "time": "2025-07-14T14:38:43.592973Z", "fetched_at": "2025-07-14T14:39:31.887164+00:00", "symbol": "ETH-USD"}, {"trade_id": 666832985, "side": "sell", "size": "0.00031003", "price": "3030.25000000", "time": "2025-07-14T14:38:43.592973Z", "fetched_at": "2025-07-14T14:39:31.887164+00:00", "symbol": "ETH-USD"}, {"trade_id": 666832984, "side": "sell", "size": "0.00100000", "price": "3030.25000000", "time": "2025-07-14T14:38:43.592973Z", "fetched_at": "2025-07-14T14:39:31.887164+00:00", "symbol": "ETH-USD"}, {"trade_id": 666832983, "side": "sell", "size": "0.10240287", "price": "3030.03000000", "time": "2025-07-14T14:38:42.916237Z", "fetched_at": "2025-07-14T14:39:31.887164+00:00", "symbol": "ETH-USD"}, {"trade_id": 666832982, "side": "sell", "size": "1.00395045", "price": "3030.03000000", "time": "2025-07-14T14:38:42.916237Z", "fetched_at": "2025-07-14T14:39:31.887164+00:00", "symbol": "ETH-USD"}, {"trade_id": 666832981, "side": "sell", "size": "0.00007507", "price": "3029.98000000", "time": "2025-07-14T14:38:42.154290Z", "fetched_at": "2025-07-14T14:39:31.887164+00:00", "symbol": "ETH-USD"}, {"trade_id": 666832980, "side": "sell", "size": "0.00023101", "price": "3030.02000000", "time": "2025-07-14T14:38:41.998302Z", "fetched_at": "2025-07-14T14:39:31.887164+00:00", "symbol": "ETH-USD"}, {"trade_id": 666832979, "side": "sell", "size": "0.00100000", "price": "3030.02000000", "time": "2025-07-14T14:38:41.998302Z", "fetched_at": "2025-07-14T14:39:31.887164+00:00", "symbol": "ETH-USD"}, {"trade_id": 666832978, "side": "sell", "size": "0.39136898", "price": "3029.59000000", "time": "2025-07-14T14:38:41.615468Z", "fetched_at": "2025-07-14T14:39:31.887164+00:00", "symbol": "ETH-USD"}, {"trade_id": 666832977, "side": "sell", "size": "0.00100000", "price": "3029.56000000", "time": "2025-07-14T14:38:41.615468Z", "fetched_at": "2025-07-14T14:39:31.887164+00:00", "symbol": "ETH-USD"}, {"trade_id": 666832976, "side": "sell", "size": "0.00024005", "price": "3029.41000000", "time": "2025-07-14T14:38:41.615468Z", "fetched_at": "2025-07-14T14:39:31.887164+00:00", "symbol": "ETH-USD"}, {"trade_id": 666832975, "side": "sell", "size": "0.00003996", "price": "3029.41000000", "time": "2025-07-14T14:38:41.615468Z", "fetched_at": "2025-07-14T14:39:31.887164+00:00", "symbol": "ETH-USD"}, {"trade_id": 666832974, "side": "sell", "size": "0.03449641", "price": "3029.41000000", "time": "2025-07-14T14:38:41.615468Z", "fetched_at": "2025-07-14T14:39:31.887164+00:00", "symbol": "ETH-USD"}, {"trade_id": 666832973, "side": "sell", "size": "0.02347769", "price": "3029.41000000", "time": "2025-07-14T14:38:41.535199Z", "fetched_at": "2025-07-14T14:39:31.887164+00:00", "symbol": "ETH-USD"}, {"trade_id": 666832972, "side": "sell", "size": "0.30000000", "price": "3029.30000000", "time": "2025-07-14T14:38:40.983339Z", "fetched_at": "2025-07-14T14:39:31.887164+00:00", "symbol": "ETH-USD"}, {"trade_id": 666832971, "side": "sell", "size": "0.00000553", "price": "3029.04000000", "time": "2025-07-14T14:38:40.983339Z", "fetched_at": "2025-07-14T14:39:31.887164+00:00", "symbol": "ETH-USD"}, {"trade_id": 666832970, "side": "sell", "size": "0.00009781", "price": "3029.04000000", "time": "2025-07-14T14:38:40.931610Z", "fetched_at": "2025-07-14T14:39:31.887164+00:00", "symbol": "ETH-USD"}, {"trade_id": 666832969, "side": "sell", "size": "0.03349219", "price": "3029.04000000", "time": "2025-07-14T14:38:40.931610Z", "fetched_at": "2025-07-14T14:39:31.887164+00:00", "symbol": "ETH-USD"}, {"trade_id": 666832968, "side": "sell", "size": "0.01668331", "price": "3029.04000000", "time": "2025-07-14T14:38:40.771498Z", "fetched_at": "2025-07-14T14:39:31.887164+00:00", "symbol": "ETH-USD"}, {"trade_id": 666832967, "side": "sell", "size": "0.00020669", "price": "3029.04000000", "time": "2025-07-14T14:38:40.771498Z", "fetched_at": "2025-07-14T14:39:31.887164+00:00", "symbol": "ETH-USD"}, {"trade_id": 666832966, "side": "buy", "size": "0.03227882", "price": "3029.35000000", "time": "2025-07-14T14:38:39.201540Z", "fetched_at": "2025-07-14T14:39:31.887164+00:00", "symbol": "ETH-USD"}, {"trade_id": 666832965, "side": "buy", "size": "0.35013171", "price": "3029.09000000", "time": "2025-07-14T14:38:38.940102Z", "fetched_at": "2025-07-14T14:39:31.887164+00:00", "symbol": "ETH-USD"}, {"trade_id": 666832964, "side": "buy", "size": "0.10717815", "price": "3029.10000000", "time": "2025-07-14T14:38:38.940102Z", "fetched_at": "2025-07-14T14:39:31.887164+00:00", "symbol": "ETH-USD"}, {"trade_id": 666832963, "side": "buy", "size": "0.13413378", "price": "3029.38000000", "time": "2025-07-14T14:38:38.940102Z", "fetched_at": "2025-07-14T14:39:31.887164+00:00", "symbol": "ETH-USD"}, {"trade_id": 666832962, "side": "buy", "size": "1.24886000", "price": "3029.40000000", "time": "2025-07-14T14:38:38.940102Z", "fetched_at": "2025-07-14T14:39:31.887164+00:00", "symbol": "ETH-USD"}, {"trade_id": 666832961, "side": "buy", "size": "0.13929000", "price": "3029.40000000", "time": "2025-07-14T14:38:38.940102Z", "fetched_at": "2025-07-14T14:39:31.887164+00:00", "symbol": "ETH-USD"}, {"trade_id": 666832960, "side": "sell", "size": "0.02910722", "price": "3029.41000000", "time": "2025-07-14T14:38:38.842287Z", "fetched_at": "2025-07-14T14:39:31.887164+00:00", "symbol": "ETH-USD"}, {"trade_id": 666832959, "side": "sell", "size": "0.00293969", "price": "3029.39000000", "time": "2025-07-14T14:38:38.842287Z", "fetched_at": "2025-07-14T14:39:31.887164+00:00", "symbol": "ETH-USD"}, {"trade_id": 666832958, "side": "sell", "size": "0.11008766", "price": "3029.02000000", "time": "2025-07-14T14:38:38.775610Z", "fetched_at": "2025-07-14T14:39:31.887164+00:00", "symbol": "ETH-USD"}, {"trade_id": 666832957, "side": "buy", "size": "0.00741901", "price": "3028.93000000", "time": "2025-07-14T14:38:38.707691Z", "fetched_at": "2025-07-14T14:39:31.887164+00:00", "symbol": "ETH-USD"}, {"trade_id": 666832956, "side": "buy", "size": "1.24886000", "price": "3029.01000000", "time": "2025-07-14T14:38:38.707691Z", "fetched_at": "2025-07-14T14:39:31.887164+00:00", "symbol": "ETH-USD"}, {"trade_id": 666832955, "side": "buy", "size": "0.13929000", "price": "3029.01000000", "time": "2025-07-14T14:38:38.707691Z", "fetched_at": "2025-07-14T14:39:31.887164+00:00", "symbol": "ETH-USD"}, {"trade_id": 666832954, "side": "buy", "size": "0.22448590", "price": "3029.26000000", "time": "2025-07-14T14:38:37.713098Z", "fetched_at": "2025-07-14T14:39:31.887164+00:00", "symbol": "ETH-USD"}, {"trade_id": 666832953, "side": "sell", "size": "0.23156899", "price": "3029.35000000", "time": "2025-07-14T14:38:37.703672Z", "fetched_at": "2025-07-14T14:39:31.887164+00:00", "symbol": "ETH-USD"}, {"trade_id": 666832952, "side": "sell", "size": "0.48600000", "price": "3029.19000000", "time": "2025-07-14T14:38:37.703672Z", "fetched_at": "2025-07-14T14:39:31.887164+00:00", "symbol": "ETH-USD"}, {"trade_id": 666832951, "side": "sell", "size": "0.38192788", "price": "3029.10000000", "time": "2025-07-14T14:38:37.703231Z", "fetched_at": "2025-07-14T14:39:31.887164+00:00", "symbol": "ETH-USD"}, {"trade_id": 666832950, "side": "sell", "size": "0.82533175", "price": "3029.09000000", "time": "2025-07-14T14:38:37.703231Z", "fetched_at": "2025-07-14T14:39:31.887164+00:00", "symbol": "ETH-USD"}, {"trade_id": 666832949, "side": "sell", "size": "0.40000000", "price": "3029.06000000", "time": "2025-07-14T14:38:37.703231Z", "fetched_at": "2025-07-14T14:39:31.887164+00:00", "symbol": "ETH-USD"}, {"trade_id": 666832948, "side": "sell", "size": "0.20000000", "price": "3029.06000000", "time": "2025-07-14T14:38:37.703231Z", "fetched_at": "2025-07-14T14:39:31.887164+00:00", "symbol": "ETH-USD"}, {"trade_id": 666832947, "side": "sell", "size": "0.80000000", "price": "3029.06000000", "time": "2025-07-14T14:38:37.703231Z", "fetched_at": "2025-07-14T14:39:31.887164+00:00", "symbol": "ETH-USD"}, {"trade_id": 666832946, "side": "sell", "size": "0.11400000", "price": "3029.06000000", "time": "2025-07-14T14:38:37.703231Z", "fetched_at": "2025-07-14T14:39:31.887164+00:00", "symbol": "ETH-USD"}, {"trade_id": 666832945, "side": "sell", "size": "0.28600000", "price": "3029.06000000", "time": "2025-07-14T14:38:37.703164Z", "fetched_at": "2025-07-14T14:39:31.887164+00:00", "symbol": "ETH-USD"}, {"trade_id": 666832944, "side": "sell", "size": "0.20000000", "price": "3029.06000000", "time": "2025-07-14T14:38:37.703164Z", "fetched_at": "2025-07-14T14:39:31.887164+00:00", "symbol": "ETH-USD"}, {"trade_id": 666832943, "side": "sell", "size": "0.00005589", "price": "3029.03000000", "time": "2025-07-14T14:38:37.702929Z", "fetched_at": "2025-07-14T14:39:31.887164+00:00", "symbol": "ETH-USD"}, {"trade_id": 666832942, "side": "sell", "size": "0.00031000", "price": "3029.03000000", "time": "2025-07-14T14:38:37.702929Z", "fetched_at": "2025-07-14T14:39:31.887164+00:00", "symbol": "ETH-USD"}, {"trade_id": 666832941, "side": "sell", "size": "0.82535480", "price": "3029.01000000", "time": "2025-07-14T14:38:37.702929Z", "fetched_at": "2025-07-14T14:39:31.887164+00:00", "symbol": "ETH-USD"}, {"trade_id": 666832940, "side": "sell", "size": "0.70113564", "price": "3029.00000000", "time": "2025-07-14T14:38:37.702929Z", "fetched_at": "2025-07-14T14:39:31.887164+00:00", "symbol": "ETH-USD"}, {"trade_id": 666832939, "side": "sell", "size": "1.11091484", "price": "3029.00000000", "time": "2025-07-14T14:38:37.702929Z", "fetched_at": "2025-07-14T14:39:31.887164+00:00", "symbol": "ETH-USD"}, {"trade_id": 666832938, "side": "sell", "size": "0.27869528", "price": "3028.88000000", "time": "2025-07-14T14:38:37.702929Z", "fetched_at": "2025-07-14T14:39:31.887164+00:00", "symbol": "ETH-USD"}, {"trade_id": 666832937, "side": "sell", "size": "0.15000000", "price": "3028.87000000", "time": "2025-07-14T14:38:37.702929Z", "fetched_at": "2025-07-14T14:39:31.887164+00:00", "symbol": "ETH-USD"}, {"trade_id": 666832936, "side": "sell", "size": "0.16507966", "price": "3028.85000000", "time": "2025-07-14T14:38:37.702929Z", "fetched_at": "2025-07-14T14:39:31.887164+00:00", "symbol": "ETH-USD"}, {"trade_id": 666832935, "side": "sell", "size": "0.07651483", "price": "3028.84000000", "time": "2025-07-14T14:38:37.702929Z", "fetched_at": "2025-07-14T14:39:31.887164+00:00", "symbol": "ETH-USD"}, {"trade_id": 666832934, "side": "sell", "size": "0.24269000", "price": "3028.83000000", "time": "2025-07-14T14:38:37.702929Z", "fetched_at": "2025-07-14T14:39:31.887164+00:00", "symbol": "ETH-USD"}, {"trade_id": 666832933, "side": "sell", "size": "0.35874007", "price": "3028.82000000", "time": "2025-07-14T14:38:37.702929Z", "fetched_at": "2025-07-14T14:39:31.887164+00:00", "symbol": "ETH-USD"}, {"trade_id": 666832932, "side": "sell", "size": "0.56193253", "price": "3028.49000000", "time": "2025-07-14T14:38:37.702254Z", "fetched_at": "2025-07-14T14:39:31.887164+00:00", "symbol": "ETH-USD"}, {"trade_id": 666832931, "side": "sell", "size": "0.00300631", "price": "3028.31000000", "time": "2025-07-14T14:38:37.702254Z", "fetched_at": "2025-07-14T14:39:31.887164+00:00", "symbol": "ETH-USD"}, {"trade_id": 666832930, "side": "sell", "size": "0.00156415", "price": "3028.31000000", "time": "2025-07-14T14:38:37.659706Z", "fetched_at": "2025-07-14T14:39:31.887164+00:00", "symbol": "ETH-USD"}, {"trade_id": 666832929, "side": "buy", "size": "0.00100000", "price": "3028.41000000", "time": "2025-07-14T14:38:37.516418Z", "fetched_at": "2025-07-14T14:39:31.887164+00:00", "symbol": "ETH-USD"}, {"trade_id": 666832928, "side": "buy", "size": "0.00100000", "price": "3028.64000000", "time": "2025-07-14T14:38:37.500144Z", "fetched_at": "2025-07-14T14:39:31.887164+00:00", "symbol": "ETH-USD"}, {"trade_id": 666832927, "side": "buy", "size": "0.00100000", "price": "3028.87000000", "time": "2025-07-14T14:38:37.475187Z", "fetched_at": "2025-07-14T14:39:31.887164+00:00", "symbol": "ETH-USD"}, {"trade_id": 666832926, "side": "sell", "size": "0.02892488", "price": "3028.88000000", "time": "2025-07-14T14:38:37.324061Z", "fetched_at": "2025-07-14T14:39:31.887164+00:00", "symbol": "ETH-USD"}, {"trade_id": 666832925, "side": "buy", "size": "0.02423955", "price": "3029.02000000", "time": "2025-07-14T14:38:37.210339Z", "fetched_at": "2025-07-14T14:39:31.887164+00:00", "symbol": "ETH-USD"}, {"trade_id": 666832924, "side": "buy", "size": "0.46960539", "price": "3029.02000000", "time": "2025-07-14T14:38:37.207314Z", "fetched_at": "2025-07-14T14:39:31.887164+00:00", "symbol": "ETH-USD"}, {"trade_id": 666832923, "side": "buy", "size": "0.00475058", "price": "3029.10000000", "time": "2025-07-14T14:38:37.170418Z", "fetched_at": "2025-07-14T14:39:31.887164+00:00", "symbol": "ETH-USD"}, {"trade_id": 666832922, "side": "buy", "size": "0.00052160", "price": "3029.10000000", "time": "2025-07-14T14:38:37.170418Z", "fetched_at": "2025-07-14T14:39:31.887164+00:00", "symbol": "ETH-USD"}, {"trade_id": 666832921, "side": "buy", "size": "0.00100000", "price": "3029.10000000", "time": "2025-07-14T14:38:37.170418Z", "fetched_at": "2025-07-14T14:39:31.887164+00:00", "symbol": "ETH-USD"}, {"trade_id": 666832920, "side": "buy", "size": "0.00000990", "price": "3029.33000000", "time": "2025-07-14T14:38:36.921096Z", "fetched_at": "2025-07-14T14:39:31.887164+00:00", "symbol": "ETH-USD"}, {"trade_id": 666832919, "side": "buy", "size": "0.02051608", "price": "3029.33000000", "time": "2025-07-14T14:38:36.921096Z", "fetched_at": "2025-07-14T14:39:31.887164+00:00", "symbol": "ETH-USD"}, {"trade_id": 666832918, "side": "buy", "size": "0.00100000", "price": "3029.33000000", "time": "2025-07-14T14:38:36.921096Z", "fetched_at": "2025-07-14T14:39:31.887164+00:00", "symbol": "ETH-USD"}, {"trade_id": 666832917, "side": "sell", "size": "0.02690604", "price": "3029.55000000", "time": "2025-07-14T14:38:36.522409Z", "fetched_at": "2025-07-14T14:39:31.887164+00:00", "symbol": "ETH-USD"}, {"trade_id": 666832916, "side": "sell", "size": "0.00292615", "price": "3029.34000000", "time": "2025-07-14T14:38:36.522409Z", "fetched_at": "2025-07-14T14:39:31.887164+00:00", "symbol": "ETH-USD"}, {"trade_id": 666832915, "side": "sell", "size": "0.01280710", "price": "3029.40000000", "time": "2025-07-14T14:38:36.344931Z", "fetched_at": "2025-07-14T14:39:31.887164+00:00", "symbol": "ETH-USD"}, {"trade_id": 666832914, "side": "sell", "size": "0.00024002", "price": "3029.34000000", "time": "2025-07-14T14:38:36.344931Z", "fetched_at": "2025-07-14T14:39:31.887164+00:00", "symbol": "ETH-USD"}, {"trade_id": 666832913, "side": "sell", "size": "0.00298913", "price": "3029.34000000", "time": "2025-07-14T14:38:36.344931Z", "fetched_at": "2025-07-14T14:39:31.887164+00:00", "symbol": "ETH-USD"}, {"trade_id": 666832912, "side": "sell", "size": "0.00072347", "price": "3029.38000000", "time": "2025-07-14T14:38:35.676337Z", "fetched_at": "2025-07-14T14:39:31.887164+00:00", "symbol": "ETH-USD"}, {"trade_id": 666832911, "side": "sell", "size": "0.00298913", "price": "3029.34000000", "time": "2025-07-14T14:38:35.676337Z", "fetched_at": "2025-07-14T14:39:31.887164+00:00", "symbol": "ETH-USD"}, {"trade_id": 666832910, "side": "buy", "size": "0.00100000", "price": "3029.56000000", "time": "2025-07-14T14:38:35.415360Z", "fetched_at": "2025-07-14T14:39:31.887164+00:00", "symbol": "ETH-USD"}, {"trade_id": 666832909, "side": "buy", "size": "0.19052805", "price": "3029.79000000", "time": "2025-07-14T14:38:35.295368Z", "fetched_at": "2025-07-14T14:39:31.887164+00:00", "symbol": "ETH-USD"}, {"trade_id": 666832908, "side": "buy", "size": "0.00100000", "price": "3029.79000000", "time": "2025-07-14T14:38:35.295368Z", "fetched_at": "2025-07-14T14:39:31.887164+00:00", "symbol": "ETH-USD"}, {"trade_id": 666832907, "side": "sell", "size": "0.08337338", "price": "3029.80000000", "time": "2025-07-14T14:38:35.029569Z", "fetched_at": "2025-07-14T14:39:31.887164+00:00", "symbol": "ETH-USD"}, {"trade_id": 666832906, "side": "sell", "size": "0.00299711", "price": "3029.80000000", "time": "2025-07-14T14:38:35.029569Z", "fetched_at": "2025-07-14T14:39:31.887164+00:00", "symbol": "ETH-USD"}, {"trade_id": 666832905, "side": "sell", "size": "0.12254000", "price": "3029.80000000", "time": "2025-07-14T14:38:35.029569Z", "fetched_at": "2025-07-14T14:39:31.887164+00:00", "symbol": "ETH-USD"}, {"trade_id": 666832904, "side": "buy", "size": "0.19425614", "price": "3030.02000000", "time": "2025-07-14T14:38:34.984107Z", "fetched_at": "2025-07-14T14:39:31.887164+00:00", "symbol": "ETH-USD"}, {"trade_id": 666832903, "side": "buy", "size": "0.01298671", "price": "3030.02000000", "time": "2025-07-14T14:38:34.984107Z", "fetched_at": "2025-07-14T14:39:31.887164+00:00", "symbol": "ETH-USD"}, {"trade_id": 666832902, "side": "buy", "size": "0.00100000", "price": "3030.02000000", "time": "2025-07-14T14:38:34.984107Z", "fetched_at": "2025-07-14T14:39:31.887164+00:00", "symbol": "ETH-USD"}, {"trade_id": 666832901, "side": "sell", "size": "0.11292868", "price": "3030.03000000", "time": "2025-07-14T14:38:34.622329Z", "fetched_at": "2025-07-14T14:39:31.887164+00:00", "symbol": "ETH-USD"}, {"trade_id": 666832900, "side": "sell", "size": "0.00300058", "price": "3030.03000000", "time": "2025-07-14T14:38:34.622329Z", "fetched_at": "2025-07-14T14:39:31.887164+00:00", "symbol": "ETH-USD"}, {"trade_id": 666832899, "side": "buy", "size": "0.06662599", "price": "3030.05000000", "time": "2025-07-14T14:38:34.092476Z", "fetched_at": "2025-07-14T14:39:31.887164+00:00", "symbol": "ETH-USD"}, {"trade_id": 666832898, "side": "sell", "size": "0.00482075", "price": "3030.77000000", "time": "2025-07-14T14:38:33.078936Z", "fetched_at": "2025-07-14T14:39:31.887164+00:00", "symbol": "ETH-USD"}, {"trade_id": 666832897, "side": "sell", "size": "0.00300194", "price": "3030.76000000", "time": "2025-07-14T14:38:33.078936Z", "fetched_at": "2025-07-14T14:39:31.887164+00:00", "symbol": "ETH-USD"}, {"trade_id": 666832896, "side": "sell", "size": "0.01636671", "price": "3030.84000000", "time": "2025-07-14T14:38:32.701623Z", "fetched_at": "2025-07-14T14:39:31.887164+00:00", "symbol": "ETH-USD"}, {"trade_id": 666832895, "side": "sell", "size": "0.00298239", "price": "3030.83000000", "time": "2025-07-14T14:38:32.701623Z", "fetched_at": "2025-07-14T14:39:31.887164+00:00", "symbol": "ETH-USD"}, {"trade_id": 666832894, "side": "sell", "size": "0.00005589", "price": "3030.75000000", "time": "2025-07-14T14:38:32.701623Z", "fetched_at": "2025-07-14T14:39:31.887164+00:00", "symbol": "ETH-USD"}, {"trade_id": 666832893, "side": "sell", "size": "0.00030999", "price": "3030.75000000", "time": "2025-07-14T14:38:32.701623Z", "fetched_at": "2025-07-14T14:39:31.887164+00:00", "symbol": "ETH-USD"}, {"trade_id": 666832892, "side": "sell", "size": "0.30000000", "price": "3030.71000000", "time": "2025-07-14T14:38:31.990588Z", "fetched_at": "2025-07-14T14:39:31.887164+00:00", "symbol": "ETH-USD"}, {"trade_id": 666832891, "side": "sell", "size": "0.00744855", "price": "3030.46000000", "time": "2025-07-14T14:38:31.969613Z", "fetched_at": "2025-07-14T14:39:31.887164+00:00", "symbol": "ETH-USD"}, {"trade_id": 666832890, "side": "sell", "size": "0.00944145", "price": "3030.40000000", "time": "2025-07-14T14:38:31.969613Z", "fetched_at": "2025-07-14T14:39:31.887164+00:00", "symbol": "ETH-USD"}, {"trade_id": 666832889, "side": "sell", "size": "0.29055855", "price": "3030.40000000", "time": "2025-07-14T14:38:31.966875Z", "fetched_at": "2025-07-14T14:39:31.887164+00:00", "symbol": "ETH-USD"}, {"trade_id": 666832888, "side": "sell", "size": "0.00300542", "price": "3030.39000000", "time": "2025-07-14T14:38:31.966875Z", "fetched_at": "2025-07-14T14:39:31.887164+00:00", "symbol": "ETH-USD"}, {"trade_id": 666832887, "side": "sell", "size": "0.30000000", "price": "3030.30000000", "time": "2025-07-14T14:38:31.966875Z", "fetched_at": "2025-07-14T14:39:31.887164+00:00", "symbol": "ETH-USD"}, {"trade_id": 666832886, "side": "sell", "size": "0.00024002", "price": "3030.26000000", "time": "2025-07-14T14:38:31.966875Z", "fetched_at": "2025-07-14T14:39:31.887164+00:00", "symbol": "ETH-USD"}, {"trade_id": 666832885, "side": "sell", "size": "0.02419244", "price": "3030.26000000", "time": "2025-07-14T14:38:31.966875Z", "fetched_at": "2025-07-14T14:39:31.887164+00:00", "symbol": "ETH-USD"}, {"trade_id": 666832884, "side": "buy", "size": "0.03476688", "price": "3030.11000000", "time": "2025-07-14T14:38:31.786252Z", "fetched_at": "2025-07-14T14:39:31.887164+00:00", "symbol": "ETH-USD"}, {"trade_id": 666832883, "side": "sell", "size": "0.01000000", "price": "3030.26000000", "time": "2025-07-14T14:38:31.271165Z", "fetched_at": "2025-07-14T14:39:31.887164+00:00", "symbol": "ETH-USD"}, {"trade_id": 666832882, "side": "sell", "size": "0.30000000", "price": "3030.20000000", "time": "2025-07-14T14:38:30.482312Z", "fetched_at": "2025-07-14T14:39:31.887164+00:00", "symbol": "ETH-USD"}, {"trade_id": 666832881, "side": "sell", "size": "0.00300475", "price": "3030.03000000", "time": "2025-07-14T14:38:30.482312Z", "fetched_at": "2025-07-14T14:39:31.887164+00:00", "symbol": "ETH-USD"}, {"trade_id": 666832880, "side": "buy", "size": "0.00100000", "price": "3030.25000000", "time": "2025-07-14T14:38:29.698689Z", "fetched_at": "2025-07-14T14:39:31.887164+00:00", "symbol": "ETH-USD"}, {"trade_id": 666832879, "side": "buy", "size": "0.00600894", "price": "3030.48000000", "time": "2025-07-14T14:38:29.658642Z", "fetched_at": "2025-07-14T14:39:31.887164+00:00", "symbol": "ETH-USD"}, {"trade_id": 666832878, "side": "buy", "size": "0.00100000", "price": "3030.48000000", "time": "2025-07-14T14:38:29.658642Z", "fetched_at": "2025-07-14T14:39:31.887164+00:00", "symbol": "ETH-USD"}, {"trade_id": 666832877, "side": "buy", "size": "0.00678426", "price": "3030.54000000", "time": "2025-07-14T14:38:29.404880Z", "fetched_at": "2025-07-14T14:39:31.887164+00:00", "symbol": "ETH-USD"}, {"trade_id": 666832876, "side": "buy", "size": "0.12200716", "price": "3030.54000000", "time": "2025-07-14T14:38:29.404880Z", "fetched_at": "2025-07-14T14:39:31.887164+00:00", "symbol": "ETH-USD"}, {"trade_id": 666832875, "side": "buy", "size": "0.07900000", "price": "3030.54000000", "time": "2025-07-14T14:38:29.254790Z", "fetched_at": "2025-07-14T14:39:31.887164+00:00", "symbol": "ETH-USD"}, {"trade_id": 666832874, "side": "buy", "size": "0.00100000", "price": "3030.71000000", "time": "2025-07-14T14:38:29.254790Z", "fetched_at": "2025-07-14T14:39:31.887164+00:00", "symbol": "ETH-USD"}, {"trade_id": 666832873, "side": "buy", "size": "0.00001319", "price": "3030.94000000", "time": "2025-07-14T14:38:29.130423Z", "fetched_at": "2025-07-14T14:39:31.887164+00:00", "symbol": "ETH-USD"}, {"trade_id": 666832872, "side": "buy", "size": "0.00100000", "price": "3030.94000000", "time": "2025-07-14T14:38:29.130423Z", "fetched_at": "2025-07-14T14:39:31.887164+00:00", "symbol": "ETH-USD"}, {"trade_id": 666832871, "side": "buy", "size": "0.02901930", "price": "3031.12000000", "time": "2025-07-14T14:38:28.349622Z", "fetched_at": "2025-07-14T14:39:31.887164+00:00", "symbol": "ETH-USD"}, {"trade_id": 666832870, "side": "buy", "size": "0.06519946", "price": "3031.16000000", "time": "2025-07-14T14:38:28.349622Z", "fetched_at": "2025-07-14T14:39:31.887164+00:00", "symbol": "ETH-USD"}, {"trade_id": 666832869, "side": "buy", "size": "0.34644414", "price": "3031.30000000", "time": "2025-07-14T14:38:28.348757Z", "fetched_at": "2025-07-14T14:39:31.887164+00:00", "symbol": "ETH-USD"}, {"trade_id": 666832868, "side": "buy", "size": "0.47641094", "price": "3031.34000000", "time": "2025-07-14T14:38:28.334206Z", "fetched_at": "2025-07-14T14:39:31.887164+00:00", "symbol": "ETH-USD"}, {"trade_id": 666832867, "side": "buy", "size": "0.00100000", "price": "3031.40000000", "time": "2025-07-14T14:38:28.334206Z", "fetched_at": "2025-07-14T14:39:31.887164+00:00", "symbol": "ETH-USD"}, {"trade_id": 666832866, "side": "buy", "size": "1.30000000", "price": "3031.45000000", "time": "2025-07-14T14:38:28.334206Z", "fetched_at": "2025-07-14T14:39:31.887164+00:00", "symbol": "ETH-USD"}, {"trade_id": 666832865, "side": "buy", "size": "0.01589772", "price": "3031.88000000", "time": "2025-07-14T14:38:28.329842Z", "fetched_at": "2025-07-14T14:39:31.887164+00:00", "symbol": "ETH-USD"}, {"trade_id": 666832864, "side": "buy", "size": "0.07832104", "price": "3031.88000000", "time": "2025-07-14T14:38:28.329842Z", "fetched_at": "2025-07-14T14:39:31.887164+00:00", "symbol": "ETH-USD"}, {"trade_id": 666832863, "side": "buy", "size": "0.03081159", "price": "3032.30000000", "time": "2025-07-14T14:38:28.317452Z", "fetched_at": "2025-07-14T14:39:31.887164+00:00", "symbol": "ETH-USD"}, {"trade_id": 666832862, "side": "buy", "size": "0.00001978", "price": "3032.30000000", "time": "2025-07-14T14:38:28.317452Z", "fetched_at": "2025-07-14T14:39:31.887164+00:00", "symbol": "ETH-USD"}, {"trade_id": 666832861, "side": "sell", "size": "0.00266401", "price": "3032.41000000", "time": "2025-07-14T14:38:27.242290Z", "fetched_at": "2025-07-14T14:39:31.887164+00:00", "symbol": "ETH-USD"}, {"trade_id": 666832860, "side": "sell", "size": "0.00298634", "price": "3032.40000000", "time": "2025-07-14T14:38:27.242290Z", "fetched_at": "2025-07-14T14:39:31.887164+00:00", "symbol": "ETH-USD"}, {"trade_id": 666832859, "side": "sell", "size": "0.00100000", "price": "3032.32000000", "time": "2025-07-14T14:38:27.242290Z", "fetched_at": "2025-07-14T14:39:31.887164+00:00", "symbol": "ETH-USD"}, {"trade_id": 666832858, "side": "sell", "size": "0.00005588", "price": "3032.09000000", "time": "2025-07-14T14:38:27.242290Z", "fetched_at": "2025-07-14T14:39:31.887164+00:00", "symbol": "ETH-USD"}, {"trade_id": 666832857, "side": "sell", "size": "0.00031000", "price": "3032.09000000", "time": "2025-07-14T14:38:27.242290Z", "fetched_at": "2025-07-14T14:39:31.887164+00:00", "symbol": "ETH-USD"}, {"trade_id": 666832856, "side": "sell", "size": "0.00100000", "price": "3032.09000000", "time": "2025-07-14T14:38:27.242290Z", "fetched_at": "2025-07-14T14:39:31.887164+00:00", "symbol": "ETH-USD"}, {"trade_id": 666832855, "side": "sell", "size": "0.01397815", "price": "3031.97000000", "time": "2025-07-14T14:38:26.996221Z", "fetched_at": "2025-07-14T14:39:31.887164+00:00", "symbol": "ETH-USD"}, {"trade_id": 666832854, "side": "sell", "size": "0.02776416", "price": "3032.00000000", "time": "2025-07-14T14:38:26.354584Z", "fetched_at": "2025-07-14T14:39:31.887164+00:00", "symbol": "ETH-USD"}, {"trade_id": 666832853, "side": "sell", "size": "0.00298649", "price": "3031.99000000", "time": "2025-07-14T14:38:26.354584Z", "fetched_at": "2025-07-14T14:39:31.887164+00:00", "symbol": "ETH-USD"}, {"trade_id": 666832852, "side": "sell", "size": "0.00024002", "price": "3031.86000000", "time": "2025-07-14T14:38:26.354584Z", "fetched_at": "2025-07-14T14:39:31.887164+00:00", "symbol": "ETH-USD"}, {"trade_id": 666832851, "side": "sell", "size": "0.00100000", "price": "3031.86000000", "time": "2025-07-14T14:38:26.354584Z", "fetched_at": "2025-07-14T14:39:31.887164+00:00", "symbol": "ETH-USD"}, {"trade_id": 666832850, "side": "buy", "size": "0.06641521", "price": "3031.42000000", "time": "2025-07-14T14:38:25.804688Z", "fetched_at": "2025-07-14T14:39:31.887164+00:00", "symbol": "ETH-USD"}, {"trade_id": 666832849, "side": "buy", "size": "0.10000000", "price": "3031.43000000", "time": "2025-07-14T14:38:25.804688Z", "fetched_at": "2025-07-14T14:39:31.887164+00:00", "symbol": "ETH-USD"}, {"trade_id": 666832848, "side": "buy", "size": "0.13274698", "price": "3031.44000000", "time": "2025-07-14T14:38:25.804688Z", "fetched_at": "2025-07-14T14:39:31.887164+00:00", "symbol": "ETH-USD"}, {"trade_id": 666832847, "side": "buy", "size": "0.22818794", "price": "3031.58000000", "time": "2025-07-14T14:38:25.804688Z", "fetched_at": "2025-07-14T14:39:31.887164+00:00", "symbol": "ETH-USD"}, {"trade_id": 666832846, "side": "buy", "size": "0.13929000", "price": "3031.85000000", "time": "2025-07-14T14:38:25.804688Z", "fetched_at": "2025-07-14T14:39:31.887164+00:00", "symbol": "ETH-USD"}, {"trade_id": 666832845, "side": "sell", "size": "0.30000000", "price": "3031.80000000", "time": "2025-07-14T14:38:25.760929Z", "fetched_at": "2025-07-14T14:39:31.887164+00:00", "symbol": "ETH-USD"}, {"trade_id": 666832844, "side": "sell", "size": "0.02096723", "price": "3031.62000000", "time": "2025-07-14T14:38:25.760929Z", "fetched_at": "2025-07-14T14:39:31.887164+00:00", "symbol": "ETH-USD"}, {"trade_id": 666832843, "side": "buy", "size": "0.00087000", "price": "3031.28000000", "time": "2025-07-14T14:38:25.117544Z", "fetched_at": "2025-07-14T14:39:31.887164+00:00", "symbol": "ETH-USD"}, {"trade_id": 666832842, "side": "buy", "size": "3.10000000", "price": "3031.51000000", "time": "2025-07-14T14:38:24.928148Z", "fetched_at": "2025-07-14T14:39:31.887164+00:00", "symbol": "ETH-USD"}, {"trade_id": 666832841, "side": "buy", "size": "0.04152414", "price": "3031.73000000", "time": "2025-07-14T14:38:24.454222Z", "fetched_at": "2025-07-14T14:39:31.887164+00:00", "symbol": "ETH-USD"}, {"trade_id": 666832840, "side": "buy", "size": "0.60000000", "price": "3031.73000000", "time": "2025-07-14T14:38:24.454222Z", "fetched_at": "2025-07-14T14:39:31.887164+00:00", "symbol": "ETH-USD"}, {"trade_id": 666832839, "side": "sell", "size": "0.00010334", "price": "3031.63000000", "time": "2025-07-14T14:38:24.158170Z", "fetched_at": "2025-07-14T14:39:31.887164+00:00", "symbol": "ETH-USD"}, {"trade_id": 666832838, "side": "sell", "size": "3.00000000", "price": "3031.63000000", "time": "2025-07-14T14:38:24.158170Z", "fetched_at": "2025-07-14T14:39:31.887164+00:00", "symbol": "ETH-USD"}, {"trade_id": 666832837, "side": "sell", "size": "0.00100000", "price": "3031.63000000", "time": "2025-07-14T14:38:24.158170Z", "fetched_at": "2025-07-14T14:39:31.887164+00:00", "symbol": "ETH-USD"}, {"trade_id": 666832836, "side": "buy", "size": "0.02428573", "price": "3031.62000000", "time": "2025-07-14T14:38:24.091307Z", "fetched_at": "2025-07-14T14:39:31.887164+00:00", "symbol": "ETH-USD"}, {"trade_id": 666832835, "side": "buy", "size": "0.13929000", "price": "3031.62000000", "time": "2025-07-14T14:38:24.091307Z", "fetched_at": "2025-07-14T14:39:31.887164+00:00", "symbol": "ETH-USD"}, {"trade_id": 666832834, "side": "sell", "size": "0.10013684", "price": "3031.50000000", "time": "2025-07-14T14:38:23.785095Z", "fetched_at": "2025-07-14T14:39:31.887164+00:00", "symbol": "ETH-USD"}, {"trade_id": 666832833, "side": "sell", "size": "0.19999818", "price": "3031.48000000", "time": "2025-07-14T14:38:23.785095Z", "fetched_at": "2025-07-14T14:39:31.887164+00:00", "symbol": "ETH-USD"}, {"trade_id": 666832832, "side": "sell", "size": "0.00100000", "price": "3031.40000000", "time": "2025-07-14T14:38:23.785095Z", "fetched_at": "2025-07-14T14:39:31.887164+00:00", "symbol": "ETH-USD"}, {"trade_id": 666832831, "side": "sell", "size": "0.00290170", "price": "3031.17000000", "time": "2025-07-14T14:38:23.644047Z", "fetched_at": "2025-07-14T14:39:31.887164+00:00", "symbol": "ETH-USD"}, {"trade_id": 666832830, "side": "sell", "size": "0.00100000", "price": "3031.17000000", "time": "2025-07-14T14:38:23.644047Z", "fetched_at": "2025-07-14T14:39:31.887164+00:00", "symbol": "ETH-USD"}, {"trade_id": 666832829, "side": "sell", "size": "0.23466000", "price": "3031.10000000", "time": "2025-07-14T14:38:23.362312Z", "fetched_at": "2025-07-14T14:39:31.887164+00:00", "symbol": "ETH-USD"}, {"trade_id": 666832828, "side": "sell", "size": "0.19998317", "price": "3031.07000000", "time": "2025-07-14T14:38:23.362294Z", "fetched_at": "2025-07-14T14:39:31.887164+00:00", "symbol": "ETH-USD"}, {"trade_id": 666832827, "side": "sell", "size": "0.06580340", "price": "3031.02000000", "time": "2025-07-14T14:38:23.362294Z", "fetched_at": "2025-07-14T14:39:31.887164+00:00", "symbol": "ETH-USD"}, {"trade_id": 666832826, "side": "sell", "size": "0.02166653", "price": "3031.02000000", "time": "2025-07-14T14:38:23.362294Z", "fetched_at": "2025-07-14T14:39:31.887164+00:00", "symbol": "ETH-USD"}, {"trade_id": 666832825, "side": "buy", "size": "0.00989795", "price": "3031.01000000", "time": "2025-07-14T14:38:22.926946Z", "fetched_at": "2025-07-14T14:39:31.887164+00:00", "symbol": "ETH-USD"}, {"trade_id": 666832824, "side": "sell", "size": "0.02450479", "price": "3031.02000000", "time": "2025-07-14T14:38:22.893667Z", "fetched_at": "2025-07-14T14:39:31.887164+00:00", "symbol": "ETH-USD"}, {"trade_id": 666832823, "side": "sell", "size": "0.06534610", "price": "3031.00000000", "time": "2025-07-14T14:38:22.514529Z", "fetched_at": "2025-07-14T14:39:31.887164+00:00", "symbol": "ETH-USD"}, {"trade_id": 666832822, "side": "sell", "size": "0.00074798", "price": "3030.94000000", "time": "2025-07-14T14:38:22.477429Z", "fetched_at": "2025-07-14T14:39:31.887164+00:00", "symbol": "ETH-USD"}, {"trade_id": 666832821, "side": "sell", "size": "0.00005589", "price": "3030.94000000", "time": "2025-07-14T14:38:22.477429Z", "fetched_at": "2025-07-14T14:39:31.887164+00:00", "symbol": "ETH-USD"}, {"trade_id": 666832820, "side": "sell", "size": "0.00031004", "price": "3030.94000000", "time": "2025-07-14T14:38:22.477429Z", "fetched_at": "2025-07-14T14:39:31.887164+00:00", "symbol": "ETH-USD"}, {"trade_id": 666832819, "side": "sell", "size": "0.00100000", "price": "3030.94000000", "time": "2025-07-14T14:38:22.477429Z", "fetched_at": "2025-07-14T14:39:31.887164+00:00", "symbol": "ETH-USD"}, {"trade_id": 666832818, "side": "sell", "size": "0.51707338", "price": "3030.71000000", "time": "2025-07-14T14:38:21.598977Z", "fetched_at": "2025-07-14T14:39:31.887164+00:00", "symbol": "ETH-USD"}, {"trade_id": 666832817, "side": "sell", "size": "0.00015863", "price": "3030.71000000", "time": "2025-07-14T14:38:21.598977Z", "fetched_at": "2025-07-14T14:39:31.887164+00:00", "symbol": "ETH-USD"}, {"trade_id": 666832816, "side": "sell", "size": "0.02476219", "price": "3030.71000000", "time": "2025-07-14T14:38:21.598977Z", "fetched_at": "2025-07-14T14:39:31.887164+00:00", "symbol": "ETH-USD"}, {"trade_id": 666832815, "side": "sell", "size": "0.00100000", "price": "3030.71000000", "time": "2025-07-14T14:38:21.598977Z", "fetched_at": "2025-07-14T14:39:31.887164+00:00", "symbol": "ETH-USD"}, {"trade_id": 666832814, "side": "sell", "size": "0.53286188", "price": "3030.60000000", "time": "2025-07-14T14:38:21.454117Z", "fetched_at": "2025-07-14T14:39:31.887164+00:00", "symbol": "ETH-USD"}, {"trade_id": 666832813, "side": "sell", "size": "0.82492095", "price": "3030.60000000", "time": "2025-07-14T14:38:21.454117Z", "fetched_at": "2025-07-14T14:39:31.887164+00:00", "symbol": "ETH-USD"}, {"trade_id": 666832812, "side": "sell", "size": "0.15000000", "price": "3030.56000000", "time": "2025-07-14T14:38:21.454117Z", "fetched_at": "2025-07-14T14:39:31.887164+00:00", "symbol": "ETH-USD"}, {"trade_id": 666832811, "side": "sell", "size": "0.00299964", "price": "3030.55000000", "time": "2025-07-14T14:38:21.454117Z", "fetched_at": "2025-07-14T14:39:31.887164+00:00", "symbol": "ETH-USD"}, {"trade_id": 666832810, "side": "sell", "size": "0.00035328", "price": "3030.48000000", "time": "2025-07-14T14:38:21.454117Z", "fetched_at": "2025-07-14T14:39:31.887164+00:00", "symbol": "ETH-USD"}, {"trade_id": 666832809, "side": "sell", "size": "0.00100000", "price": "3030.48000000", "time": "2025-07-14T14:38:21.454117Z", "fetched_at": "2025-07-14T14:39:31.887164+00:00", "symbol": "ETH-USD"}, {"trade_id": 666832808, "side": "buy", "size": "0.10991160", "price": "3029.79000000", "time": "2025-07-14T14:38:20.467724Z", "fetched_at": "2025-07-14T14:39:31.887164+00:00", "symbol": "ETH-USD"}, {"trade_id": 666832807, "side": "buy", "size": "0.15000000", "price": "3029.80000000", "time": "2025-07-14T14:38:20.467724Z", "fetched_at": "2025-07-14T14:39:31.887164+00:00", "symbol": "ETH-USD"}, {"trade_id": 666832806, "side": "buy", "size": "0.23508095", "price": "3030.02000000", "time": "2025-07-14T14:38:20.467724Z", "fetched_at": "2025-07-14T14:39:31.887164+00:00", "symbol": "ETH-USD"}, {"trade_id": 666832805, "side": "buy", "size": "0.00100000", "price": "3030.02000000", "time": "2025-07-14T14:38:20.467724Z", "fetched_at": "2025-07-14T14:39:31.887164+00:00", "symbol": "ETH-USD"}, {"trade_id": 666832804, "side": "buy", "size": "1.60000000", "price": "3030.11000000", "time": "2025-07-14T14:38:20.257391Z", "fetched_at": "2025-07-14T14:39:31.887164+00:00", "symbol": "ETH-USD"}, {"trade_id": 666832803, "side": "buy", "size": "1.50000000", "price": "3030.11000000", "time": "2025-07-14T14:38:20.257391Z", "fetched_at": "2025-07-14T14:39:31.887164+00:00", "symbol": "ETH-USD"}, {"trade_id": 666832802, "side": "buy", "size": "0.00851037", "price": "3030.24000000", "time": "2025-07-14T14:38:20.257391Z", "fetched_at": "2025-07-14T14:39:31.887164+00:00", "symbol": "ETH-USD"}, {"trade_id": 666832801, "side": "buy", "size": "0.01689000", "price": "3030.24000000", "time": "2025-07-14T14:38:20.247034Z", "fetched_at": "2025-07-14T14:39:31.887164+00:00", "symbol": "ETH-USD"}, {"trade_id": 666832800, "side": "buy", "size": "0.01689000", "price": "3030.24000000", "time": "2025-07-14T14:38:20.246983Z", "fetched_at": "2025-07-14T14:39:31.887164+00:00", "symbol": "ETH-USD"}, {"trade_id": 666832799, "side": "sell", "size": "0.00664449", "price": "3030.68000000", "time": "2025-07-14T14:38:19.776940Z", "fetched_at": "2025-07-14T14:39:31.887164+00:00", "symbol": "ETH-USD"}, {"trade_id": 666832798, "side": "sell", "size": "0.00297868", "price": "3030.67000000", "time": "2025-07-14T14:38:19.776940Z", "fetched_at": "2025-07-14T14:39:31.887164+00:00", "symbol": "ETH-USD"}, {"trade_id": 666832797, "side": "buy", "size": "0.54780127", "price": "3030.44000000", "time": "2025-07-14T14:38:19.499364Z", "fetched_at": "2025-07-14T14:39:31.887164+00:00", "symbol": "ETH-USD"}, {"trade_id": 666832796, "side": "buy", "size": "0.02247836", "price": "3030.47000000", "time": "2025-07-14T14:38:19.474290Z", "fetched_at": "2025-07-14T14:39:31.887164+00:00", "symbol": "ETH-USD"}, {"trade_id": 666832795, "side": "sell", "size": "0.00100000", "price": "3030.48000000", "time": "2025-07-14T14:38:18.346400Z", "fetched_at": "2025-07-14T14:39:31.887164+00:00", "symbol": "ETH-USD"}, {"trade_id": 666832794, "side": "sell", "size": "0.00100000", "price": "3030.25000000", "time": "2025-07-14T14:38:18.181272Z", "fetched_at": "2025-07-14T14:39:31.887164+00:00", "symbol": "ETH-USD"}, {"trade_id": 666832793, "side": "sell", "size": "0.00028507", "price": "3030.02000000", "time": "2025-07-14T14:38:17.822088Z", "fetched_at": "2025-07-14T14:39:31.887164+00:00", "symbol": "ETH-USD"}, {"trade_id": 666832792, "side": "sell", "size": "0.00100000", "price": "3030.02000000", "time": "2025-07-14T14:38:17.822088Z", "fetched_at": "2025-07-14T14:39:31.887164+00:00", "symbol": "ETH-USD"}, {"trade_id": 666832791, "side": "sell", "size": "0.19999637", "price": "3030.02000000", "time": "2025-07-14T14:38:17.822088Z", "fetched_at": "2025-07-14T14:39:31.887164+00:00", "symbol": "ETH-USD"}, {"trade_id": 666832790, "side": "sell", "size": "0.00005588", "price": "3029.96000000", "time": "2025-07-14T14:38:17.822088Z", "fetched_at": "2025-07-14T14:39:31.887164+00:00", "symbol": "ETH-USD"}, {"trade_id": 666832789, "side": "sell", "size": "0.00030999", "price": "3029.96000000", "time": "2025-07-14T14:38:17.822088Z", "fetched_at": "2025-07-14T14:39:31.887164+00:00", "symbol": "ETH-USD"}, {"trade_id": 666832788, "side": "sell", "size": "0.03563805", "price": "3029.96000000", "time": "2025-07-14T14:38:17.822088Z", "fetched_at": "2025-07-14T14:39:31.887164+00:00", "symbol": "ETH-USD"}, {"trade_id": 666832787, "side": "sell", "size": "0.06305016", "price": "3029.92000000", "time": "2025-07-14T14:38:16.978134Z", "fetched_at": "2025-07-14T14:39:31.887164+00:00", "symbol": "ETH-USD"}, {"trade_id": 666832786, "side": "sell", "size": "0.49658837", "price": "3029.92000000", "time": "2025-07-14T14:38:16.978134Z", "fetched_at": "2025-07-14T14:39:31.887164+00:00", "symbol": "ETH-USD"}, {"trade_id": 666832785, "side": "buy", "size": "0.05420713", "price": "3029.91000000", "time": "2025-07-14T14:38:16.911712Z", "fetched_at": "2025-07-14T14:39:31.887164+00:00", "symbol": "ETH-USD"}, {"trade_id": 666832784, "side": "buy", "size": "0.08810659", "price": "3029.91000000", "time": "2025-07-14T14:38:16.546887Z", "fetched_at": "2025-07-14T14:39:31.887164+00:00", "symbol": "ETH-USD"}, {"trade_id": 666832783, "side": "buy", "size": "0.13929000", "price": "3029.91000000", "time": "2025-07-14T14:38:16.546887Z", "fetched_at": "2025-07-14T14:39:31.887164+00:00", "symbol": "ETH-USD"}, {"trade_id": 666832782, "side": "sell", "size": "3.00000000", "price": "3029.82000000", "time": "2025-07-14T14:38:16.508424Z", "fetched_at": "2025-07-14T14:39:31.887164+00:00", "symbol": "ETH-USD"}, {"trade_id": 666832781, "side": "sell", "size": "0.00257823", "price": "3029.76000000", "time": "2025-07-14T14:38:16.508424Z", "fetched_at": "2025-07-14T14:39:31.887164+00:00", "symbol": "ETH-USD"}, {"trade_id": 666832780, "side": "buy", "size": "0.06602708", "price": "3029.24000000", "time": "2025-07-14T14:38:15.987174Z", "fetched_at": "2025-07-14T14:39:31.887164+00:00", "symbol": "ETH-USD"}, {"trade_id": 666832779, "side": "sell", "size": "0.01634279", "price": "3029.60000000", "time": "2025-07-14T14:38:15.278916Z", "fetched_at": "2025-07-14T14:39:31.887164+00:00", "symbol": "ETH-USD"}, {"trade_id": 666832778, "side": "buy", "size": "0.08580876", "price": "3029.08000000", "time": "2025-07-14T14:38:15.172909Z", "fetched_at": "2025-07-14T14:39:31.887164+00:00", "symbol": "ETH-USD"}, {"trade_id": 666832777, "side": "buy", "size": "0.00100000", "price": "3029.10000000", "time": "2025-07-14T14:38:15.172909Z", "fetched_at": "2025-07-14T14:39:31.887164+00:00", "symbol": "ETH-USD"}