[{"trade_id": 666966721, "side": "sell", "size": "0.00307751", "price": "2994.96000000", "time": "2025-07-14T19:10:48.616219Z", "fetched_at": "2025-07-14T19:10:50.244347+00:00", "symbol": "ETH-USD"}, {"trade_id": 666966720, "side": "sell", "size": "0.00238589", "price": "2994.95000000", "time": "2025-07-14T19:10:48.616219Z", "fetched_at": "2025-07-14T19:10:50.244347+00:00", "symbol": "ETH-USD"}, {"trade_id": 666966719, "side": "buy", "size": "0.01735324", "price": "2994.49000000", "time": "2025-07-14T19:10:48.383208Z", "fetched_at": "2025-07-14T19:10:50.244347+00:00", "symbol": "ETH-USD"}, {"trade_id": 666966718, "side": "buy", "size": "0.00117193", "price": "2994.50000000", "time": "2025-07-14T19:10:48.383208Z", "fetched_at": "2025-07-14T19:10:50.244347+00:00", "symbol": "ETH-USD"}, {"trade_id": 666966717, "side": "sell", "size": "0.01287487", "price": "2994.90000000", "time": "2025-07-14T19:10:48.269317Z", "fetched_at": "2025-07-14T19:10:50.244347+00:00", "symbol": "ETH-USD"}, {"trade_id": 666966716, "side": "sell", "size": "0.00100000", "price": "2994.86000000", "time": "2025-07-14T19:10:48.269317Z", "fetched_at": "2025-07-14T19:10:50.244347+00:00", "symbol": "ETH-USD"}, {"trade_id": 666966715, "side": "sell", "size": "0.00234115", "price": "2994.85000000", "time": "2025-07-14T19:10:48.269317Z", "fetched_at": "2025-07-14T19:10:50.244347+00:00", "symbol": "ETH-USD"}, {"trade_id": 666966714, "side": "sell", "size": "0.00002985", "price": "2994.70000000", "time": "2025-07-14T19:10:47.541972Z", "fetched_at": "2025-07-14T19:10:50.244347+00:00", "symbol": "ETH-USD"}, {"trade_id": 666966713, "side": "sell", "size": "0.03540230", "price": "2994.70000000", "time": "2025-07-14T19:10:47.121694Z", "fetched_at": "2025-07-14T19:10:50.244347+00:00", "symbol": "ETH-USD"}, {"trade_id": 666966712, "side": "sell", "size": "0.00206930", "price": "2994.70000000", "time": "2025-07-14T19:10:46.476197Z", "fetched_at": "2025-07-14T19:10:50.244347+00:00", "symbol": "ETH-USD"}, {"trade_id": 666966711, "side": "sell", "size": "0.00010334", "price": "2994.70000000", "time": "2025-07-14T19:10:46.476197Z", "fetched_at": "2025-07-14T19:10:50.244347+00:00", "symbol": "ETH-USD"}, {"trade_id": 666966710, "side": "sell", "size": "0.00013970", "price": "2994.70000000", "time": "2025-07-14T19:10:46.476197Z", "fetched_at": "2025-07-14T19:10:50.244347+00:00", "symbol": "ETH-USD"}, {"trade_id": 666966709, "side": "sell", "size": "0.00279164", "price": "2994.61000000", "time": "2025-07-14T19:10:45.191577Z", "fetched_at": "2025-07-14T19:10:50.244347+00:00", "symbol": "ETH-USD"}, {"trade_id": 666966708, "side": "sell", "size": "0.00048004", "price": "2994.31000000", "time": "2025-07-14T19:10:45.166295Z", "fetched_at": "2025-07-14T19:10:50.244347+00:00", "symbol": "ETH-USD"}, {"trade_id": 666966707, "side": "sell", "size": "0.00010334", "price": "2994.31000000", "time": "2025-07-14T19:10:45.166295Z", "fetched_at": "2025-07-14T19:10:50.244347+00:00", "symbol": "ETH-USD"}, {"trade_id": 666966706, "side": "buy", "size": "0.00215849", "price": "2994.30000000", "time": "2025-07-14T19:10:44.322955Z", "fetched_at": "2025-07-14T19:10:50.244347+00:00", "symbol": "ETH-USD"}, {"trade_id": 666966705, "side": "buy", "size": "0.17158788", "price": "2993.67000000", "time": "2025-07-14T19:10:43.434064Z", "fetched_at": "2025-07-14T19:10:50.244347+00:00", "symbol": "ETH-USD"}, {"trade_id": 666966704, "side": "buy", "size": "0.00100000", "price": "2993.76000000", "time": "2025-07-14T19:10:43.434064Z", "fetched_at": "2025-07-14T19:10:50.244347+00:00", "symbol": "ETH-USD"}, {"trade_id": 666966703, "side": "buy", "size": "0.00100000", "price": "2993.98000000", "time": "2025-07-14T19:10:43.434064Z", "fetched_at": "2025-07-14T19:10:50.244347+00:00", "symbol": "ETH-USD"}, {"trade_id": 666966702, "side": "buy", "size": "0.00001669", "price": "2994.04000000", "time": "2025-07-14T19:10:43.434064Z", "fetched_at": "2025-07-14T19:10:50.244347+00:00", "symbol": "ETH-USD"}, {"trade_id": 666966701, "side": "buy", "size": "0.00003005", "price": "2994.04000000", "time": "2025-07-14T19:10:43.434064Z", "fetched_at": "2025-07-14T19:10:50.244347+00:00", "symbol": "ETH-USD"}, {"trade_id": 666966700, "side": "buy", "size": "0.00108608", "price": "2994.07000000", "time": "2025-07-14T19:10:43.434064Z", "fetched_at": "2025-07-14T19:10:50.244347+00:00", "symbol": "ETH-USD"}, {"trade_id": 666966699, "side": "buy", "size": "1.07341775", "price": "2994.02000000", "time": "2025-07-14T19:10:43.203473Z", "fetched_at": "2025-07-14T19:10:50.244347+00:00", "symbol": "ETH-USD"}, {"trade_id": 666966698, "side": "buy", "size": "0.00001669", "price": "2994.04000000", "time": "2025-07-14T19:10:43.203473Z", "fetched_at": "2025-07-14T19:10:50.244347+00:00", "symbol": "ETH-USD"}, {"trade_id": 666966697, "side": "buy", "size": "0.70000000", "price": "2994.06000000", "time": "2025-07-14T19:10:43.203473Z", "fetched_at": "2025-07-14T19:10:50.244347+00:00", "symbol": "ETH-USD"}, {"trade_id": 666966696, "side": "buy", "size": "0.22658225", "price": "2994.07000000", "time": "2025-07-14T19:10:43.203473Z", "fetched_at": "2025-07-14T19:10:50.244347+00:00", "symbol": "ETH-USD"}, {"trade_id": 666966695, "side": "buy", "size": "0.13034098", "price": "2994.30000000", "time": "2025-07-14T19:10:43.187046Z", "fetched_at": "2025-07-14T19:10:50.244347+00:00", "symbol": "ETH-USD"}, {"trade_id": 666966694, "side": "buy", "size": "0.02146993", "price": "2994.42000000", "time": "2025-07-14T19:10:42.422305Z", "fetched_at": "2025-07-14T19:10:50.244347+00:00", "symbol": "ETH-USD"}, {"trade_id": 666966693, "side": "sell", "size": "0.39690980", "price": "2994.42000000", "time": "2025-07-14T19:10:42.064668Z", "fetched_at": "2025-07-14T19:10:50.244347+00:00", "symbol": "ETH-USD"}, {"trade_id": 666966692, "side": "sell", "size": "0.00230335", "price": "2994.65000000", "time": "2025-07-14T19:10:41.882700Z", "fetched_at": "2025-07-14T19:10:50.244347+00:00", "symbol": "ETH-USD"}, {"trade_id": 666966691, "side": "sell", "size": "0.00100000", "price": "2994.64000000", "time": "2025-07-14T19:10:41.882700Z", "fetched_at": "2025-07-14T19:10:50.244347+00:00", "symbol": "ETH-USD"}, {"trade_id": 666966690, "side": "sell", "size": "0.59545107", "price": "2994.18000000", "time": "2025-07-14T19:10:41.746928Z", "fetched_at": "2025-07-14T19:10:50.244347+00:00", "symbol": "ETH-USD"}, {"trade_id": 666966689, "side": "sell", "size": "0.00036091", "price": "2994.17000000", "time": "2025-07-14T19:10:41.746928Z", "fetched_at": "2025-07-14T19:10:50.244347+00:00", "symbol": "ETH-USD"}, {"trade_id": 666966688, "side": "sell", "size": "0.00032416", "price": "2994.17000000", "time": "2025-07-14T19:10:41.746928Z", "fetched_at": "2025-07-14T19:10:50.244347+00:00", "symbol": "ETH-USD"}, {"trade_id": 666966687, "side": "sell", "size": "0.00454893", "price": "2994.18000000", "time": "2025-07-14T19:10:41.391473Z", "fetched_at": "2025-07-14T19:10:50.244347+00:00", "symbol": "ETH-USD"}, {"trade_id": 666966686, "side": "sell", "size": "0.00304749", "price": "2994.17000000", "time": "2025-07-14T19:10:41.391473Z", "fetched_at": "2025-07-14T19:10:50.244347+00:00", "symbol": "ETH-USD"}, {"trade_id": 666966685, "side": "sell", "size": "0.00051000", "price": "2994.06000000", "time": "2025-07-14T19:10:41.391473Z", "fetched_at": "2025-07-14T19:10:50.244347+00:00", "symbol": "ETH-USD"}, {"trade_id": 666966684, "side": "sell", "size": "0.16211639", "price": "2994.05000000", "time": "2025-07-14T19:10:40.600962Z", "fetched_at": "2025-07-14T19:10:50.244347+00:00", "symbol": "ETH-USD"}, {"trade_id": 666966683, "side": "buy", "size": "0.00782891", "price": "2994.03000000", "time": "2025-07-14T19:10:40.017885Z", "fetched_at": "2025-07-14T19:10:50.244347+00:00", "symbol": "ETH-USD"}, {"trade_id": 666966682, "side": "buy", "size": "0.00100000", "price": "2993.98000000", "time": "2025-07-14T19:10:40.007861Z", "fetched_at": "2025-07-14T19:10:50.244347+00:00", "symbol": "ETH-USD"}, {"trade_id": 666966681, "side": "buy", "size": "0.00104714", "price": "2994.26000000", "time": "2025-07-14T19:10:40.001350Z", "fetched_at": "2025-07-14T19:10:50.244347+00:00", "symbol": "ETH-USD"}, {"trade_id": 666966680, "side": "buy", "size": "0.00100000", "price": "2994.20000000", "time": "2025-07-14T19:10:39.959605Z", "fetched_at": "2025-07-14T19:10:50.244347+00:00", "symbol": "ETH-USD"}, {"trade_id": 666966679, "side": "buy", "size": "0.00333963", "price": "2994.35000000", "time": "2025-07-14T19:10:39.911030Z", "fetched_at": "2025-07-14T19:10:50.244347+00:00", "symbol": "ETH-USD"}, {"trade_id": 666966678, "side": "buy", "size": "0.00100000", "price": "2994.42000000", "time": "2025-07-14T19:10:39.879025Z", "fetched_at": "2025-07-14T19:10:50.244347+00:00", "symbol": "ETH-USD"}, {"trade_id": 666966677, "side": "buy", "size": "1.00000000", "price": "2994.50000000", "time": "2025-07-14T19:10:39.796083Z", "fetched_at": "2025-07-14T19:10:50.244347+00:00", "symbol": "ETH-USD"}, {"trade_id": 666966676, "side": "buy", "size": "0.00622806", "price": "2994.51000000", "time": "2025-07-14T19:10:39.796083Z", "fetched_at": "2025-07-14T19:10:50.244347+00:00", "symbol": "ETH-USD"}, {"trade_id": 666966675, "side": "buy", "size": "0.00104705", "price": "2994.52000000", "time": "2025-07-14T19:10:39.796083Z", "fetched_at": "2025-07-14T19:10:50.244347+00:00", "symbol": "ETH-USD"}, {"trade_id": 666966674, "side": "buy", "size": "0.00100000", "price": "2994.64000000", "time": "2025-07-14T19:10:39.516812Z", "fetched_at": "2025-07-14T19:10:50.244347+00:00", "symbol": "ETH-USD"}, {"trade_id": 666966673, "side": "buy", "size": "0.00105825", "price": "2994.82000000", "time": "2025-07-14T19:10:39.448533Z", "fetched_at": "2025-07-14T19:10:50.244347+00:00", "symbol": "ETH-USD"}, {"trade_id": 666966672, "side": "sell", "size": "0.00645788", "price": "2995.04000000", "time": "2025-07-14T19:10:39.399840Z", "fetched_at": "2025-07-14T19:10:50.244347+00:00", "symbol": "ETH-USD"}, {"trade_id": 666966671, "side": "sell", "size": "0.00303404", "price": "2995.03000000", "time": "2025-07-14T19:10:39.399840Z", "fetched_at": "2025-07-14T19:10:50.244347+00:00", "symbol": "ETH-USD"}, {"trade_id": 666966670, "side": "buy", "size": "0.00100000", "price": "2994.86000000", "time": "2025-07-14T19:10:39.343680Z", "fetched_at": "2025-07-14T19:10:50.244347+00:00", "symbol": "ETH-USD"}, {"trade_id": 666966669, "side": "buy", "size": "0.09945790", "price": "2995.00000000", "time": "2025-07-14T19:10:39.332464Z", "fetched_at": "2025-07-14T19:10:50.244347+00:00", "symbol": "ETH-USD"}, {"trade_id": 666966668, "side": "buy", "size": "0.00100000", "price": "2995.08000000", "time": "2025-07-14T19:10:39.332464Z", "fetched_at": "2025-07-14T19:10:50.244347+00:00", "symbol": "ETH-USD"}, {"trade_id": 666966667, "side": "buy", "size": "0.00121149", "price": "2995.09000000", "time": "2025-07-14T19:10:39.321954Z", "fetched_at": "2025-07-14T19:10:50.244347+00:00", "symbol": "ETH-USD"}, {"trade_id": 666966666, "side": "buy", "size": "0.00121147", "price": "2995.12000000", "time": "2025-07-14T19:10:39.291207Z", "fetched_at": "2025-07-14T19:10:50.244347+00:00", "symbol": "ETH-USD"}, {"trade_id": 666966665, "side": "buy", "size": "0.00121146", "price": "2995.15000000", "time": "2025-07-14T19:10:39.264406Z", "fetched_at": "2025-07-14T19:10:50.244347+00:00", "symbol": "ETH-USD"}, {"trade_id": 666966664, "side": "buy", "size": "0.00121145", "price": "2995.18000000", "time": "2025-07-14T19:10:39.250925Z", "fetched_at": "2025-07-14T19:10:50.244347+00:00", "symbol": "ETH-USD"}, {"trade_id": 666966663, "side": "buy", "size": "0.00100000", "price": "2995.18000000", "time": "2025-07-14T19:10:39.239701Z", "fetched_at": "2025-07-14T19:10:50.244347+00:00", "symbol": "ETH-USD"}, {"trade_id": 666966662, "side": "buy", "size": "0.00100000", "price": "2995.30000000", "time": "2025-07-14T19:10:39.076841Z", "fetched_at": "2025-07-14T19:10:50.244347+00:00", "symbol": "ETH-USD"}, {"trade_id": 666966661, "side": "buy", "size": "0.06780198", "price": "2995.34000000", "time": "2025-07-14T19:10:39.018043Z", "fetched_at": "2025-07-14T19:10:50.244347+00:00", "symbol": "ETH-USD"}, {"trade_id": 666966660, "side": "buy", "size": "0.00411012", "price": "2995.34000000", "time": "2025-07-14T19:10:39.018043Z", "fetched_at": "2025-07-14T19:10:50.244347+00:00", "symbol": "ETH-USD"}, {"trade_id": 666966659, "side": "buy", "size": "0.00001335", "price": "2995.34000000", "time": "2025-07-14T19:10:39.018043Z", "fetched_at": "2025-07-14T19:10:50.244347+00:00", "symbol": "ETH-USD"}, {"trade_id": 666966658, "side": "sell", "size": "0.01507356", "price": "2995.35000000", "time": "2025-07-14T19:10:38.875669Z", "fetched_at": "2025-07-14T19:10:50.244347+00:00", "symbol": "ETH-USD"}, {"trade_id": 666966657, "side": "sell", "size": "0.00017441", "price": "2995.35000000", "time": "2025-07-14T19:10:38.875669Z", "fetched_at": "2025-07-14T19:10:50.244347+00:00", "symbol": "ETH-USD"}, {"trade_id": 666966656, "side": "sell", "size": "0.00096816", "price": "2995.35000000", "time": "2025-07-14T19:10:38.875669Z", "fetched_at": "2025-07-14T19:10:50.244347+00:00", "symbol": "ETH-USD"}, {"trade_id": 666966655, "side": "buy", "size": "0.00128999", "price": "2995.52000000", "time": "2025-07-14T19:10:38.419256Z", "fetched_at": "2025-07-14T19:10:50.244347+00:00", "symbol": "ETH-USD"}, {"trade_id": 666966654, "side": "buy", "size": "0.00128999", "price": "2995.51000000", "time": "2025-07-14T19:10:38.405222Z", "fetched_at": "2025-07-14T19:10:50.244347+00:00", "symbol": "ETH-USD"}, {"trade_id": 666966653, "side": "buy", "size": "0.00100000", "price": "2995.52000000", "time": "2025-07-14T19:10:38.385260Z", "fetched_at": "2025-07-14T19:10:50.244347+00:00", "symbol": "ETH-USD"}, {"trade_id": 666966652, "side": "buy", "size": "0.90000000", "price": "2995.54000000", "time": "2025-07-14T19:10:38.373563Z", "fetched_at": "2025-07-14T19:10:50.244347+00:00", "symbol": "ETH-USD"}, {"trade_id": 666966651, "side": "buy", "size": "0.00069202", "price": "2995.64000000", "time": "2025-07-14T19:10:38.362335Z", "fetched_at": "2025-07-14T19:10:50.244347+00:00", "symbol": "ETH-USD"}, {"trade_id": 666966650, "side": "buy", "size": "1.40000000", "price": "2995.64000000", "time": "2025-07-14T19:10:38.362335Z", "fetched_at": "2025-07-14T19:10:50.244347+00:00", "symbol": "ETH-USD"}, {"trade_id": 666966649, "side": "buy", "size": "0.01246144", "price": "2995.64000000", "time": "2025-07-14T19:10:38.362335Z", "fetched_at": "2025-07-14T19:10:50.244347+00:00", "symbol": "ETH-USD"}, {"trade_id": 666966648, "side": "buy", "size": "0.00003338", "price": "2995.77000000", "time": "2025-07-14T19:10:38.276263Z", "fetched_at": "2025-07-14T19:10:50.244347+00:00", "symbol": "ETH-USD"}, {"trade_id": 666966647, "side": "buy", "size": "0.00054739", "price": "2995.77000000", "time": "2025-07-14T19:10:38.276263Z", "fetched_at": "2025-07-14T19:10:50.244347+00:00", "symbol": "ETH-USD"}, {"trade_id": 666966646, "side": "sell", "size": "0.02952029", "price": "2995.65000000", "time": "2025-07-14T19:10:37.760027Z", "fetched_at": "2025-07-14T19:10:50.244347+00:00", "symbol": "ETH-USD"}, {"trade_id": 666966645, "side": "sell", "size": "0.00000991", "price": "2995.65000000", "time": "2025-07-14T19:10:37.679473Z", "fetched_at": "2025-07-14T19:10:50.244347+00:00", "symbol": "ETH-USD"}, {"trade_id": 666966644, "side": "buy", "size": "0.00069356", "price": "2995.78000000", "time": "2025-07-14T19:10:37.387302Z", "fetched_at": "2025-07-14T19:10:50.244347+00:00", "symbol": "ETH-USD"}, {"trade_id": 666966643, "side": "buy", "size": "0.00002336", "price": "2995.74000000", "time": "2025-07-14T19:10:37.364743Z", "fetched_at": "2025-07-14T19:10:50.244347+00:00", "symbol": "ETH-USD"}, {"trade_id": 666966642, "side": "buy", "size": "0.00100000", "price": "2995.74000000", "time": "2025-07-14T19:10:37.364743Z", "fetched_at": "2025-07-14T19:10:50.244347+00:00", "symbol": "ETH-USD"}, {"trade_id": 666966641, "side": "buy", "size": "0.00069355", "price": "2995.83000000", "time": "2025-07-14T19:10:37.353600Z", "fetched_at": "2025-07-14T19:10:50.244347+00:00", "symbol": "ETH-USD"}, {"trade_id": 666966640, "side": "buy", "size": "0.10170470", "price": "2995.83000000", "time": "2025-07-14T19:10:37.343758Z", "fetched_at": "2025-07-14T19:10:50.244347+00:00", "symbol": "ETH-USD"}, {"trade_id": 666966639, "side": "buy", "size": "0.90000000", "price": "2995.83000000", "time": "2025-07-14T19:10:37.343758Z", "fetched_at": "2025-07-14T19:10:50.244347+00:00", "symbol": "ETH-USD"}, {"trade_id": 666966638, "side": "buy", "size": "0.00003337", "price": "2995.96000000", "time": "2025-07-14T19:10:36.336619Z", "fetched_at": "2025-07-14T19:10:50.244347+00:00", "symbol": "ETH-USD"}, {"trade_id": 666966637, "side": "buy", "size": "0.00100000", "price": "2995.96000000", "time": "2025-07-14T19:10:36.336619Z", "fetched_at": "2025-07-14T19:10:50.244347+00:00", "symbol": "ETH-USD"}, {"trade_id": 666966636, "side": "buy", "size": "2.25980017", "price": "2996.00000000", "time": "2025-07-14T19:10:35.689148Z", "fetched_at": "2025-07-14T19:10:50.244347+00:00", "symbol": "ETH-USD"}, {"trade_id": 666966635, "side": "buy", "size": "0.03892023", "price": "2996.00000000", "time": "2025-07-14T19:10:35.689148Z", "fetched_at": "2025-07-14T19:10:50.244347+00:00", "symbol": "ETH-USD"}, {"trade_id": 666966634, "side": "buy", "size": "0.00215641", "price": "2996.02000000", "time": "2025-07-14T19:10:35.679772Z", "fetched_at": "2025-07-14T19:10:50.244347+00:00", "symbol": "ETH-USD"}, {"trade_id": 666966633, "side": "buy", "size": "0.70000000", "price": "2996.02000000", "time": "2025-07-14T19:10:35.666625Z", "fetched_at": "2025-07-14T19:10:50.244347+00:00", "symbol": "ETH-USD"}, {"trade_id": 666966632, "side": "buy", "size": "0.00215639", "price": "2996.04000000", "time": "2025-07-14T19:10:35.648802Z", "fetched_at": "2025-07-14T19:10:50.244347+00:00", "symbol": "ETH-USD"}, {"trade_id": 666966631, "side": "buy", "size": "0.01247296", "price": "2996.08000000", "time": "2025-07-14T19:10:35.601773Z", "fetched_at": "2025-07-14T19:10:50.244347+00:00", "symbol": "ETH-USD"}, {"trade_id": 666966630, "side": "buy", "size": "0.00215637", "price": "2996.08000000", "time": "2025-07-14T19:10:35.601773Z", "fetched_at": "2025-07-14T19:10:50.244347+00:00", "symbol": "ETH-USD"}, {"trade_id": 666966629, "side": "buy", "size": "0.06762064", "price": "2996.08000000", "time": "2025-07-14T19:10:35.601773Z", "fetched_at": "2025-07-14T19:10:50.244347+00:00", "symbol": "ETH-USD"}, {"trade_id": 666966628, "side": "buy", "size": "0.08493870", "price": "2996.08000000", "time": "2025-07-14T19:10:35.297826Z", "fetched_at": "2025-07-14T19:10:50.244347+00:00", "symbol": "ETH-USD"}, {"trade_id": 666966627, "side": "buy", "size": "0.00095458", "price": "2996.08000000", "time": "2025-07-14T19:10:35.297826Z", "fetched_at": "2025-07-14T19:10:50.244347+00:00", "symbol": "ETH-USD"}, {"trade_id": 666966626, "side": "buy", "size": "0.00205264", "price": "2996.08000000", "time": "2025-07-14T19:10:35.297826Z", "fetched_at": "2025-07-14T19:10:50.244347+00:00", "symbol": "ETH-USD"}, {"trade_id": 666966625, "side": "buy", "size": "0.00212407", "price": "2996.08000000", "time": "2025-07-14T19:10:34.564979Z", "fetched_at": "2025-07-14T19:10:50.244347+00:00", "symbol": "ETH-USD"}, {"trade_id": 666966624, "side": "buy", "size": "0.00211399", "price": "2996.08000000", "time": "2025-07-14T19:10:34.549573Z", "fetched_at": "2025-07-14T19:10:50.244347+00:00", "symbol": "ETH-USD"}, {"trade_id": 666966623, "side": "buy", "size": "0.00228483", "price": "2996.36000000", "time": "2025-07-14T19:10:34.495522Z", "fetched_at": "2025-07-14T19:10:50.244347+00:00", "symbol": "ETH-USD"}, {"trade_id": 666966622, "side": "buy", "size": "0.00228495", "price": "2996.20000000", "time": "2025-07-14T19:10:34.482988Z", "fetched_at": "2025-07-14T19:10:50.244347+00:00", "symbol": "ETH-USD"}, {"trade_id": 666966621, "side": "buy", "size": "0.00228496", "price": "2996.19000000", "time": "2025-07-14T19:10:34.470577Z", "fetched_at": "2025-07-14T19:10:50.244347+00:00", "symbol": "ETH-USD"}, {"trade_id": 666966620, "side": "buy", "size": "0.00218251", "price": "2996.18000000", "time": "2025-07-14T19:10:34.438741Z", "fetched_at": "2025-07-14T19:10:50.244347+00:00", "symbol": "ETH-USD"}, {"trade_id": 666966619, "side": "buy", "size": "0.00100000", "price": "2996.18000000", "time": "2025-07-14T19:10:34.438741Z", "fetched_at": "2025-07-14T19:10:50.244347+00:00", "symbol": "ETH-USD"}, {"trade_id": 666966618, "side": "buy", "size": "0.00203935", "price": "2996.21000000", "time": "2025-07-14T19:10:34.410198Z", "fetched_at": "2025-07-14T19:10:50.244347+00:00", "symbol": "ETH-USD"}, {"trade_id": 666966617, "side": "buy", "size": "0.00203935", "price": "2996.20000000", "time": "2025-07-14T19:10:34.302986Z", "fetched_at": "2025-07-14T19:10:50.244347+00:00", "symbol": "ETH-USD"}, {"trade_id": 666966616, "side": "buy", "size": "0.00203933", "price": "2996.23000000", "time": "2025-07-14T19:10:34.243880Z", "fetched_at": "2025-07-14T19:10:50.244347+00:00", "symbol": "ETH-USD"}, {"trade_id": 666966615, "side": "buy", "size": "0.00203928", "price": "2996.27000000", "time": "2025-07-14T19:10:34.215533Z", "fetched_at": "2025-07-14T19:10:50.244347+00:00", "symbol": "ETH-USD"}, {"trade_id": 666966614, "side": "buy", "size": "1.39796072", "price": "2996.27000000", "time": "2025-07-14T19:10:34.204620Z", "fetched_at": "2025-07-14T19:10:50.244347+00:00", "symbol": "ETH-USD"}, {"trade_id": 666966613, "side": "buy", "size": "0.00203928", "price": "2996.31000000", "time": "2025-07-14T19:10:34.204620Z", "fetched_at": "2025-07-14T19:10:50.244347+00:00", "symbol": "ETH-USD"}, {"trade_id": 666966612, "side": "buy", "size": "0.00203928", "price": "2996.31000000", "time": "2025-07-14T19:10:34.193825Z", "fetched_at": "2025-07-14T19:10:50.244347+00:00", "symbol": "ETH-USD"}, {"trade_id": 666966611, "side": "buy", "size": "0.00203927", "price": "2996.32000000", "time": "2025-07-14T19:10:34.171708Z", "fetched_at": "2025-07-14T19:10:50.244347+00:00", "symbol": "ETH-USD"}, {"trade_id": 666966610, "side": "buy", "size": "0.00203925", "price": "2996.36000000", "time": "2025-07-14T19:10:34.030382Z", "fetched_at": "2025-07-14T19:10:50.244347+00:00", "symbol": "ETH-USD"}, {"trade_id": 666966609, "side": "buy", "size": "0.00203925", "price": "2996.36000000", "time": "2025-07-14T19:10:34.019804Z", "fetched_at": "2025-07-14T19:10:50.244347+00:00", "symbol": "ETH-USD"}, {"trade_id": 666966608, "side": "buy", "size": "0.00203925", "price": "2996.36000000", "time": "2025-07-14T19:10:34.004131Z", "fetched_at": "2025-07-14T19:10:50.244347+00:00", "symbol": "ETH-USD"}, {"trade_id": 666966607, "side": "buy", "size": "0.90000000", "price": "2996.34000000", "time": "2025-07-14T19:10:33.978531Z", "fetched_at": "2025-07-14T19:10:50.244347+00:00", "symbol": "ETH-USD"}, {"trade_id": 666966606, "side": "buy", "size": "0.00203921", "price": "2996.36000000", "time": "2025-07-14T19:10:33.968247Z", "fetched_at": "2025-07-14T19:10:50.244347+00:00", "symbol": "ETH-USD"}, {"trade_id": 666966605, "side": "buy", "size": "0.00002669", "price": "2996.36000000", "time": "2025-07-14T19:10:33.968247Z", "fetched_at": "2025-07-14T19:10:50.244347+00:00", "symbol": "ETH-USD"}, {"trade_id": 666966604, "side": "buy", "size": "0.00203921", "price": "2996.36000000", "time": "2025-07-14T19:10:33.958554Z", "fetched_at": "2025-07-14T19:10:50.244347+00:00", "symbol": "ETH-USD"}, {"trade_id": 666966603, "side": "buy", "size": "0.00203921", "price": "2996.36000000", "time": "2025-07-14T19:10:33.944246Z", "fetched_at": "2025-07-14T19:10:50.244347+00:00", "symbol": "ETH-USD"}, {"trade_id": 666966602, "side": "buy", "size": "0.00287014", "price": "2996.36000000", "time": "2025-07-14T19:10:33.944246Z", "fetched_at": "2025-07-14T19:10:50.244347+00:00", "symbol": "ETH-USD"}, {"trade_id": 666966601, "side": "buy", "size": "0.01976724", "price": "2996.36000000", "time": "2025-07-14T19:10:33.944246Z", "fetched_at": "2025-07-14T19:10:50.244347+00:00", "symbol": "ETH-USD"}, {"trade_id": 666966600, "side": "buy", "size": "0.00118484", "price": "2996.36000000", "time": "2025-07-14T19:10:33.341066Z", "fetched_at": "2025-07-14T19:10:50.244347+00:00", "symbol": "ETH-USD"}, {"trade_id": 666966599, "side": "buy", "size": "0.00218183", "price": "2996.36000000", "time": "2025-07-14T19:10:33.341066Z", "fetched_at": "2025-07-14T19:10:50.244347+00:00", "symbol": "ETH-USD"}, {"trade_id": 666966598, "side": "buy", "size": "0.00252033", "price": "2996.62000000", "time": "2025-07-14T19:10:32.477398Z", "fetched_at": "2025-07-14T19:10:50.244347+00:00", "symbol": "ETH-USD"}, {"trade_id": 666966597, "side": "buy", "size": "0.00252031", "price": "2996.64000000", "time": "2025-07-14T19:10:32.451339Z", "fetched_at": "2025-07-14T19:10:50.244347+00:00", "symbol": "ETH-USD"}, {"trade_id": 666966596, "side": "buy", "size": "0.00252030", "price": "2996.65000000", "time": "2025-07-14T19:10:32.437123Z", "fetched_at": "2025-07-14T19:10:50.244347+00:00", "symbol": "ETH-USD"}, {"trade_id": 666966595, "side": "buy", "size": "0.00252028", "price": "2996.68000000", "time": "2025-07-14T19:10:32.412557Z", "fetched_at": "2025-07-14T19:10:50.244347+00:00", "symbol": "ETH-USD"}, {"trade_id": 666966594, "side": "buy", "size": "0.37188041", "price": "2996.31000000", "time": "2025-07-14T19:10:32.394771Z", "fetched_at": "2025-07-14T19:10:50.244347+00:00", "symbol": "ETH-USD"}, {"trade_id": 666966593, "side": "buy", "size": "0.00050045", "price": "2996.31000000", "time": "2025-07-14T19:10:32.394771Z", "fetched_at": "2025-07-14T19:10:50.244347+00:00", "symbol": "ETH-USD"}, {"trade_id": 666966592, "side": "buy", "size": "0.00100000", "price": "2996.40000000", "time": "2025-07-14T19:10:32.394771Z", "fetched_at": "2025-07-14T19:10:50.244347+00:00", "symbol": "ETH-USD"}, {"trade_id": 666966591, "side": "buy", "size": "0.16674954", "price": "2996.41000000", "time": "2025-07-14T19:10:32.394771Z", "fetched_at": "2025-07-14T19:10:50.244347+00:00", "symbol": "ETH-USD"}, {"trade_id": 666966590, "side": "buy", "size": "0.00252024", "price": "2996.72000000", "time": "2025-07-14T19:10:32.384524Z", "fetched_at": "2025-07-14T19:10:50.244347+00:00", "symbol": "ETH-USD"}, {"trade_id": 666966589, "side": "buy", "size": "0.00252024", "price": "2996.72000000", "time": "2025-07-14T19:10:32.370727Z", "fetched_at": "2025-07-14T19:10:50.244347+00:00", "symbol": "ETH-USD"}, {"trade_id": 666966588, "side": "buy", "size": "1.30000000", "price": "2996.57000000", "time": "2025-07-14T19:10:32.351808Z", "fetched_at": "2025-07-14T19:10:50.244347+00:00", "symbol": "ETH-USD"}, {"trade_id": 666966587, "side": "buy", "size": "0.00252035", "price": "2996.59000000", "time": "2025-07-14T19:10:32.351808Z", "fetched_at": "2025-07-14T19:10:50.244347+00:00", "symbol": "ETH-USD"}, {"trade_id": 666966586, "side": "buy", "size": "0.00100000", "price": "2996.62000000", "time": "2025-07-14T19:10:32.288564Z", "fetched_at": "2025-07-14T19:10:50.244347+00:00", "symbol": "ETH-USD"}, {"trade_id": 666966585, "side": "buy", "size": "0.90000000", "price": "2996.64000000", "time": "2025-07-14T19:10:32.288564Z", "fetched_at": "2025-07-14T19:10:50.244347+00:00", "symbol": "ETH-USD"}, {"trade_id": 666966584, "side": "buy", "size": "0.19290078", "price": "2996.67000000", "time": "2025-07-14T19:10:32.277667Z", "fetched_at": "2025-07-14T19:10:50.244347+00:00", "symbol": "ETH-USD"}, {"trade_id": 666966583, "side": "buy", "size": "0.00233745", "price": "2996.67000000", "time": "2025-07-14T19:10:32.277667Z", "fetched_at": "2025-07-14T19:10:50.244347+00:00", "symbol": "ETH-USD"}, {"trade_id": 666966582, "side": "buy", "size": "0.00153161", "price": "2996.84000000", "time": "2025-07-14T19:10:31.640323Z", "fetched_at": "2025-07-14T19:10:50.244347+00:00", "symbol": "ETH-USD"}, {"trade_id": 666966581, "side": "buy", "size": "0.01454532", "price": "2996.84000000", "time": "2025-07-14T19:10:31.640323Z", "fetched_at": "2025-07-14T19:10:50.244347+00:00", "symbol": "ETH-USD"}, {"trade_id": 666966580, "side": "buy", "size": "0.00100000", "price": "2996.84000000", "time": "2025-07-14T19:10:31.640323Z", "fetched_at": "2025-07-14T19:10:50.244347+00:00", "symbol": "ETH-USD"}, {"trade_id": 666966579, "side": "sell", "size": "0.00790922", "price": "2996.96000000", "time": "2025-07-14T19:10:31.436220Z", "fetched_at": "2025-07-14T19:10:50.244347+00:00", "symbol": "ETH-USD"}, {"trade_id": 666966578, "side": "buy", "size": "0.00255430", "price": "2996.92000000", "time": "2025-07-14T19:10:30.998949Z", "fetched_at": "2025-07-14T19:10:50.244347+00:00", "symbol": "ETH-USD"}, {"trade_id": 666966577, "side": "buy", "size": "0.90000000", "price": "2996.98000000", "time": "2025-07-14T19:10:30.961995Z", "fetched_at": "2025-07-14T19:10:50.244347+00:00", "symbol": "ETH-USD"}, {"trade_id": 666966576, "side": "buy", "size": "0.00076743", "price": "2996.99000000", "time": "2025-07-14T19:10:30.961995Z", "fetched_at": "2025-07-14T19:10:50.244347+00:00", "symbol": "ETH-USD"}, {"trade_id": 666966575, "side": "sell", "size": "0.00390163", "price": "2997.14000000", "time": "2025-07-14T19:10:30.596502Z", "fetched_at": "2025-07-14T19:10:50.244347+00:00", "symbol": "ETH-USD"}, {"trade_id": 666966574, "side": "sell", "size": "0.00196280", "price": "2997.13000000", "time": "2025-07-14T19:10:30.596502Z", "fetched_at": "2025-07-14T19:10:50.244347+00:00", "symbol": "ETH-USD"}, {"trade_id": 666966573, "side": "sell", "size": "0.00063593", "price": "2996.97000000", "time": "2025-07-14T19:10:30.596502Z", "fetched_at": "2025-07-14T19:10:50.244347+00:00", "symbol": "ETH-USD"}, {"trade_id": 666966572, "side": "sell", "size": "0.00010336", "price": "2996.97000000", "time": "2025-07-14T19:10:30.596502Z", "fetched_at": "2025-07-14T19:10:50.244347+00:00", "symbol": "ETH-USD"}, {"trade_id": 666966571, "side": "buy", "size": "0.00249915", "price": "2996.96000000", "time": "2025-07-14T19:10:29.539899Z", "fetched_at": "2025-07-14T19:10:50.244347+00:00", "symbol": "ETH-USD"}, {"trade_id": 666966570, "side": "buy", "size": "0.60633742", "price": "2996.87000000", "time": "2025-07-14T19:10:29.511305Z", "fetched_at": "2025-07-14T19:10:50.244347+00:00", "symbol": "ETH-USD"}, {"trade_id": 666966569, "side": "buy", "size": "0.70000000", "price": "2996.94000000", "time": "2025-07-14T19:10:29.501288Z", "fetched_at": "2025-07-14T19:10:50.244347+00:00", "symbol": "ETH-USD"}, {"trade_id": 666966568, "side": "buy", "size": "0.59366258", "price": "2996.87000000", "time": "2025-07-14T19:10:29.492933Z", "fetched_at": "2025-07-14T19:10:50.244347+00:00", "symbol": "ETH-USD"}, {"trade_id": 666966567, "side": "buy", "size": "0.72000000", "price": "2996.88000000", "time": "2025-07-14T19:10:29.492933Z", "fetched_at": "2025-07-14T19:10:50.244347+00:00", "symbol": "ETH-USD"}, {"trade_id": 666966566, "side": "buy", "size": "0.01042869", "price": "2996.92000000", "time": "2025-07-14T19:10:29.492933Z", "fetched_at": "2025-07-14T19:10:50.244347+00:00", "symbol": "ETH-USD"}, {"trade_id": 666966565, "side": "buy", "size": "0.00249909", "price": "2997.03000000", "time": "2025-07-14T19:10:29.491218Z", "fetched_at": "2025-07-14T19:10:50.244347+00:00", "symbol": "ETH-USD"}, {"trade_id": 666966564, "side": "buy", "size": "0.00206105", "price": "2997.06000000", "time": "2025-07-14T19:10:29.008499Z", "fetched_at": "2025-07-14T19:10:50.244347+00:00", "symbol": "ETH-USD"}, {"trade_id": 666966563, "side": "buy", "size": "0.00254665", "price": "2997.06000000", "time": "2025-07-14T19:10:28.993420Z", "fetched_at": "2025-07-14T19:10:50.244347+00:00", "symbol": "ETH-USD"}, {"trade_id": 666966562, "side": "buy", "size": "0.00254665", "price": "2997.06000000", "time": "2025-07-14T19:10:28.982023Z", "fetched_at": "2025-07-14T19:10:50.244347+00:00", "symbol": "ETH-USD"}, {"trade_id": 666966561, "side": "buy", "size": "0.00254755", "price": "2997.06000000", "time": "2025-07-14T19:10:28.968298Z", "fetched_at": "2025-07-14T19:10:50.244347+00:00", "symbol": "ETH-USD"}, {"trade_id": 666966560, "side": "buy", "size": "0.00100000", "price": "2997.06000000", "time": "2025-07-14T19:10:28.957984Z", "fetched_at": "2025-07-14T19:10:50.244347+00:00", "symbol": "ETH-USD"}, {"trade_id": 666966559, "side": "buy", "size": "0.00248822", "price": "2997.09000000", "time": "2025-07-14T19:10:28.948030Z", "fetched_at": "2025-07-14T19:10:50.244347+00:00", "symbol": "ETH-USD"}, {"trade_id": 666966558, "side": "buy", "size": "0.00305959", "price": "2997.13000000", "time": "2025-07-14T19:10:28.875026Z", "fetched_at": "2025-07-14T19:10:50.244347+00:00", "symbol": "ETH-USD"}, {"trade_id": 666966557, "side": "buy", "size": "0.00302956", "price": "2997.13000000", "time": "2025-07-14T19:10:28.875026Z", "fetched_at": "2025-07-14T19:10:50.244347+00:00", "symbol": "ETH-USD"}, {"trade_id": 666966556, "side": "buy", "size": "0.00257745", "price": "2997.13000000", "time": "2025-07-14T19:10:28.875026Z", "fetched_at": "2025-07-14T19:10:50.244347+00:00", "symbol": "ETH-USD"}, {"trade_id": 666966555, "side": "buy", "size": "0.00002001", "price": "2997.16000000", "time": "2025-07-14T19:10:28.374739Z", "fetched_at": "2025-07-14T19:10:50.244347+00:00", "symbol": "ETH-USD"}, {"trade_id": 666966554, "side": "buy", "size": "0.00001334", "price": "2997.16000000", "time": "2025-07-14T19:10:28.374739Z", "fetched_at": "2025-07-14T19:10:50.244347+00:00", "symbol": "ETH-USD"}, {"trade_id": 666966553, "side": "buy", "size": "0.00257741", "price": "2997.18000000", "time": "2025-07-14T19:10:28.374739Z", "fetched_at": "2025-07-14T19:10:50.244347+00:00", "symbol": "ETH-USD"}, {"trade_id": 666966552, "side": "buy", "size": "0.00257740", "price": "2997.19000000", "time": "2025-07-14T19:10:28.352847Z", "fetched_at": "2025-07-14T19:10:50.244347+00:00", "symbol": "ETH-USD"}, {"trade_id": 666966551, "side": "buy", "size": "0.80000000", "price": "2997.18000000", "time": "2025-07-14T19:10:28.341998Z", "fetched_at": "2025-07-14T19:10:50.244347+00:00", "symbol": "ETH-USD"}, {"trade_id": 666966550, "side": "buy", "size": "0.00258622", "price": "2997.21000000", "time": "2025-07-14T19:10:28.260020Z", "fetched_at": "2025-07-14T19:10:50.244347+00:00", "symbol": "ETH-USD"}, {"trade_id": 666966549, "side": "buy", "size": "0.00258618", "price": "2997.26000000", "time": "2025-07-14T19:10:28.222289Z", "fetched_at": "2025-07-14T19:10:50.244347+00:00", "symbol": "ETH-USD"}, {"trade_id": 666966548, "side": "buy", "size": "0.00258620", "price": "2997.23000000", "time": "2025-07-14T19:10:28.209318Z", "fetched_at": "2025-07-14T19:10:50.244347+00:00", "symbol": "ETH-USD"}, {"trade_id": 666966547, "side": "buy", "size": "0.00258620", "price": "2997.23000000", "time": "2025-07-14T19:10:28.197852Z", "fetched_at": "2025-07-14T19:10:50.244347+00:00", "symbol": "ETH-USD"}, {"trade_id": 666966546, "side": "buy", "size": "0.00258618", "price": "2997.26000000", "time": "2025-07-14T19:10:28.184603Z", "fetched_at": "2025-07-14T19:10:50.244347+00:00", "symbol": "ETH-USD"}, {"trade_id": 666966545, "side": "buy", "size": "0.00258618", "price": "2997.26000000", "time": "2025-07-14T19:10:28.172116Z", "fetched_at": "2025-07-14T19:10:50.244347+00:00", "symbol": "ETH-USD"}, {"trade_id": 666966544, "side": "buy", "size": "0.00258620", "price": "2997.23000000", "time": "2025-07-14T19:10:28.084385Z", "fetched_at": "2025-07-14T19:10:50.244347+00:00", "symbol": "ETH-USD"}, {"trade_id": 666966543, "side": "buy", "size": "0.00258620", "price": "2997.23000000", "time": "2025-07-14T19:10:28.071569Z", "fetched_at": "2025-07-14T19:10:50.244347+00:00", "symbol": "ETH-USD"}, {"trade_id": 666966542, "side": "buy", "size": "0.00258618", "price": "2997.26000000", "time": "2025-07-14T19:10:28.059470Z", "fetched_at": "2025-07-14T19:10:50.244347+00:00", "symbol": "ETH-USD"}, {"trade_id": 666966541, "side": "buy", "size": "0.00258618", "price": "2997.26000000", "time": "2025-07-14T19:10:28.047220Z", "fetched_at": "2025-07-14T19:10:50.244347+00:00", "symbol": "ETH-USD"}, {"trade_id": 666966540, "side": "buy", "size": "0.00258621", "price": "2997.22000000", "time": "2025-07-14T19:10:28.008969Z", "fetched_at": "2025-07-14T19:10:50.244347+00:00", "symbol": "ETH-USD"}, {"trade_id": 666966539, "side": "buy", "size": "0.00258619", "price": "2997.25000000", "time": "2025-07-14T19:10:27.996017Z", "fetched_at": "2025-07-14T19:10:50.244347+00:00", "symbol": "ETH-USD"}, {"trade_id": 666966538, "side": "buy", "size": "0.00001334", "price": "2997.17000000", "time": "2025-07-14T19:10:27.712679Z", "fetched_at": "2025-07-14T19:10:50.244347+00:00", "symbol": "ETH-USD"}, {"trade_id": 666966537, "side": "buy", "size": "0.00001334", "price": "2997.17000000", "time": "2025-07-14T19:10:27.712679Z", "fetched_at": "2025-07-14T19:10:50.244347+00:00", "symbol": "ETH-USD"}, {"trade_id": 666966536, "side": "buy", "size": "0.00258619", "price": "2997.17000000", "time": "2025-07-14T19:10:27.712679Z", "fetched_at": "2025-07-14T19:10:50.244347+00:00", "symbol": "ETH-USD"}, {"trade_id": 666966535, "side": "buy", "size": "0.00258622", "price": "2997.21000000", "time": "2025-07-14T19:10:27.692404Z", "fetched_at": "2025-07-14T19:10:50.244347+00:00", "symbol": "ETH-USD"}, {"trade_id": 666966534, "side": "buy", "size": "0.19002217", "price": "2997.17000000", "time": "2025-07-14T19:10:27.666194Z", "fetched_at": "2025-07-14T19:10:50.244347+00:00", "symbol": "ETH-USD"}, {"trade_id": 666966533, "side": "buy", "size": "0.00000333", "price": "2997.17000000", "time": "2025-07-14T19:10:27.666194Z", "fetched_at": "2025-07-14T19:10:50.244347+00:00", "symbol": "ETH-USD"}, {"trade_id": 666966532, "side": "buy", "size": "0.01244507", "price": "2997.17000000", "time": "2025-07-14T19:10:27.666194Z", "fetched_at": "2025-07-14T19:10:50.244347+00:00", "symbol": "ETH-USD"}, {"trade_id": 666966531, "side": "buy", "size": "0.00000667", "price": "2997.17000000", "time": "2025-07-14T19:10:27.666194Z", "fetched_at": "2025-07-14T19:10:50.244347+00:00", "symbol": "ETH-USD"}, {"trade_id": 666966530, "side": "buy", "size": "1.13803618", "price": "2997.17000000", "time": "2025-07-14T19:10:27.666194Z", "fetched_at": "2025-07-14T19:10:50.244347+00:00", "symbol": "ETH-USD"}, {"trade_id": 666966529, "side": "buy", "size": "0.00258619", "price": "2997.25000000", "time": "2025-07-14T19:10:27.666194Z", "fetched_at": "2025-07-14T19:10:50.244347+00:00", "symbol": "ETH-USD"}, {"trade_id": 666966528, "side": "buy", "size": "0.00258618", "price": "2997.26000000", "time": "2025-07-14T19:10:27.655469Z", "fetched_at": "2025-07-14T19:10:50.244347+00:00", "symbol": "ETH-USD"}, {"trade_id": 666966527, "side": "buy", "size": "0.00258618", "price": "2997.26000000", "time": "2025-07-14T19:10:27.641010Z", "fetched_at": "2025-07-14T19:10:50.244347+00:00", "symbol": "ETH-USD"}, {"trade_id": 666966526, "side": "buy", "size": "0.00258618", "price": "2997.26000000", "time": "2025-07-14T19:10:27.629011Z", "fetched_at": "2025-07-14T19:10:50.244347+00:00", "symbol": "ETH-USD"}, {"trade_id": 666966525, "side": "buy", "size": "0.00258618", "price": "2997.26000000", "time": "2025-07-14T19:10:27.616685Z", "fetched_at": "2025-07-14T19:10:50.244347+00:00", "symbol": "ETH-USD"}, {"trade_id": 666966524, "side": "buy", "size": "0.00258618", "price": "2997.26000000", "time": "2025-07-14T19:10:27.606869Z", "fetched_at": "2025-07-14T19:10:50.244347+00:00", "symbol": "ETH-USD"}, {"trade_id": 666966523, "side": "buy", "size": "0.00258618", "price": "2997.26000000", "time": "2025-07-14T19:10:27.436014Z", "fetched_at": "2025-07-14T19:10:50.244347+00:00", "symbol": "ETH-USD"}, {"trade_id": 666966522, "side": "buy", "size": "0.00258618", "price": "2997.26000000", "time": "2025-07-14T19:10:27.423354Z", "fetched_at": "2025-07-14T19:10:50.244347+00:00", "symbol": "ETH-USD"}, {"trade_id": 666966521, "side": "buy", "size": "0.00258618", "price": "2997.26000000", "time": "2025-07-14T19:10:27.410918Z", "fetched_at": "2025-07-14T19:10:50.244347+00:00", "symbol": "ETH-USD"}, {"trade_id": 666966520, "side": "buy", "size": "0.00258618", "price": "2997.26000000", "time": "2025-07-14T19:10:27.397202Z", "fetched_at": "2025-07-14T19:10:50.244347+00:00", "symbol": "ETH-USD"}, {"trade_id": 666966519, "side": "buy", "size": "0.00258618", "price": "2997.26000000", "time": "2025-07-14T19:10:27.385773Z", "fetched_at": "2025-07-14T19:10:50.244347+00:00", "symbol": "ETH-USD"}, {"trade_id": 666966518, "side": "buy", "size": "0.00258618", "price": "2997.26000000", "time": "2025-07-14T19:10:27.335628Z", "fetched_at": "2025-07-14T19:10:50.244347+00:00", "symbol": "ETH-USD"}, {"trade_id": 666966517, "side": "buy", "size": "0.16196382", "price": "2997.17000000", "time": "2025-07-14T19:10:27.312033Z", "fetched_at": "2025-07-14T19:10:50.244347+00:00", "symbol": "ETH-USD"}, {"trade_id": 666966516, "side": "buy", "size": "0.00258614", "price": "2997.30000000", "time": "2025-07-14T19:10:27.310430Z", "fetched_at": "2025-07-14T19:10:50.244347+00:00", "symbol": "ETH-USD"}, {"trade_id": 666966515, "side": "buy", "size": "0.00258618", "price": "2997.26000000", "time": "2025-07-14T19:10:27.297611Z", "fetched_at": "2025-07-14T19:10:50.244347+00:00", "symbol": "ETH-USD"}, {"trade_id": 666966514, "side": "buy", "size": "0.00258615", "price": "2997.29000000", "time": "2025-07-14T19:10:27.285001Z", "fetched_at": "2025-07-14T19:10:50.244347+00:00", "symbol": "ETH-USD"}, {"trade_id": 666966513, "side": "buy", "size": "0.00258615", "price": "2997.29000000", "time": "2025-07-14T19:10:27.272259Z", "fetched_at": "2025-07-14T19:10:50.244347+00:00", "symbol": "ETH-USD"}, {"trade_id": 666966512, "side": "buy", "size": "0.00258615", "price": "2997.29000000", "time": "2025-07-14T19:10:27.259853Z", "fetched_at": "2025-07-14T19:10:50.244347+00:00", "symbol": "ETH-USD"}, {"trade_id": 666966511, "side": "buy", "size": "0.00258615", "price": "2997.29000000", "time": "2025-07-14T19:10:27.247271Z", "fetched_at": "2025-07-14T19:10:50.244347+00:00", "symbol": "ETH-USD"}, {"trade_id": 666966510, "side": "buy", "size": "0.00258616", "price": "2997.28000000", "time": "2025-07-14T19:10:27.234226Z", "fetched_at": "2025-07-14T19:10:50.244347+00:00", "symbol": "ETH-USD"}, {"trade_id": 666966509, "side": "buy", "size": "0.00258616", "price": "2997.28000000", "time": "2025-07-14T19:10:27.223134Z", "fetched_at": "2025-07-14T19:10:50.244347+00:00", "symbol": "ETH-USD"}, {"trade_id": 666966508, "side": "buy", "size": "0.00258616", "price": "2997.28000000", "time": "2025-07-14T19:10:27.212972Z", "fetched_at": "2025-07-14T19:10:50.244347+00:00", "symbol": "ETH-USD"}, {"trade_id": 666966507, "side": "buy", "size": "0.01360224", "price": "2997.30000000", "time": "2025-07-14T19:10:27.153331Z", "fetched_at": "2025-07-14T19:10:50.244347+00:00", "symbol": "ETH-USD"}, {"trade_id": 666966506, "side": "buy", "size": "0.00258613", "price": "2997.31000000", "time": "2025-07-14T19:10:27.153331Z", "fetched_at": "2025-07-14T19:10:50.244347+00:00", "symbol": "ETH-USD"}, {"trade_id": 666966505, "side": "buy", "size": "0.00258608", "price": "2997.37000000", "time": "2025-07-14T19:10:26.360970Z", "fetched_at": "2025-07-14T19:10:50.244347+00:00", "symbol": "ETH-USD"}, {"trade_id": 666966504, "side": "buy", "size": "0.00258611", "price": "2997.34000000", "time": "2025-07-14T19:10:26.334849Z", "fetched_at": "2025-07-14T19:10:50.244347+00:00", "symbol": "ETH-USD"}, {"trade_id": 666966503, "side": "sell", "size": "0.06150869", "price": "2997.37000000", "time": "2025-07-14T19:10:26.299755Z", "fetched_at": "2025-07-14T19:10:50.244347+00:00", "symbol": "ETH-USD"}, {"trade_id": 666966502, "side": "sell", "size": "0.00190064", "price": "2997.18000000", "time": "2025-07-14T19:10:26.299755Z", "fetched_at": "2025-07-14T19:10:50.244347+00:00", "symbol": "ETH-USD"}, {"trade_id": 666966501, "side": "sell", "size": "0.16682348", "price": "2997.18000000", "time": "2025-07-14T19:10:26.299755Z", "fetched_at": "2025-07-14T19:10:50.244347+00:00", "symbol": "ETH-USD"}, {"trade_id": 666966500, "side": "sell", "size": "0.06203595", "price": "2997.18000000", "time": "2025-07-14T19:10:26.299755Z", "fetched_at": "2025-07-14T19:10:50.244347+00:00", "symbol": "ETH-USD"}, {"trade_id": 666966499, "side": "sell", "size": "0.00030999", "price": "2997.18000000", "time": "2025-07-14T19:10:26.299755Z", "fetched_at": "2025-07-14T19:10:50.244347+00:00", "symbol": "ETH-USD"}, {"trade_id": 666966498, "side": "sell", "size": "0.00005588", "price": "2997.18000000", "time": "2025-07-14T19:10:26.299755Z", "fetched_at": "2025-07-14T19:10:50.244347+00:00", "symbol": "ETH-USD"}, {"trade_id": 666966497, "side": "sell", "size": "0.00900000", "price": "2997.18000000", "time": "2025-07-14T19:10:22.596399Z", "fetched_at": "2025-07-14T19:10:50.244347+00:00", "symbol": "ETH-USD"}, {"trade_id": 666966496, "side": "buy", "size": "0.00258621", "price": "2997.22000000", "time": "2025-07-14T19:10:21.949307Z", "fetched_at": "2025-07-14T19:10:50.244347+00:00", "symbol": "ETH-USD"}, {"trade_id": 666966495, "side": "buy", "size": "0.00258621", "price": "2997.22000000", "time": "2025-07-14T19:10:21.936763Z", "fetched_at": "2025-07-14T19:10:50.244347+00:00", "symbol": "ETH-USD"}, {"trade_id": 666966494, "side": "buy", "size": "0.00258603", "price": "2997.43000000", "time": "2025-07-14T19:10:21.878231Z", "fetched_at": "2025-07-14T19:10:50.244347+00:00", "symbol": "ETH-USD"}, {"trade_id": 666966493, "side": "buy", "size": "0.11624602", "price": "2997.21000000", "time": "2025-07-14T19:10:21.862870Z", "fetched_at": "2025-07-14T19:10:50.244347+00:00", "symbol": "ETH-USD"}, {"trade_id": 666966492, "side": "buy", "size": "0.00100000", "price": "2997.28000000", "time": "2025-07-14T19:10:21.862870Z", "fetched_at": "2025-07-14T19:10:50.244347+00:00", "symbol": "ETH-USD"}, {"trade_id": 666966491, "side": "buy", "size": "0.38916997", "price": "2997.36000000", "time": "2025-07-14T19:10:21.852078Z", "fetched_at": "2025-07-14T19:10:50.244347+00:00", "symbol": "ETH-USD"}, {"trade_id": 666966490, "side": "buy", "size": "0.45816009", "price": "2997.38000000", "time": "2025-07-14T19:10:21.852078Z", "fetched_at": "2025-07-14T19:10:50.244347+00:00", "symbol": "ETH-USD"}, {"trade_id": 666966489, "side": "buy", "size": "0.00258597", "price": "2997.50000000", "time": "2025-07-14T19:10:21.852078Z", "fetched_at": "2025-07-14T19:10:50.244347+00:00", "symbol": "ETH-USD"}, {"trade_id": 666966488, "side": "buy", "size": "0.08710351", "price": "2997.50000000", "time": "2025-07-14T19:10:21.852078Z", "fetched_at": "2025-07-14T19:10:50.244347+00:00", "symbol": "ETH-USD"}, {"trade_id": 666966487, "side": "buy", "size": "0.39511016", "price": "2997.50000000", "time": "2025-07-14T19:10:21.842303Z", "fetched_at": "2025-07-14T19:10:50.244347+00:00", "symbol": "ETH-USD"}, {"trade_id": 666966486, "side": "buy", "size": "0.41229118", "price": "2997.50000000", "time": "2025-07-14T19:10:21.818034Z", "fetched_at": "2025-07-14T19:10:50.244347+00:00", "symbol": "ETH-USD"}, {"trade_id": 666966485, "side": "buy", "size": "0.57895092", "price": "2997.50000000", "time": "2025-07-14T19:10:21.793497Z", "fetched_at": "2025-07-14T19:10:50.244347+00:00", "symbol": "ETH-USD"}, {"trade_id": 666966484, "side": "buy", "size": "0.24603855", "price": "2997.50000000", "time": "2025-07-14T19:10:21.781380Z", "fetched_at": "2025-07-14T19:10:50.244347+00:00", "symbol": "ETH-USD"}, {"trade_id": 666966483, "side": "buy", "size": "0.23862824", "price": "2997.50000000", "time": "2025-07-14T19:10:21.767136Z", "fetched_at": "2025-07-14T19:10:50.244347+00:00", "symbol": "ETH-USD"}, {"trade_id": 666966482, "side": "buy", "size": "0.20228068", "price": "2997.50000000", "time": "2025-07-14T19:10:21.753154Z", "fetched_at": "2025-07-14T19:10:50.244347+00:00", "symbol": "ETH-USD"}, {"trade_id": 666966481, "side": "buy", "size": "1.21064566", "price": "2997.50000000", "time": "2025-07-14T19:10:21.745819Z", "fetched_at": "2025-07-14T19:10:50.244347+00:00", "symbol": "ETH-USD"}, {"trade_id": 666966480, "side": "buy", "size": "0.00258596", "price": "2997.51000000", "time": "2025-07-14T19:10:21.745819Z", "fetched_at": "2025-07-14T19:10:50.244347+00:00", "symbol": "ETH-USD"}, {"trade_id": 666966479, "side": "buy", "size": "0.00258594", "price": "2997.54000000", "time": "2025-07-14T19:10:21.731546Z", "fetched_at": "2025-07-14T19:10:50.244347+00:00", "symbol": "ETH-USD"}, {"trade_id": 666966478, "side": "buy", "size": "0.00258596", "price": "2997.51000000", "time": "2025-07-14T19:10:21.718034Z", "fetched_at": "2025-07-14T19:10:50.244347+00:00", "symbol": "ETH-USD"}, {"trade_id": 666966477, "side": "buy", "size": "1.82895110", "price": "2997.50000000", "time": "2025-07-14T19:10:21.692217Z", "fetched_at": "2025-07-14T19:10:50.244347+00:00", "symbol": "ETH-USD"}, {"trade_id": 666966476, "side": "buy", "size": "0.00100000", "price": "2997.50000000", "time": "2025-07-14T19:10:21.692217Z", "fetched_at": "2025-07-14T19:10:50.244347+00:00", "symbol": "ETH-USD"}, {"trade_id": 666966475, "side": "buy", "size": "0.00258595", "price": "2997.52000000", "time": "2025-07-14T19:10:21.692217Z", "fetched_at": "2025-07-14T19:10:50.244347+00:00", "symbol": "ETH-USD"}, {"trade_id": 666966474, "side": "buy", "size": "0.00258594", "price": "2997.53000000", "time": "2025-07-14T19:10:21.671349Z", "fetched_at": "2025-07-14T19:10:50.244347+00:00", "symbol": "ETH-USD"}, {"trade_id": 666966473, "side": "buy", "size": "0.01246025", "price": "2997.53000000", "time": "2025-07-14T19:10:21.671349Z", "fetched_at": "2025-07-14T19:10:50.244347+00:00", "symbol": "ETH-USD"}, {"trade_id": 666966472, "side": "buy", "size": "0.80000000", "price": "2997.53000000", "time": "2025-07-14T19:10:21.671349Z", "fetched_at": "2025-07-14T19:10:50.244347+00:00", "symbol": "ETH-USD"}, {"trade_id": 666966471, "side": "sell", "size": "0.15814699", "price": "2997.56000000", "time": "2025-07-14T19:10:21.661623Z", "fetched_at": "2025-07-14T19:10:50.244347+00:00", "symbol": "ETH-USD"}, {"trade_id": 666966470, "side": "buy", "size": "0.00258593", "price": "2997.55000000", "time": "2025-07-14T19:10:21.654262Z", "fetched_at": "2025-07-14T19:10:50.244347+00:00", "symbol": "ETH-USD"}, {"trade_id": 666966469, "side": "buy", "size": "0.00258593", "price": "2997.55000000", "time": "2025-07-14T19:10:21.627362Z", "fetched_at": "2025-07-14T19:10:50.244347+00:00", "symbol": "ETH-USD"}, {"trade_id": 666966468, "side": "buy", "size": "0.00258593", "price": "2997.55000000", "time": "2025-07-14T19:10:21.601937Z", "fetched_at": "2025-07-14T19:10:50.244347+00:00", "symbol": "ETH-USD"}, {"trade_id": 666966467, "side": "buy", "size": "0.00258593", "price": "2997.55000000", "time": "2025-07-14T19:10:21.506540Z", "fetched_at": "2025-07-14T19:10:50.244347+00:00", "symbol": "ETH-USD"}, {"trade_id": 666966466, "side": "buy", "size": "0.00258593", "price": "2997.55000000", "time": "2025-07-14T19:10:21.484623Z", "fetched_at": "2025-07-14T19:10:50.244347+00:00", "symbol": "ETH-USD"}, {"trade_id": 666966465, "side": "buy", "size": "0.00258593", "price": "2997.55000000", "time": "2025-07-14T19:10:21.472929Z", "fetched_at": "2025-07-14T19:10:50.244347+00:00", "symbol": "ETH-USD"}, {"trade_id": 666966464, "side": "sell", "size": "0.00810226", "price": "2997.56000000", "time": "2025-07-14T19:10:21.204271Z", "fetched_at": "2025-07-14T19:10:50.244347+00:00", "symbol": "ETH-USD"}, {"trade_id": 666966463, "side": "buy", "size": "0.00258589", "price": "2997.59000000", "time": "2025-07-14T19:10:21.135037Z", "fetched_at": "2025-07-14T19:10:50.244347+00:00", "symbol": "ETH-USD"}, {"trade_id": 666966462, "side": "buy", "size": "0.00258589", "price": "2997.59000000", "time": "2025-07-14T19:10:21.122596Z", "fetched_at": "2025-07-14T19:10:50.244347+00:00", "symbol": "ETH-USD"}, {"trade_id": 666966461, "side": "buy", "size": "0.00258589", "price": "2997.59000000", "time": "2025-07-14T19:10:21.109406Z", "fetched_at": "2025-07-14T19:10:50.244347+00:00", "symbol": "ETH-USD"}, {"trade_id": 666966460, "side": "buy", "size": "0.00258589", "price": "2997.59000000", "time": "2025-07-14T19:10:21.097677Z", "fetched_at": "2025-07-14T19:10:50.244347+00:00", "symbol": "ETH-USD"}, {"trade_id": 666966459, "side": "buy", "size": "0.19361553", "price": "2997.59000000", "time": "2025-07-14T19:10:21.086391Z", "fetched_at": "2025-07-14T19:10:50.244347+00:00", "symbol": "ETH-USD"}, {"trade_id": 666966458, "side": "buy", "size": "0.00258589", "price": "2997.59000000", "time": "2025-07-14T19:10:21.086391Z", "fetched_at": "2025-07-14T19:10:50.244347+00:00", "symbol": "ETH-USD"}, {"trade_id": 666966457, "side": "buy", "size": "0.00632174", "price": "2997.59000000", "time": "2025-07-14T19:10:21.086391Z", "fetched_at": "2025-07-14T19:10:50.244347+00:00", "symbol": "ETH-USD"}, {"trade_id": 666966456, "side": "buy", "size": "0.00258589", "price": "2997.59000000", "time": "2025-07-14T19:10:21.072774Z", "fetched_at": "2025-07-14T19:10:50.244347+00:00", "symbol": "ETH-USD"}, {"trade_id": 666966455, "side": "buy", "size": "0.00258589", "price": "2997.59000000", "time": "2025-07-14T19:10:20.700851Z", "fetched_at": "2025-07-14T19:10:50.244347+00:00", "symbol": "ETH-USD"}, {"trade_id": 666966454, "side": "sell", "size": "0.10000000", "price": "2997.60000000", "time": "2025-07-14T19:10:20.622900Z", "fetched_at": "2025-07-14T19:10:50.244347+00:00", "symbol": "ETH-USD"}, {"trade_id": 666966453, "side": "buy", "size": "0.00258580", "price": "2997.70000000", "time": "2025-07-14T19:10:20.327653Z", "fetched_at": "2025-07-14T19:10:50.244347+00:00", "symbol": "ETH-USD"}, {"trade_id": 666966452, "side": "buy", "size": "0.00258580", "price": "2997.70000000", "time": "2025-07-14T19:10:20.316858Z", "fetched_at": "2025-07-14T19:10:50.244347+00:00", "symbol": "ETH-USD"}, {"trade_id": 666966451, "side": "buy", "size": "0.00258580", "price": "2997.70000000", "time": "2025-07-14T19:10:20.284311Z", "fetched_at": "2025-07-14T19:10:50.244347+00:00", "symbol": "ETH-USD"}, {"trade_id": 666966450, "side": "buy", "size": "0.00258579", "price": "2997.71000000", "time": "2025-07-14T19:10:20.271604Z", "fetched_at": "2025-07-14T19:10:50.244347+00:00", "symbol": "ETH-USD"}, {"trade_id": 666966449, "side": "buy", "size": "0.00258578", "price": "2997.72000000", "time": "2025-07-14T19:10:20.259816Z", "fetched_at": "2025-07-14T19:10:50.244347+00:00", "symbol": "ETH-USD"}, {"trade_id": 666966448, "side": "buy", "size": "0.00258579", "price": "2997.71000000", "time": "2025-07-14T19:10:20.245978Z", "fetched_at": "2025-07-14T19:10:50.244347+00:00", "symbol": "ETH-USD"}, {"trade_id": 666966447, "side": "buy", "size": "0.00258578", "price": "2997.72000000", "time": "2025-07-14T19:10:20.232832Z", "fetched_at": "2025-07-14T19:10:50.244347+00:00", "symbol": "ETH-USD"}, {"trade_id": 666966446, "side": "buy", "size": "0.00258578", "price": "2997.72000000", "time": "2025-07-14T19:10:20.208394Z", "fetched_at": "2025-07-14T19:10:50.244347+00:00", "symbol": "ETH-USD"}, {"trade_id": 666966445, "side": "buy", "size": "0.00258578", "price": "2997.72000000", "time": "2025-07-14T19:10:20.198356Z", "fetched_at": "2025-07-14T19:10:50.244347+00:00", "symbol": "ETH-USD"}, {"trade_id": 666966444, "side": "buy", "size": "0.00100000", "price": "2997.72000000", "time": "2025-07-14T19:10:20.198356Z", "fetched_at": "2025-07-14T19:10:50.244347+00:00", "symbol": "ETH-USD"}, {"trade_id": 666966443, "side": "sell", "size": "0.00036672", "price": "2997.81000000", "time": "2025-07-14T19:10:20.123784Z", "fetched_at": "2025-07-14T19:10:50.244347+00:00", "symbol": "ETH-USD"}, {"trade_id": 666966442, "side": "buy", "size": "1.40000000", "price": "2997.82000000", "time": "2025-07-14T19:10:20.116307Z", "fetched_at": "2025-07-14T19:10:50.244347+00:00", "symbol": "ETH-USD"}, {"trade_id": 666966441, "side": "buy", "size": "0.00258569", "price": "2997.83000000", "time": "2025-07-14T19:10:20.116307Z", "fetched_at": "2025-07-14T19:10:50.244347+00:00", "symbol": "ETH-USD"}, {"trade_id": 666966440, "side": "buy", "size": "0.00258565", "price": "2997.87000000", "time": "2025-07-14T19:10:20.049875Z", "fetched_at": "2025-07-14T19:10:50.244347+00:00", "symbol": "ETH-USD"}, {"trade_id": 666966439, "side": "buy", "size": "0.00258558", "price": "2997.95000000", "time": "2025-07-14T19:10:19.987851Z", "fetched_at": "2025-07-14T19:10:50.244347+00:00", "symbol": "ETH-USD"}, {"trade_id": 666966438, "side": "buy", "size": "0.00258556", "price": "2997.97000000", "time": "2025-07-14T19:10:19.892798Z", "fetched_at": "2025-07-14T19:10:50.244347+00:00", "symbol": "ETH-USD"}, {"trade_id": 666966437, "side": "buy", "size": "0.00100000", "price": "2997.94000000", "time": "2025-07-14T19:10:19.337970Z", "fetched_at": "2025-07-14T19:10:50.244347+00:00", "symbol": "ETH-USD"}, {"trade_id": 666966436, "side": "buy", "size": "0.00000667", "price": "2998.04000000", "time": "2025-07-14T19:10:19.271895Z", "fetched_at": "2025-07-14T19:10:50.244347+00:00", "symbol": "ETH-USD"}, {"trade_id": 666966435, "side": "buy", "size": "0.00100000", "price": "2998.16000000", "time": "2025-07-14T19:10:19.271895Z", "fetched_at": "2025-07-14T19:10:50.244347+00:00", "symbol": "ETH-USD"}, {"trade_id": 666966434, "side": "buy", "size": "0.00045361", "price": "2998.16000000", "time": "2025-07-14T19:10:19.271895Z", "fetched_at": "2025-07-14T19:10:50.244347+00:00", "symbol": "ETH-USD"}, {"trade_id": 666966433, "side": "buy", "size": "5.20000000", "price": "2998.23000000", "time": "2025-07-14T19:10:19.271895Z", "fetched_at": "2025-07-14T19:10:50.244347+00:00", "symbol": "ETH-USD"}, {"trade_id": 666966432, "side": "buy", "size": "0.00062369", "price": "2998.25000000", "time": "2025-07-14T19:10:19.269131Z", "fetched_at": "2025-07-14T19:10:50.244347+00:00", "symbol": "ETH-USD"}, {"trade_id": 666966431, "side": "buy", "size": "0.00000333", "price": "2998.25000000", "time": "2025-07-14T19:10:19.269131Z", "fetched_at": "2025-07-14T19:10:50.244347+00:00", "symbol": "ETH-USD"}, {"trade_id": 666966430, "side": "buy", "size": "0.00258532", "price": "2998.25000000", "time": "2025-07-14T19:10:19.269131Z", "fetched_at": "2025-07-14T19:10:50.244347+00:00", "symbol": "ETH-USD"}, {"trade_id": 666966429, "side": "sell", "size": "0.00790637", "price": "2998.26000000", "time": "2025-07-14T19:10:18.434986Z", "fetched_at": "2025-07-14T19:10:50.244347+00:00", "symbol": "ETH-USD"}, {"trade_id": 666966428, "side": "buy", "size": "0.70000000", "price": "2998.25000000", "time": "2025-07-14T19:10:18.365739Z", "fetched_at": "2025-07-14T19:10:50.244347+00:00", "symbol": "ETH-USD"}, {"trade_id": 666966427, "side": "buy", "size": "0.00124405", "price": "2998.27000000", "time": "2025-07-14T19:10:18.355434Z", "fetched_at": "2025-07-14T19:10:50.244347+00:00", "symbol": "ETH-USD"}, {"trade_id": 666966426, "side": "buy", "size": "0.01631274", "price": "2998.27000000", "time": "2025-07-14T19:10:18.355434Z", "fetched_at": "2025-07-14T19:10:50.244347+00:00", "symbol": "ETH-USD"}, {"trade_id": 666966425, "side": "buy", "size": "0.00248476", "price": "2998.27000000", "time": "2025-07-14T19:10:18.355434Z", "fetched_at": "2025-07-14T19:10:50.244347+00:00", "symbol": "ETH-USD"}, {"trade_id": 666966424, "side": "buy", "size": "0.00081046", "price": "2998.27000000", "time": "2025-07-14T19:10:18.355434Z", "fetched_at": "2025-07-14T19:10:50.244347+00:00", "symbol": "ETH-USD"}, {"trade_id": 666966423, "side": "buy", "size": "1.20000000", "price": "2998.27000000", "time": "2025-07-14T19:10:18.355434Z", "fetched_at": "2025-07-14T19:10:50.244347+00:00", "symbol": "ETH-USD"}, {"trade_id": 666966422, "side": "buy", "size": "0.00258531", "price": "2998.27000000", "time": "2025-07-14T19:10:18.355434Z", "fetched_at": "2025-07-14T19:10:50.244347+00:00", "symbol": "ETH-USD"}, {"trade_id": 666966421, "side": "buy", "size": "0.00022679", "price": "2998.27000000", "time": "2025-07-14T19:10:18.355434Z", "fetched_at": "2025-07-14T19:10:50.244347+00:00", "symbol": "ETH-USD"}, {"trade_id": 666966420, "side": "buy", "size": "0.00000667", "price": "2998.27000000", "time": "2025-07-14T19:10:18.355434Z", "fetched_at": "2025-07-14T19:10:50.244347+00:00", "symbol": "ETH-USD"}, {"trade_id": 666966419, "side": "buy", "size": "0.00258527", "price": "2998.31000000", "time": "2025-07-14T19:10:16.586887Z", "fetched_at": "2025-07-14T19:10:50.244347+00:00", "symbol": "ETH-USD"}, {"trade_id": 666966418, "side": "buy", "size": "1.20000000", "price": "2998.31000000", "time": "2025-07-14T19:10:16.586887Z", "fetched_at": "2025-07-14T19:10:50.244347+00:00", "symbol": "ETH-USD"}, {"trade_id": 666966417, "side": "buy", "size": "0.00258521", "price": "2998.38000000", "time": "2025-07-14T19:10:16.551748Z", "fetched_at": "2025-07-14T19:10:50.244347+00:00", "symbol": "ETH-USD"}, {"trade_id": 666966416, "side": "buy", "size": "0.00258518", "price": "2998.42000000", "time": "2025-07-14T19:10:16.524559Z", "fetched_at": "2025-07-14T19:10:50.244347+00:00", "symbol": "ETH-USD"}, {"trade_id": 666966415, "side": "buy", "size": "0.00100000", "price": "2998.38000000", "time": "2025-07-14T19:10:16.499633Z", "fetched_at": "2025-07-14T19:10:50.244347+00:00", "symbol": "ETH-USD"}, {"trade_id": 666966414, "side": "buy", "size": "0.00100000", "price": "2998.60000000", "time": "2025-07-14T19:10:16.468617Z", "fetched_at": "2025-07-14T19:10:50.244347+00:00", "symbol": "ETH-USD"}, {"trade_id": 666966413, "side": "buy", "size": "0.00011338", "price": "2998.60000000", "time": "2025-07-14T19:10:16.468617Z", "fetched_at": "2025-07-14T19:10:50.244347+00:00", "symbol": "ETH-USD"}, {"trade_id": 666966412, "side": "buy", "size": "0.00000333", "price": "2998.60000000", "time": "2025-07-14T19:10:16.468617Z", "fetched_at": "2025-07-14T19:10:50.244347+00:00", "symbol": "ETH-USD"}, {"trade_id": 666966411, "side": "buy", "size": "1.20000000", "price": "2998.61000000", "time": "2025-07-14T19:10:16.468617Z", "fetched_at": "2025-07-14T19:10:50.244347+00:00", "symbol": "ETH-USD"}, {"trade_id": 666966410, "side": "buy", "size": "0.00258500", "price": "2998.63000000", "time": "2025-07-14T19:10:16.468617Z", "fetched_at": "2025-07-14T19:10:50.244347+00:00", "symbol": "ETH-USD"}, {"trade_id": 666966409, "side": "buy", "size": "0.00000333", "price": "2998.63000000", "time": "2025-07-14T19:10:16.457414Z", "fetched_at": "2025-07-14T19:10:50.244347+00:00", "symbol": "ETH-USD"}, {"trade_id": 666966408, "side": "buy", "size": "0.00259525", "price": "2998.63000000", "time": "2025-07-14T19:10:16.457414Z", "fetched_at": "2025-07-14T19:10:50.244347+00:00", "symbol": "ETH-USD"}, {"trade_id": 666966407, "side": "buy", "size": "0.00259525", "price": "2998.63000000", "time": "2025-07-14T19:10:16.213047Z", "fetched_at": "2025-07-14T19:10:50.244347+00:00", "symbol": "ETH-USD"}, {"trade_id": 666966406, "side": "sell", "size": "0.01615132", "price": "2998.64000000", "time": "2025-07-14T19:10:16.145420Z", "fetched_at": "2025-07-14T19:10:50.244347+00:00", "symbol": "ETH-USD"}, {"trade_id": 666966405, "side": "buy", "size": "0.00000333", "price": "2998.78000000", "time": "2025-07-14T19:10:16.077183Z", "fetched_at": "2025-07-14T19:10:50.244347+00:00", "symbol": "ETH-USD"}, {"trade_id": 666966404, "side": "buy", "size": "0.19250764", "price": "2998.79000000", "time": "2025-07-14T19:10:16.077183Z", "fetched_at": "2025-07-14T19:10:50.244347+00:00", "symbol": "ETH-USD"}, {"trade_id": 666966403, "side": "buy", "size": "0.00259179", "price": "2998.78000000", "time": "2025-07-14T19:10:16.064126Z", "fetched_at": "2025-07-14T19:10:50.244347+00:00", "symbol": "ETH-USD"}, {"trade_id": 666966402, "side": "buy", "size": "0.00000333", "price": "2998.79000000", "time": "2025-07-14T19:10:16.064126Z", "fetched_at": "2025-07-14T19:10:50.244347+00:00", "symbol": "ETH-USD"}, {"trade_id": 666966401, "side": "buy", "size": "0.00089355", "price": "2998.77000000", "time": "2025-07-14T19:10:16.050135Z", "fetched_at": "2025-07-14T19:10:50.244347+00:00", "symbol": "ETH-USD"}, {"trade_id": 666966400, "side": "buy", "size": "0.00005668", "price": "2998.77000000", "time": "2025-07-14T19:10:16.050135Z", "fetched_at": "2025-07-14T19:10:50.244347+00:00", "symbol": "ETH-USD"}, {"trade_id": 666966399, "side": "buy", "size": "0.19251893", "price": "2998.77000000", "time": "2025-07-14T19:10:16.050135Z", "fetched_at": "2025-07-14T19:10:50.244347+00:00", "symbol": "ETH-USD"}, {"trade_id": 666966398, "side": "sell", "size": "0.47830963", "price": "2999.00000000", "time": "2025-07-14T19:10:16.047783Z", "fetched_at": "2025-07-14T19:10:50.244347+00:00", "symbol": "ETH-USD"}, {"trade_id": 666966397, "side": "sell", "size": "0.67216352", "price": "2998.99000000", "time": "2025-07-14T19:10:16.047783Z", "fetched_at": "2025-07-14T19:10:50.244347+00:00", "symbol": "ETH-USD"}, {"trade_id": 666966396, "side": "sell", "size": "0.83361954", "price": "2998.97000000", "time": "2025-07-14T19:10:16.047783Z", "fetched_at": "2025-07-14T19:10:50.244347+00:00", "symbol": "ETH-USD"}, {"trade_id": 666966395, "side": "sell", "size": "0.00067297", "price": "2998.96000000", "time": "2025-07-14T19:10:16.047783Z", "fetched_at": "2025-07-14T19:10:50.244347+00:00", "symbol": "ETH-USD"}, {"trade_id": 666966394, "side": "sell", "size": "1.97626995", "price": "2998.96000000", "time": "2025-07-14T19:10:16.047783Z", "fetched_at": "2025-07-14T19:10:50.244347+00:00", "symbol": "ETH-USD"}, {"trade_id": 666966393, "side": "sell", "size": "0.76207392", "price": "2998.95000000", "time": "2025-07-14T19:10:16.047783Z", "fetched_at": "2025-07-14T19:10:50.244347+00:00", "symbol": "ETH-USD"}, {"trade_id": 666966392, "side": "sell", "size": "0.43772000", "price": "2998.80000000", "time": "2025-07-14T19:10:16.047783Z", "fetched_at": "2025-07-14T19:10:50.244347+00:00", "symbol": "ETH-USD"}, {"trade_id": 666966391, "side": "sell", "size": "0.45267106", "price": "2998.79000000", "time": "2025-07-14T19:10:16.047783Z", "fetched_at": "2025-07-14T19:10:50.244347+00:00", "symbol": "ETH-USD"}, {"trade_id": 666966390, "side": "sell", "size": "0.15000000", "price": "2998.79000000", "time": "2025-07-14T19:10:16.047783Z", "fetched_at": "2025-07-14T19:10:50.244347+00:00", "symbol": "ETH-USD"}, {"trade_id": 666966389, "side": "buy", "size": "0.00003001", "price": "2998.78000000", "time": "2025-07-14T19:10:16.040099Z", "fetched_at": "2025-07-14T19:10:50.244347+00:00", "symbol": "ETH-USD"}, {"trade_id": 666966388, "side": "buy", "size": "0.03162285", "price": "2998.78000000", "time": "2025-07-14T19:10:16.040099Z", "fetched_at": "2025-07-14T19:10:50.244347+00:00", "symbol": "ETH-USD"}, {"trade_id": 666966387, "side": "buy", "size": "0.00259458", "price": "2998.82000000", "time": "2025-07-14T19:10:16.040099Z", "fetched_at": "2025-07-14T19:10:50.244347+00:00", "symbol": "ETH-USD"}, {"trade_id": 666966386, "side": "buy", "size": "0.00000666", "price": "2999.00000000", "time": "2025-07-14T19:10:15.979324Z", "fetched_at": "2025-07-14T19:10:50.244347+00:00", "symbol": "ETH-USD"}, {"trade_id": 666966385, "side": "buy", "size": "0.90000000", "price": "2999.02000000", "time": "2025-07-14T19:10:15.979324Z", "fetched_at": "2025-07-14T19:10:50.244347+00:00", "symbol": "ETH-USD"}, {"trade_id": 666966384, "side": "buy", "size": "0.20130646", "price": "2999.03000000", "time": "2025-07-14T19:10:15.783370Z", "fetched_at": "2025-07-14T19:10:50.244347+00:00", "symbol": "ETH-USD"}, {"trade_id": 666966383, "side": "buy", "size": "0.36370534", "price": "2999.03000000", "time": "2025-07-14T19:10:15.771242Z", "fetched_at": "2025-07-14T19:10:50.244347+00:00", "symbol": "ETH-USD"}, {"trade_id": 666966382, "side": "buy", "size": "0.36596420", "price": "2999.03000000", "time": "2025-07-14T19:10:15.749609Z", "fetched_at": "2025-07-14T19:10:50.244347+00:00", "symbol": "ETH-USD"}, {"trade_id": 666966381, "side": "buy", "size": "4.28467844", "price": "2999.03000000", "time": "2025-07-14T19:10:15.735907Z", "fetched_at": "2025-07-14T19:10:50.244347+00:00", "symbol": "ETH-USD"}, {"trade_id": 666966380, "side": "buy", "size": "3.51284285", "price": "2999.03000000", "time": "2025-07-14T19:10:15.725535Z", "fetched_at": "2025-07-14T19:10:50.244347+00:00", "symbol": "ETH-USD"}, {"trade_id": 666966379, "side": "buy", "size": "0.00315511", "price": "2999.04000000", "time": "2025-07-14T19:10:15.725535Z", "fetched_at": "2025-07-14T19:10:50.244347+00:00", "symbol": "ETH-USD"}, {"trade_id": 666966378, "side": "buy", "size": "0.00000333", "price": "2999.07000000", "time": "2025-07-14T19:10:15.725535Z", "fetched_at": "2025-07-14T19:10:50.244347+00:00", "symbol": "ETH-USD"}, {"trade_id": 666966377, "side": "sell", "size": "0.00485993", "price": "2999.11000000", "time": "2025-07-14T19:10:15.302708Z", "fetched_at": "2025-07-14T19:10:50.244347+00:00", "symbol": "ETH-USD"}, {"trade_id": 666966376, "side": "sell", "size": "0.04537377", "price": "2999.08000000", "time": "2025-07-14T19:10:14.230599Z", "fetched_at": "2025-07-14T19:10:50.244347+00:00", "symbol": "ETH-USD"}, {"trade_id": 666966375, "side": "sell", "size": "0.01554411", "price": "2999.25000000", "time": "2025-07-14T19:10:14.042402Z", "fetched_at": "2025-07-14T19:10:50.244347+00:00", "symbol": "ETH-USD"}, {"trade_id": 666966374, "side": "sell", "size": "0.00066147", "price": "2999.24000000", "time": "2025-07-14T19:10:14.042402Z", "fetched_at": "2025-07-14T19:10:50.244347+00:00", "symbol": "ETH-USD"}, {"trade_id": 666966373, "side": "sell", "size": "0.03633990", "price": "2999.23000000", "time": "2025-07-14T19:10:14.011992Z", "fetched_at": "2025-07-14T19:10:50.244347+00:00", "symbol": "ETH-USD"}, {"trade_id": 666966372, "side": "sell", "size": "0.00301873", "price": "2999.22000000", "time": "2025-07-14T19:10:14.011992Z", "fetched_at": "2025-07-14T19:10:50.244347+00:00", "symbol": "ETH-USD"}, {"trade_id": 666966371, "side": "sell", "size": "0.00066147", "price": "2999.22000000", "time": "2025-07-14T19:10:14.011992Z", "fetched_at": "2025-07-14T19:10:50.244347+00:00", "symbol": "ETH-USD"}, {"trade_id": 666966370, "side": "sell", "size": "0.00050029", "price": "2999.18000000", "time": "2025-07-14T19:10:14.011992Z", "fetched_at": "2025-07-14T19:10:50.244347+00:00", "symbol": "ETH-USD"}, {"trade_id": 666966369, "side": "sell", "size": "0.00100000", "price": "2999.04000000", "time": "2025-07-14T19:10:14.011992Z", "fetched_at": "2025-07-14T19:10:50.244347+00:00", "symbol": "ETH-USD"}, {"trade_id": 666966368, "side": "sell", "size": "0.00005251", "price": "2998.94000000", "time": "2025-07-14T19:10:14.011992Z", "fetched_at": "2025-07-14T19:10:50.244347+00:00", "symbol": "ETH-USD"}, {"trade_id": 666966367, "side": "sell", "size": "0.00027186", "price": "2998.94000000", "time": "2025-07-14T19:10:14.011992Z", "fetched_at": "2025-07-14T19:10:50.244347+00:00", "symbol": "ETH-USD"}, {"trade_id": 666966366, "side": "sell", "size": "0.00004914", "price": "2998.94000000", "time": "2025-07-14T19:10:14.011992Z", "fetched_at": "2025-07-14T19:10:50.244347+00:00", "symbol": "ETH-USD"}, {"trade_id": 666966365, "side": "sell", "size": "0.00024001", "price": "2998.91000000", "time": "2025-07-14T19:10:14.011992Z", "fetched_at": "2025-07-14T19:10:50.244347+00:00", "symbol": "ETH-USD"}, {"trade_id": 666966364, "side": "buy", "size": "0.00093712", "price": "2998.90000000", "time": "2025-07-14T19:10:13.596857Z", "fetched_at": "2025-07-14T19:10:50.244347+00:00", "symbol": "ETH-USD"}, {"trade_id": 666966363, "side": "buy", "size": "0.00001333", "price": "2998.90000000", "time": "2025-07-14T19:10:13.596857Z", "fetched_at": "2025-07-14T19:10:50.244347+00:00", "symbol": "ETH-USD"}, {"trade_id": 666966362, "side": "sell", "size": "0.00615860", "price": "2998.94000000", "time": "2025-07-14T19:10:12.576680Z", "fetched_at": "2025-07-14T19:10:50.244347+00:00", "symbol": "ETH-USD"}, {"trade_id": 666966361, "side": "sell", "size": "0.00100000", "price": "2998.82000000", "time": "2025-07-14T19:10:12.576680Z", "fetched_at": "2025-07-14T19:10:50.244347+00:00", "symbol": "ETH-USD"}, {"trade_id": 666966360, "side": "sell", "size": "0.00040000", "price": "2998.80000000", "time": "2025-07-14T19:10:12.576680Z", "fetched_at": "2025-07-14T19:10:50.244347+00:00", "symbol": "ETH-USD"}, {"trade_id": 666966359, "side": "sell", "size": "0.00028993", "price": "2998.79000000", "time": "2025-07-14T19:10:12.576680Z", "fetched_at": "2025-07-14T19:10:50.244347+00:00", "symbol": "ETH-USD"}, {"trade_id": 666966358, "side": "sell", "size": "0.00048004", "price": "2998.79000000", "time": "2025-07-14T19:10:12.576680Z", "fetched_at": "2025-07-14T19:10:50.244347+00:00", "symbol": "ETH-USD"}, {"trade_id": 666966357, "side": "sell", "size": "0.00016767", "price": "2998.79000000", "time": "2025-07-14T19:10:12.576680Z", "fetched_at": "2025-07-14T19:10:50.244347+00:00", "symbol": "ETH-USD"}, {"trade_id": 666966356, "side": "sell", "size": "0.00155001", "price": "2998.79000000", "time": "2025-07-14T19:10:12.576680Z", "fetched_at": "2025-07-14T19:10:50.244347+00:00", "symbol": "ETH-USD"}, {"trade_id": 666966355, "side": "buy", "size": "0.00315539", "price": "2998.77000000", "time": "2025-07-14T19:10:10.907098Z", "fetched_at": "2025-07-14T19:10:50.244347+00:00", "symbol": "ETH-USD"}, {"trade_id": 666966354, "side": "buy", "size": "0.00315539", "price": "2998.77000000", "time": "2025-07-14T19:10:10.894737Z", "fetched_at": "2025-07-14T19:10:50.244347+00:00", "symbol": "ETH-USD"}, {"trade_id": 666966353, "side": "buy", "size": "0.00315536", "price": "2998.80000000", "time": "2025-07-14T19:10:10.846446Z", "fetched_at": "2025-07-14T19:10:50.244347+00:00", "symbol": "ETH-USD"}, {"trade_id": 666966352, "side": "sell", "size": "0.00071000", "price": "2998.62000000", "time": "2025-07-14T19:10:10.393318Z", "fetched_at": "2025-07-14T19:10:50.244347+00:00", "symbol": "ETH-USD"}, {"trade_id": 666966351, "side": "sell", "size": "0.00300000", "price": "2998.61000000", "time": "2025-07-14T19:10:10.393318Z", "fetched_at": "2025-07-14T19:10:50.244347+00:00", "symbol": "ETH-USD"}, {"trade_id": 666966350, "side": "sell", "size": "0.00024001", "price": "2998.61000000", "time": "2025-07-14T19:10:10.393318Z", "fetched_at": "2025-07-14T19:10:50.244347+00:00", "symbol": "ETH-USD"}, {"trade_id": 666966349, "side": "sell", "size": "0.00005588", "price": "2998.61000000", "time": "2025-07-14T19:10:10.393318Z", "fetched_at": "2025-07-14T19:10:50.244347+00:00", "symbol": "ETH-USD"}, {"trade_id": 666966348, "side": "sell", "size": "0.00010335", "price": "2998.61000000", "time": "2025-07-14T19:10:10.393318Z", "fetched_at": "2025-07-14T19:10:50.244347+00:00", "symbol": "ETH-USD"}, {"trade_id": 666966347, "side": "sell", "size": "0.00031000", "price": "2998.61000000", "time": "2025-07-14T19:10:10.393318Z", "fetched_at": "2025-07-14T19:10:50.244347+00:00", "symbol": "ETH-USD"}, {"trade_id": 666966346, "side": "buy", "size": "0.00219000", "price": "2998.60000000", "time": "2025-07-14T19:10:09.865335Z", "fetched_at": "2025-07-14T19:10:50.244347+00:00", "symbol": "ETH-USD"}, {"trade_id": 666966345, "side": "sell", "size": "0.00041072", "price": "2998.57000000", "time": "2025-07-14T19:10:09.790686Z", "fetched_at": "2025-07-14T19:10:50.244347+00:00", "symbol": "ETH-USD"}, {"trade_id": 666966344, "side": "buy", "size": "0.00363207", "price": "2998.29000000", "time": "2025-07-14T19:10:08.059549Z", "fetched_at": "2025-07-14T19:10:50.244347+00:00", "symbol": "ETH-USD"}, {"trade_id": 666966343, "side": "buy", "size": "0.00001334", "price": "2998.37000000", "time": "2025-07-14T19:10:08.059549Z", "fetched_at": "2025-07-14T19:10:50.244347+00:00", "symbol": "ETH-USD"}, {"trade_id": 666966342, "side": "buy", "size": "0.00314247", "price": "2998.37000000", "time": "2025-07-14T19:10:08.034930Z", "fetched_at": "2025-07-14T19:10:50.244347+00:00", "symbol": "ETH-USD"}, {"trade_id": 666966341, "side": "buy", "size": "0.00001334", "price": "2998.38000000", "time": "2025-07-14T19:10:08.034930Z", "fetched_at": "2025-07-14T19:10:50.244347+00:00", "symbol": "ETH-USD"}, {"trade_id": 666966340, "side": "buy", "size": "1.40000000", "price": "2998.36000000", "time": "2025-07-14T19:10:08.025053Z", "fetched_at": "2025-07-14T19:10:50.244347+00:00", "symbol": "ETH-USD"}, {"trade_id": 666966339, "side": "buy", "size": "0.00315580", "price": "2998.38000000", "time": "2025-07-14T19:10:08.025053Z", "fetched_at": "2025-07-14T19:10:50.244347+00:00", "symbol": "ETH-USD"}, {"trade_id": 666966338, "side": "buy", "size": "0.30000000", "price": "2998.37000000", "time": "2025-07-14T19:10:08.012821Z", "fetched_at": "2025-07-14T19:10:50.244347+00:00", "symbol": "ETH-USD"}, {"trade_id": 666966337, "side": "buy", "size": "0.19253461", "price": "2998.37000000", "time": "2025-07-14T19:10:08.012821Z", "fetched_at": "2025-07-14T19:10:50.244347+00:00", "symbol": "ETH-USD"}, {"trade_id": 666966336, "side": "buy", "size": "0.00315580", "price": "2998.38000000", "time": "2025-07-14T19:10:08.012821Z", "fetched_at": "2025-07-14T19:10:50.244347+00:00", "symbol": "ETH-USD"}, {"trade_id": 666966335, "side": "buy", "size": "0.00280000", "price": "2998.55000000", "time": "2025-07-14T19:10:07.520273Z", "fetched_at": "2025-07-14T19:10:50.244347+00:00", "symbol": "ETH-USD"}, {"trade_id": 666966334, "side": "buy", "size": "0.00315573", "price": "2998.45000000", "time": "2025-07-14T19:10:07.415900Z", "fetched_at": "2025-07-14T19:10:50.244347+00:00", "symbol": "ETH-USD"}, {"trade_id": 666966333, "side": "buy", "size": "0.00091047", "price": "2998.45000000", "time": "2025-07-14T19:10:07.401628Z", "fetched_at": "2025-07-14T19:10:50.244347+00:00", "symbol": "ETH-USD"}, {"trade_id": 666966332, "side": "buy", "size": "0.00315573", "price": "2998.45000000", "time": "2025-07-14T19:10:07.401628Z", "fetched_at": "2025-07-14T19:10:50.244347+00:00", "symbol": "ETH-USD"}, {"trade_id": 666966331, "side": "buy", "size": "0.00315576", "price": "2998.42000000", "time": "2025-07-14T19:10:07.267924Z", "fetched_at": "2025-07-14T19:10:50.244347+00:00", "symbol": "ETH-USD"}, {"trade_id": 666966330, "side": "buy", "size": "0.00315576", "price": "2998.42000000", "time": "2025-07-14T19:10:07.255268Z", "fetched_at": "2025-07-14T19:10:50.244347+00:00", "symbol": "ETH-USD"}, {"trade_id": 666966329, "side": "buy", "size": "0.00315576", "price": "2998.42000000", "time": "2025-07-14T19:10:07.242514Z", "fetched_at": "2025-07-14T19:10:50.244347+00:00", "symbol": "ETH-USD"}, {"trade_id": 666966328, "side": "buy", "size": "0.00315573", "price": "2998.45000000", "time": "2025-07-14T19:10:07.228929Z", "fetched_at": "2025-07-14T19:10:50.244347+00:00", "symbol": "ETH-USD"}, {"trade_id": 666966327, "side": "buy", "size": "0.00315573", "price": "2998.45000000", "time": "2025-07-14T19:10:07.217410Z", "fetched_at": "2025-07-14T19:10:50.244347+00:00", "symbol": "ETH-USD"}, {"trade_id": 666966326, "side": "buy", "size": "0.00315573", "price": "2998.45000000", "time": "2025-07-14T19:10:07.204503Z", "fetched_at": "2025-07-14T19:10:50.244347+00:00", "symbol": "ETH-USD"}, {"trade_id": 666966325, "side": "buy", "size": "0.00315573", "price": "2998.45000000", "time": "2025-07-14T19:10:07.192236Z", "fetched_at": "2025-07-14T19:10:50.244347+00:00", "symbol": "ETH-USD"}, {"trade_id": 666966324, "side": "buy", "size": "0.00315576", "price": "2998.42000000", "time": "2025-07-14T19:10:07.179620Z", "fetched_at": "2025-07-14T19:10:50.244347+00:00", "symbol": "ETH-USD"}, {"trade_id": 666966323, "side": "buy", "size": "0.00315576", "price": "2998.42000000", "time": "2025-07-14T19:10:07.166520Z", "fetched_at": "2025-07-14T19:10:50.244347+00:00", "symbol": "ETH-USD"}, {"trade_id": 666966322, "side": "buy", "size": "0.00315573", "price": "2998.45000000", "time": "2025-07-14T19:10:07.155049Z", "fetched_at": "2025-07-14T19:10:50.244347+00:00", "symbol": "ETH-USD"}, {"trade_id": 666966321, "side": "buy", "size": "0.00315573", "price": "2998.45000000", "time": "2025-07-14T19:10:07.141722Z", "fetched_at": "2025-07-14T19:10:50.244347+00:00", "symbol": "ETH-USD"}, {"trade_id": 666966320, "side": "buy", "size": "0.00315573", "price": "2998.45000000", "time": "2025-07-14T19:10:07.130104Z", "fetched_at": "2025-07-14T19:10:50.244347+00:00", "symbol": "ETH-USD"}, {"trade_id": 666966319, "side": "buy", "size": "0.00315573", "price": "2998.45000000", "time": "2025-07-14T19:10:07.115992Z", "fetched_at": "2025-07-14T19:10:50.244347+00:00", "symbol": "ETH-USD"}, {"trade_id": 666966318, "side": "buy", "size": "0.00315578", "price": "2998.40000000", "time": "2025-07-14T19:10:06.898675Z", "fetched_at": "2025-07-14T19:10:50.244347+00:00", "symbol": "ETH-USD"}, {"trade_id": 666966317, "side": "buy", "size": "0.00315573", "price": "2998.45000000", "time": "2025-07-14T19:10:06.862278Z", "fetched_at": "2025-07-14T19:10:50.244347+00:00", "symbol": "ETH-USD"}, {"trade_id": 666966316, "side": "buy", "size": "0.00315573", "price": "2998.45000000", "time": "2025-07-14T19:10:06.849236Z", "fetched_at": "2025-07-14T19:10:50.244347+00:00", "symbol": "ETH-USD"}, {"trade_id": 666966315, "side": "buy", "size": "0.00315573", "price": "2998.45000000", "time": "2025-07-14T19:10:06.836675Z", "fetched_at": "2025-07-14T19:10:50.244347+00:00", "symbol": "ETH-USD"}, {"trade_id": 666966314, "side": "buy", "size": "0.00315573", "price": "2998.45000000", "time": "2025-07-14T19:10:06.824449Z", "fetched_at": "2025-07-14T19:10:50.244347+00:00", "symbol": "ETH-USD"}, {"trade_id": 666966313, "side": "buy", "size": "0.00315573", "price": "2998.45000000", "time": "2025-07-14T19:10:06.811242Z", "fetched_at": "2025-07-14T19:10:50.244347+00:00", "symbol": "ETH-USD"}, {"trade_id": 666966312, "side": "buy", "size": "0.00315573", "price": "2998.45000000", "time": "2025-07-14T19:10:06.798402Z", "fetched_at": "2025-07-14T19:10:50.244347+00:00", "symbol": "ETH-USD"}, {"trade_id": 666966311, "side": "buy", "size": "0.00315573", "price": "2998.45000000", "time": "2025-07-14T19:10:06.786882Z", "fetched_at": "2025-07-14T19:10:50.244347+00:00", "symbol": "ETH-USD"}, {"trade_id": 666966310, "side": "sell", "size": "0.06959104", "price": "2998.31000000", "time": "2025-07-14T19:10:06.775286Z", "fetched_at": "2025-07-14T19:10:50.244347+00:00", "symbol": "ETH-USD"}, {"trade_id": 666966309, "side": "buy", "size": "0.00181424", "price": "2998.49000000", "time": "2025-07-14T19:10:06.616454Z", "fetched_at": "2025-07-14T19:10:50.244347+00:00", "symbol": "ETH-USD"}, {"trade_id": 666966308, "side": "buy", "size": "0.00315566", "price": "2998.51000000", "time": "2025-07-14T19:10:06.616454Z", "fetched_at": "2025-07-14T19:10:50.244347+00:00", "symbol": "ETH-USD"}, {"trade_id": 666966307, "side": "sell", "size": "0.25899735", "price": "2998.50000000", "time": "2025-07-14T19:10:06.463786Z", "fetched_at": "2025-07-14T19:10:50.244347+00:00", "symbol": "ETH-USD"}, {"trade_id": 666966306, "side": "buy", "size": "0.00315568", "price": "2998.50000000", "time": "2025-07-14T19:10:06.069422Z", "fetched_at": "2025-07-14T19:10:50.244347+00:00", "symbol": "ETH-USD"}, {"trade_id": 666966305, "side": "buy", "size": "0.00626980", "price": "2998.50000000", "time": "2025-07-14T19:10:06.050696Z", "fetched_at": "2025-07-14T19:10:50.244347+00:00", "symbol": "ETH-USD"}, {"trade_id": 666966304, "side": "buy", "size": "0.00001000", "price": "2998.50000000", "time": "2025-07-14T19:10:06.050696Z", "fetched_at": "2025-07-14T19:10:50.244347+00:00", "symbol": "ETH-USD"}, {"trade_id": 666966303, "side": "buy", "size": "0.00315568", "price": "2998.50000000", "time": "2025-07-14T19:10:06.050696Z", "fetched_at": "2025-07-14T19:10:50.244347+00:00", "symbol": "ETH-USD"}, {"trade_id": 666966302, "side": "buy", "size": "0.00315568", "price": "2998.50000000", "time": "2025-07-14T19:10:05.781140Z", "fetched_at": "2025-07-14T19:10:50.244347+00:00", "symbol": "ETH-USD"}, {"trade_id": 666966301, "side": "buy", "size": "0.00315568", "price": "2998.50000000", "time": "2025-07-14T19:10:05.768519Z", "fetched_at": "2025-07-14T19:10:50.244347+00:00", "symbol": "ETH-USD"}, {"trade_id": 666966300, "side": "buy", "size": "0.00315562", "price": "2998.55000000", "time": "2025-07-14T19:10:05.703737Z", "fetched_at": "2025-07-14T19:10:50.244347+00:00", "symbol": "ETH-USD"}, {"trade_id": 666966299, "side": "buy", "size": "0.00315562", "price": "2998.55000000", "time": "2025-07-14T19:10:05.693461Z", "fetched_at": "2025-07-14T19:10:50.244347+00:00", "symbol": "ETH-USD"}, {"trade_id": 666966298, "side": "sell", "size": "0.16676783", "price": "2998.18000000", "time": "2025-07-14T19:10:05.285285Z", "fetched_at": "2025-07-14T19:10:50.244347+00:00", "symbol": "ETH-USD"}, {"trade_id": 666966297, "side": "sell", "size": "0.83383924", "price": "2998.18000000", "time": "2025-07-14T19:10:05.285285Z", "fetched_at": "2025-07-14T19:10:50.244347+00:00", "symbol": "ETH-USD"}, {"trade_id": 666966296, "side": "buy", "size": "0.00315600", "price": "2998.19000000", "time": "2025-07-14T19:10:05.195722Z", "fetched_at": "2025-07-14T19:10:50.244347+00:00", "symbol": "ETH-USD"}, {"trade_id": 666966295, "side": "buy", "size": "0.00315600", "price": "2998.19000000", "time": "2025-07-14T19:10:05.182814Z", "fetched_at": "2025-07-14T19:10:50.244347+00:00", "symbol": "ETH-USD"}, {"trade_id": 666966294, "side": "buy", "size": "0.04201683", "price": "2998.09000000", "time": "2025-07-14T19:10:05.095787Z", "fetched_at": "2025-07-14T19:10:50.244347+00:00", "symbol": "ETH-USD"}, {"trade_id": 666966293, "side": "buy", "size": "0.00315611", "price": "2998.09000000", "time": "2025-07-14T19:10:05.095787Z", "fetched_at": "2025-07-14T19:10:50.244347+00:00", "symbol": "ETH-USD"}, {"trade_id": 666966292, "side": "buy", "size": "0.00224590", "price": "2998.04000000", "time": "2025-07-14T19:10:04.935439Z", "fetched_at": "2025-07-14T19:10:50.244347+00:00", "symbol": "ETH-USD"}, {"trade_id": 666966291, "side": "buy", "size": "0.69355668", "price": "2998.06000000", "time": "2025-07-14T19:10:04.935439Z", "fetched_at": "2025-07-14T19:10:50.244347+00:00", "symbol": "ETH-USD"}, {"trade_id": 666966290, "side": "buy", "size": "0.00000667", "price": "2998.09000000", "time": "2025-07-14T19:10:04.935439Z", "fetched_at": "2025-07-14T19:10:50.244347+00:00", "symbol": "ETH-USD"}, {"trade_id": 666966289, "side": "buy", "size": "0.01394888", "price": "2998.09000000", "time": "2025-07-14T19:10:04.935439Z", "fetched_at": "2025-07-14T19:10:50.244347+00:00", "symbol": "ETH-USD"}, {"trade_id": 666966288, "side": "buy", "size": "0.42817870", "price": "2998.06000000", "time": "2025-07-14T19:10:04.924966Z", "fetched_at": "2025-07-14T19:10:50.244347+00:00", "symbol": "ETH-USD"}, {"trade_id": 666966287, "side": "buy", "size": "1.30000000", "price": "2998.07000000", "time": "2025-07-14T19:10:04.924966Z", "fetched_at": "2025-07-14T19:10:50.244347+00:00", "symbol": "ETH-USD"}, {"trade_id": 666966286, "side": "buy", "size": "0.00315611", "price": "2998.09000000", "time": "2025-07-14T19:10:04.924966Z", "fetched_at": "2025-07-14T19:10:50.244347+00:00", "symbol": "ETH-USD"}, {"trade_id": 666966285, "side": "buy", "size": "0.00315590", "price": "2998.29000000", "time": "2025-07-14T19:10:04.659903Z", "fetched_at": "2025-07-14T19:10:50.244347+00:00", "symbol": "ETH-USD"}, {"trade_id": 666966284, "side": "buy", "size": "0.00315591", "price": "2998.28000000", "time": "2025-07-14T19:10:04.634493Z", "fetched_at": "2025-07-14T19:10:50.244347+00:00", "symbol": "ETH-USD"}, {"trade_id": 666966283, "side": "buy", "size": "1.66768951", "price": "2998.16000000", "time": "2025-07-14T19:10:04.296553Z", "fetched_at": "2025-07-14T19:10:50.244347+00:00", "symbol": "ETH-USD"}, {"trade_id": 666966282, "side": "buy", "size": "0.00100000", "price": "2998.16000000", "time": "2025-07-14T19:10:04.296553Z", "fetched_at": "2025-07-14T19:10:50.244347+00:00", "symbol": "ETH-USD"}, {"trade_id": 666966281, "side": "buy", "size": "0.00315602", "price": "2998.17000000", "time": "2025-07-14T19:10:04.296553Z", "fetched_at": "2025-07-14T19:10:50.244347+00:00", "symbol": "ETH-USD"}, {"trade_id": 666966280, "side": "buy", "size": "0.00315589", "price": "2998.30000000", "time": "2025-07-14T19:10:04.234348Z", "fetched_at": "2025-07-14T19:10:50.244347+00:00", "symbol": "ETH-USD"}, {"trade_id": 666966279, "side": "buy", "size": "0.80000000", "price": "2998.25000000", "time": "2025-07-14T19:10:04.224570Z", "fetched_at": "2025-07-14T19:10:50.244347+00:00", "symbol": "ETH-USD"}, {"trade_id": 666966278, "side": "buy", "size": "0.00315593", "price": "2998.26000000", "time": "2025-07-14T19:10:04.224570Z", "fetched_at": "2025-07-14T19:10:50.244347+00:00", "symbol": "ETH-USD"}, {"trade_id": 666966277, "side": "buy", "size": "0.00315584", "price": "2998.34000000", "time": "2025-07-14T19:10:04.165423Z", "fetched_at": "2025-07-14T19:10:50.244347+00:00", "symbol": "ETH-USD"}, {"trade_id": 666966276, "side": "buy", "size": "0.06891839", "price": "2998.22000000", "time": "2025-07-14T19:10:04.032740Z", "fetched_at": "2025-07-14T19:10:50.244347+00:00", "symbol": "ETH-USD"}, {"trade_id": 666966275, "side": "buy", "size": "0.00315581", "price": "2998.37000000", "time": "2025-07-14T19:10:04.032740Z", "fetched_at": "2025-07-14T19:10:50.244347+00:00", "symbol": "ETH-USD"}, {"trade_id": 666966274, "side": "buy", "size": "0.00529640", "price": "2998.19000000", "time": "2025-07-14T19:10:04.007295Z", "fetched_at": "2025-07-14T19:10:50.244347+00:00", "symbol": "ETH-USD"}, {"trade_id": 666966273, "side": "buy", "size": "0.00627345", "price": "2998.35000000", "time": "2025-07-14T19:10:04.007295Z", "fetched_at": "2025-07-14T19:10:50.244347+00:00", "symbol": "ETH-USD"}, {"trade_id": 666966272, "side": "buy", "size": "0.00315579", "price": "2998.39000000", "time": "2025-07-14T19:10:04.007295Z", "fetched_at": "2025-07-14T19:10:50.244347+00:00", "symbol": "ETH-USD"}, {"trade_id": 666966271, "side": "sell", "size": "0.03637723", "price": "2998.39000000", "time": "2025-07-14T19:10:03.357365Z", "fetched_at": "2025-07-14T19:10:50.244347+00:00", "symbol": "ETH-USD"}, {"trade_id": 666966270, "side": "buy", "size": "0.00315580", "price": "2998.38000000", "time": "2025-07-14T19:10:03.202304Z", "fetched_at": "2025-07-14T19:10:50.244347+00:00", "symbol": "ETH-USD"}, {"trade_id": 666966269, "side": "buy", "size": "0.00315580", "price": "2998.38000000", "time": "2025-07-14T19:10:03.178420Z", "fetched_at": "2025-07-14T19:10:50.244347+00:00", "symbol": "ETH-USD"}, {"trade_id": 666966268, "side": "buy", "size": "0.00315579", "price": "2998.39000000", "time": "2025-07-14T19:10:03.063019Z", "fetched_at": "2025-07-14T19:10:50.244347+00:00", "symbol": "ETH-USD"}, {"trade_id": 666966267, "side": "buy", "size": "0.00315576", "price": "2998.42000000", "time": "2025-07-14T19:10:03.050163Z", "fetched_at": "2025-07-14T19:10:50.244347+00:00", "symbol": "ETH-USD"}, {"trade_id": 666966266, "side": "buy", "size": "0.00100000", "price": "2998.38000000", "time": "2025-07-14T19:10:03.028331Z", "fetched_at": "2025-07-14T19:10:50.244347+00:00", "symbol": "ETH-USD"}, {"trade_id": 666966265, "side": "buy", "size": "0.79900000", "price": "2998.40000000", "time": "2025-07-14T19:10:03.017808Z", "fetched_at": "2025-07-14T19:10:50.244347+00:00", "symbol": "ETH-USD"}, {"trade_id": 666966264, "side": "buy", "size": "0.00100000", "price": "2998.40000000", "time": "2025-07-14T19:10:03.007647Z", "fetched_at": "2025-07-14T19:10:50.244347+00:00", "symbol": "ETH-USD"}, {"trade_id": 666966263, "side": "buy", "size": "0.00451877", "price": "2998.60000000", "time": "2025-07-14T19:10:02.999543Z", "fetched_at": "2025-07-14T19:10:50.244347+00:00", "symbol": "ETH-USD"}, {"trade_id": 666966262, "side": "buy", "size": "0.01799839", "price": "2998.60000000", "time": "2025-07-14T19:10:02.999543Z", "fetched_at": "2025-07-14T19:10:50.244347+00:00", "symbol": "ETH-USD"}, {"trade_id": 666966261, "side": "buy", "size": "1.29244730", "price": "2998.60000000", "time": "2025-07-14T19:10:02.999543Z", "fetched_at": "2025-07-14T19:10:50.244347+00:00", "symbol": "ETH-USD"}, {"trade_id": 666966260, "side": "sell", "size": "0.06804748", "price": "2998.61000000", "time": "2025-07-14T19:10:02.515346Z", "fetched_at": "2025-07-14T19:10:50.244347+00:00", "symbol": "ETH-USD"}, {"trade_id": 666966259, "side": "buy", "size": "0.37499750", "price": "2998.60000000", "time": "2025-07-14T19:10:02.402408Z", "fetched_at": "2025-07-14T19:10:50.244347+00:00", "symbol": "ETH-USD"}, {"trade_id": 666966258, "side": "buy", "size": "0.00100000", "price": "2998.60000000", "time": "2025-07-14T19:10:02.402408Z", "fetched_at": "2025-07-14T19:10:50.244347+00:00", "symbol": "ETH-USD"}, {"trade_id": 666966257, "side": "buy", "size": "0.00051653", "price": "2998.81000000", "time": "2025-07-14T19:10:02.402408Z", "fetched_at": "2025-07-14T19:10:50.244347+00:00", "symbol": "ETH-USD"}, {"trade_id": 666966256, "side": "buy", "size": "1.66732248", "price": "2998.82000000", "time": "2025-07-14T19:10:02.364095Z", "fetched_at": "2025-07-14T19:10:50.244347+00:00", "symbol": "ETH-USD"}, {"trade_id": 666966255, "side": "buy", "size": "0.00100000", "price": "2998.82000000", "time": "2025-07-14T19:10:02.364095Z", "fetched_at": "2025-07-14T19:10:50.244347+00:00", "symbol": "ETH-USD"}, {"trade_id": 666966254, "side": "buy", "size": "0.57751804", "price": "2998.85000000", "time": "2025-07-14T19:10:02.353212Z", "fetched_at": "2025-07-14T19:10:50.244347+00:00", "symbol": "ETH-USD"}, {"trade_id": 666966253, "side": "buy", "size": "0.00448171", "price": "2998.85000000", "time": "2025-07-14T19:10:02.353212Z", "fetched_at": "2025-07-14T19:10:50.244347+00:00", "symbol": "ETH-USD"}, {"trade_id": 666966252, "side": "buy", "size": "0.00049403", "price": "2998.85000000", "time": "2025-07-14T19:10:02.353212Z", "fetched_at": "2025-07-14T19:10:50.244347+00:00", "symbol": "ETH-USD"}, {"trade_id": 666966251, "side": "sell", "size": "0.04548296", "price": "2998.86000000", "time": "2025-07-14T19:10:02.333745Z", "fetched_at": "2025-07-14T19:10:50.244347+00:00", "symbol": "ETH-USD"}, {"trade_id": 666966250, "side": "buy", "size": "1.30000000", "price": "2998.83000000", "time": "2025-07-14T19:10:01.622044Z", "fetched_at": "2025-07-14T19:10:50.244347+00:00", "symbol": "ETH-USD"}, {"trade_id": 666966249, "side": "buy", "size": "0.70000000", "price": "2998.84000000", "time": "2025-07-14T19:10:01.622044Z", "fetched_at": "2025-07-14T19:10:50.244347+00:00", "symbol": "ETH-USD"}, {"trade_id": 666966248, "side": "buy", "size": "0.00299620", "price": "2998.89000000", "time": "2025-07-14T19:10:01.610345Z", "fetched_at": "2025-07-14T19:10:50.244347+00:00", "symbol": "ETH-USD"}, {"trade_id": 666966247, "side": "buy", "size": "0.00299620", "price": "2998.89000000", "time": "2025-07-14T19:10:01.571302Z", "fetched_at": "2025-07-14T19:10:50.244347+00:00", "symbol": "ETH-USD"}, {"trade_id": 666966246, "side": "buy", "size": "0.00299617", "price": "2998.92000000", "time": "2025-07-14T19:10:01.498765Z", "fetched_at": "2025-07-14T19:10:50.244347+00:00", "symbol": "ETH-USD"}, {"trade_id": 666966245, "side": "buy", "size": "0.00299617", "price": "2998.92000000", "time": "2025-07-14T19:10:01.485622Z", "fetched_at": "2025-07-14T19:10:50.244347+00:00", "symbol": "ETH-USD"}, {"trade_id": 666966244, "side": "buy", "size": "0.00299617", "price": "2998.92000000", "time": "2025-07-14T19:10:01.474567Z", "fetched_at": "2025-07-14T19:10:50.244347+00:00", "symbol": "ETH-USD"}, {"trade_id": 666966243, "side": "buy", "size": "0.00301647", "price": "2999.04000000", "time": "2025-07-14T19:10:01.226747Z", "fetched_at": "2025-07-14T19:10:50.244347+00:00", "symbol": "ETH-USD"}, {"trade_id": 666966242, "side": "buy", "size": "0.00301644", "price": "2999.07000000", "time": "2025-07-14T19:10:01.215395Z", "fetched_at": "2025-07-14T19:10:50.244347+00:00", "symbol": "ETH-USD"}, {"trade_id": 666966241, "side": "buy", "size": "0.00301642", "price": "2999.09000000", "time": "2025-07-14T19:10:01.190063Z", "fetched_at": "2025-07-14T19:10:50.244347+00:00", "symbol": "ETH-USD"}, {"trade_id": 666966240, "side": "buy", "size": "0.00893276", "price": "2999.07000000", "time": "2025-07-14T19:10:01.162131Z", "fetched_at": "2025-07-14T19:10:50.244347+00:00", "symbol": "ETH-USD"}, {"trade_id": 666966239, "side": "buy", "size": "0.99449496", "price": "2999.07000000", "time": "2025-07-14T19:10:01.162131Z", "fetched_at": "2025-07-14T19:10:50.244347+00:00", "symbol": "ETH-USD"}, {"trade_id": 666966238, "side": "buy", "size": "0.00301642", "price": "2999.09000000", "time": "2025-07-14T19:10:01.162131Z", "fetched_at": "2025-07-14T19:10:50.244347+00:00", "symbol": "ETH-USD"}, {"trade_id": 666966237, "side": "buy", "size": "0.00301642", "price": "2999.09000000", "time": "2025-07-14T19:10:01.151725Z", "fetched_at": "2025-07-14T19:10:50.244347+00:00", "symbol": "ETH-USD"}, {"trade_id": 666966236, "side": "sell", "size": "0.33044363", "price": "2999.40000000", "time": "2025-07-14T19:10:00.981913Z", "fetched_at": "2025-07-14T19:10:50.244347+00:00", "symbol": "ETH-USD"}, {"trade_id": 666966235, "side": "sell", "size": "0.08302644", "price": "2999.38000000", "time": "2025-07-14T19:10:00.981913Z", "fetched_at": "2025-07-14T19:10:50.244347+00:00", "symbol": "ETH-USD"}, {"trade_id": 666966234, "side": "sell", "size": "0.09965777", "price": "2999.38000000", "time": "2025-07-14T19:10:00.981913Z", "fetched_at": "2025-07-14T19:10:50.244347+00:00", "symbol": "ETH-USD"}, {"trade_id": 666966233, "side": "sell", "size": "0.49400646", "price": "2999.37000000", "time": "2025-07-14T19:10:00.981913Z", "fetched_at": "2025-07-14T19:10:50.244347+00:00", "symbol": "ETH-USD"}, {"trade_id": 666966232, "side": "buy", "size": "0.00301403", "price": "2999.10000000", "time": "2025-07-14T19:10:00.658607Z", "fetched_at": "2025-07-14T19:10:50.244347+00:00", "symbol": "ETH-USD"}, {"trade_id": 666966231, "side": "buy", "size": "0.00100000", "price": "2999.04000000", "time": "2025-07-14T19:10:00.463002Z", "fetched_at": "2025-07-14T19:10:50.244347+00:00", "symbol": "ETH-USD"}, {"trade_id": 666966230, "side": "buy", "size": "0.00269270", "price": "2999.17000000", "time": "2025-07-14T19:10:00.423634Z", "fetched_at": "2025-07-14T19:10:50.244347+00:00", "symbol": "ETH-USD"}, {"trade_id": 666966229, "side": "buy", "size": "0.02304775", "price": "2999.17000000", "time": "2025-07-14T19:10:00.411305Z", "fetched_at": "2025-07-14T19:10:50.244347+00:00", "symbol": "ETH-USD"}, {"trade_id": 666966228, "side": "buy", "size": "1.60297348", "price": "2999.17000000", "time": "2025-07-14T19:10:00.411305Z", "fetched_at": "2025-07-14T19:10:50.244347+00:00", "symbol": "ETH-USD"}, {"trade_id": 666966227, "side": "buy", "size": "0.00269270", "price": "2999.18000000", "time": "2025-07-14T19:10:00.411305Z", "fetched_at": "2025-07-14T19:10:50.244347+00:00", "symbol": "ETH-USD"}, {"trade_id": 666966226, "side": "buy", "size": "0.56852989", "price": "2999.36000000", "time": "2025-07-14T19:10:00.395602Z", "fetched_at": "2025-07-14T19:10:50.244347+00:00", "symbol": "ETH-USD"}, {"trade_id": 666966225, "side": "buy", "size": "1.09849240", "price": "2999.36000000", "time": "2025-07-14T19:10:00.395226Z", "fetched_at": "2025-07-14T19:10:50.244347+00:00", "symbol": "ETH-USD"}, {"trade_id": 666966224, "side": "buy", "size": "0.00269267", "price": "2999.21000000", "time": "2025-07-14T19:10:00.390667Z", "fetched_at": "2025-07-14T19:10:50.244347+00:00", "symbol": "ETH-USD"}, {"trade_id": 666966223, "side": "buy", "size": "0.00896857", "price": "2999.36000000", "time": "2025-07-14T19:10:00.373546Z", "fetched_at": "2025-07-14T19:10:50.244347+00:00", "symbol": "ETH-USD"}, {"trade_id": 666966222, "side": "buy", "size": "0.06415035", "price": "2999.36000000", "time": "2025-07-14T19:10:00.373546Z", "fetched_at": "2025-07-14T19:10:50.244347+00:00", "symbol": "ETH-USD"}, {"trade_id": 666966221, "side": "buy", "size": "0.00016443", "price": "2999.46000000", "time": "2025-07-14T19:09:59.706665Z", "fetched_at": "2025-07-14T19:10:50.244347+00:00", "symbol": "ETH-USD"}, {"trade_id": 666966220, "side": "sell", "size": "0.03794219", "price": "2999.42000000", "time": "2025-07-14T19:09:59.536635Z", "fetched_at": "2025-07-14T19:10:50.244347+00:00", "symbol": "ETH-USD"}, {"trade_id": 666966219, "side": "buy", "size": "0.03077452", "price": "2999.20000000", "time": "2025-07-14T19:09:59.522141Z", "fetched_at": "2025-07-14T19:10:50.244347+00:00", "symbol": "ETH-USD"}, {"trade_id": 666966218, "side": "buy", "size": "0.00290876", "price": "2999.43000000", "time": "2025-07-14T19:09:59.522141Z", "fetched_at": "2025-07-14T19:10:50.244347+00:00", "symbol": "ETH-USD"}