[{"trade_id": 666951944, "side": "sell", "size": "0.00024763", "price": "2998.15000000", "time": "2025-07-14T18:39:28.336640Z", "fetched_at": "2025-07-14T18:39:31.959307+00:00", "symbol": "ETH-USD"}, {"trade_id": 666951943, "side": "sell", "size": "0.00069551", "price": "2998.15000000", "time": "2025-07-14T18:39:28.301842Z", "fetched_at": "2025-07-14T18:39:31.959307+00:00", "symbol": "ETH-USD"}, {"trade_id": 666951942, "side": "buy", "size": "0.00100000", "price": "2998.16000000", "time": "2025-07-14T18:39:28.056668Z", "fetched_at": "2025-07-14T18:39:31.959307+00:00", "symbol": "ETH-USD"}, {"trade_id": 666951941, "side": "buy", "size": "0.37576272", "price": "2998.16000000", "time": "2025-07-14T18:39:28.056668Z", "fetched_at": "2025-07-14T18:39:31.959307+00:00", "symbol": "ETH-USD"}, {"trade_id": 666951940, "side": "buy", "size": "0.83383390", "price": "2998.19000000", "time": "2025-07-14T18:39:28.056668Z", "fetched_at": "2025-07-14T18:39:31.959307+00:00", "symbol": "ETH-USD"}, {"trade_id": 666951939, "side": "buy", "size": "0.16676579", "price": "2998.21000000", "time": "2025-07-14T18:39:28.056668Z", "fetched_at": "2025-07-14T18:39:31.959307+00:00", "symbol": "ETH-USD"}, {"trade_id": 666951938, "side": "buy", "size": "0.00035128", "price": "2998.22000000", "time": "2025-07-14T18:39:28.056668Z", "fetched_at": "2025-07-14T18:39:31.959307+00:00", "symbol": "ETH-USD"}, {"trade_id": 666951937, "side": "buy", "size": "0.00100000", "price": "2998.38000000", "time": "2025-07-14T18:39:28.056668Z", "fetched_at": "2025-07-14T18:39:31.959307+00:00", "symbol": "ETH-USD"}, {"trade_id": 666951936, "side": "buy", "size": "0.00000333", "price": "2998.44000000", "time": "2025-07-14T18:39:28.056668Z", "fetched_at": "2025-07-14T18:39:31.959307+00:00", "symbol": "ETH-USD"}, {"trade_id": 666951935, "side": "buy", "size": "0.06504368", "price": "2998.60000000", "time": "2025-07-14T18:39:28.051255Z", "fetched_at": "2025-07-14T18:39:31.959307+00:00", "symbol": "ETH-USD"}, {"trade_id": 666951934, "side": "buy", "size": "0.01380977", "price": "2998.60000000", "time": "2025-07-14T18:39:28.051255Z", "fetched_at": "2025-07-14T18:39:31.959307+00:00", "symbol": "ETH-USD"}, {"trade_id": 666951933, "side": "buy", "size": "0.00100000", "price": "2998.60000000", "time": "2025-07-14T18:39:28.051255Z", "fetched_at": "2025-07-14T18:39:31.959307+00:00", "symbol": "ETH-USD"}, {"trade_id": 666951932, "side": "buy", "size": "1.37743011", "price": "2998.83000000", "time": "2025-07-14T18:39:27.360822Z", "fetched_at": "2025-07-14T18:39:31.959307+00:00", "symbol": "ETH-USD"}, {"trade_id": 666951931, "side": "sell", "size": "0.00024001", "price": "2998.81000000", "time": "2025-07-14T18:39:27.331185Z", "fetched_at": "2025-07-14T18:39:31.959307+00:00", "symbol": "ETH-USD"}, {"trade_id": 666951930, "side": "buy", "size": "0.60241234", "price": "2998.76000000", "time": "2025-07-14T18:39:26.958116Z", "fetched_at": "2025-07-14T18:39:31.959307+00:00", "symbol": "ETH-USD"}, {"trade_id": 666951929, "side": "buy", "size": "0.36469746", "price": "2998.80000000", "time": "2025-07-14T18:39:26.958116Z", "fetched_at": "2025-07-14T18:39:31.959307+00:00", "symbol": "ETH-USD"}, {"trade_id": 666951928, "side": "buy", "size": "0.16672293", "price": "2998.94000000", "time": "2025-07-14T18:39:26.957570Z", "fetched_at": "2025-07-14T18:39:31.959307+00:00", "symbol": "ETH-USD"}, {"trade_id": 666951927, "side": "buy", "size": "0.66690495", "price": "2998.94000000", "time": "2025-07-14T18:39:26.956826Z", "fetched_at": "2025-07-14T18:39:31.959307+00:00", "symbol": "ETH-USD"}, {"trade_id": 666951926, "side": "buy", "size": "0.16672293", "price": "2998.98000000", "time": "2025-07-14T18:39:26.956826Z", "fetched_at": "2025-07-14T18:39:31.959307+00:00", "symbol": "ETH-USD"}, {"trade_id": 666951925, "side": "buy", "size": "0.00000333", "price": "2999.03000000", "time": "2025-07-14T18:39:26.956184Z", "fetched_at": "2025-07-14T18:39:31.959307+00:00", "symbol": "ETH-USD"}, {"trade_id": 666951924, "side": "buy", "size": "0.53657246", "price": "2999.04000000", "time": "2025-07-14T18:39:26.956184Z", "fetched_at": "2025-07-14T18:39:31.959307+00:00", "symbol": "ETH-USD"}, {"trade_id": 666951923, "side": "buy", "size": "0.00037261", "price": "2999.24000000", "time": "2025-07-14T18:39:26.956184Z", "fetched_at": "2025-07-14T18:39:31.959307+00:00", "symbol": "ETH-USD"}, {"trade_id": 666951922, "side": "buy", "size": "0.19247658", "price": "2999.17000000", "time": "2025-07-14T18:39:26.944452Z", "fetched_at": "2025-07-14T18:39:31.959307+00:00", "symbol": "ETH-USD"}, {"trade_id": 666951921, "side": "buy", "size": "0.00001000", "price": "2999.24000000", "time": "2025-07-14T18:39:26.944452Z", "fetched_at": "2025-07-14T18:39:31.959307+00:00", "symbol": "ETH-USD"}, {"trade_id": 666951920, "side": "buy", "size": "0.00037261", "price": "2999.24000000", "time": "2025-07-14T18:39:26.944452Z", "fetched_at": "2025-07-14T18:39:31.959307+00:00", "symbol": "ETH-USD"}, {"trade_id": 666951919, "side": "sell", "size": "0.49794136", "price": "2999.26000000", "time": "2025-07-14T18:39:26.398509Z", "fetched_at": "2025-07-14T18:39:31.959307+00:00", "symbol": "ETH-USD"}, {"trade_id": 666951918, "side": "sell", "size": "0.47421247", "price": "2999.24000000", "time": "2025-07-14T18:39:26.398509Z", "fetched_at": "2025-07-14T18:39:31.959307+00:00", "symbol": "ETH-USD"}, {"trade_id": 666951917, "side": "sell", "size": "0.00385949", "price": "2999.27000000", "time": "2025-07-14T18:39:26.045536Z", "fetched_at": "2025-07-14T18:39:31.959307+00:00", "symbol": "ETH-USD"}, {"trade_id": 666951916, "side": "sell", "size": "0.00100000", "price": "2999.26000000", "time": "2025-07-14T18:39:26.045536Z", "fetched_at": "2025-07-14T18:39:31.959307+00:00", "symbol": "ETH-USD"}, {"trade_id": 666951915, "side": "sell", "size": "0.70236548", "price": "2999.20000000", "time": "2025-07-14T18:39:25.922541Z", "fetched_at": "2025-07-14T18:39:31.959307+00:00", "symbol": "ETH-USD"}, {"trade_id": 666951914, "side": "sell", "size": "0.00013730", "price": "2999.18000000", "time": "2025-07-14T18:39:25.922541Z", "fetched_at": "2025-07-14T18:39:31.959307+00:00", "symbol": "ETH-USD"}, {"trade_id": 666951913, "side": "sell", "size": "0.00378702", "price": "2999.20000000", "time": "2025-07-14T18:39:25.279778Z", "fetched_at": "2025-07-14T18:39:31.959307+00:00", "symbol": "ETH-USD"}, {"trade_id": 666951912, "side": "sell", "size": "0.00031003", "price": "2999.04000000", "time": "2025-07-14T18:39:25.279778Z", "fetched_at": "2025-07-14T18:39:31.959307+00:00", "symbol": "ETH-USD"}, {"trade_id": 666951911, "side": "sell", "size": "0.00371463", "price": "2999.04000000", "time": "2025-07-14T18:39:25.279778Z", "fetched_at": "2025-07-14T18:39:31.959307+00:00", "symbol": "ETH-USD"}, {"trade_id": 666951910, "side": "sell", "size": "0.00100000", "price": "2999.04000000", "time": "2025-07-14T18:39:25.279778Z", "fetched_at": "2025-07-14T18:39:31.959307+00:00", "symbol": "ETH-USD"}, {"trade_id": 666951909, "side": "buy", "size": "0.00347093", "price": "2999.03000000", "time": "2025-07-14T18:39:24.583345Z", "fetched_at": "2025-07-14T18:39:31.959307+00:00", "symbol": "ETH-USD"}, {"trade_id": 666951908, "side": "sell", "size": "0.00858895", "price": "2998.82000000", "time": "2025-07-14T18:39:24.358636Z", "fetched_at": "2025-07-14T18:39:31.959307+00:00", "symbol": "ETH-USD"}, {"trade_id": 666951907, "side": "sell", "size": "0.00100000", "price": "2998.82000000", "time": "2025-07-14T18:39:24.358636Z", "fetched_at": "2025-07-14T18:39:31.959307+00:00", "symbol": "ETH-USD"}, {"trade_id": 666951906, "side": "sell", "size": "0.00100000", "price": "2998.60000000", "time": "2025-07-14T18:39:24.162468Z", "fetched_at": "2025-07-14T18:39:31.959307+00:00", "symbol": "ETH-USD"}, {"trade_id": 666951905, "side": "sell", "size": "1.01564026", "price": "2998.50000000", "time": "2025-07-14T18:39:24.142430Z", "fetched_at": "2025-07-14T18:39:31.959307+00:00", "symbol": "ETH-USD"}, {"trade_id": 666951904, "side": "sell", "size": "0.80316662", "price": "2998.50000000", "time": "2025-07-14T18:39:24.142430Z", "fetched_at": "2025-07-14T18:39:31.959307+00:00", "symbol": "ETH-USD"}, {"trade_id": 666951903, "side": "sell", "size": "0.84079999", "price": "2998.50000000", "time": "2025-07-14T18:39:24.140854Z", "fetched_at": "2025-07-14T18:39:31.959307+00:00", "symbol": "ETH-USD"}, {"trade_id": 666951902, "side": "sell", "size": "0.56705115", "price": "2998.50000000", "time": "2025-07-14T18:39:24.140451Z", "fetched_at": "2025-07-14T18:39:31.959307+00:00", "symbol": "ETH-USD"}, {"trade_id": 666951901, "side": "sell", "size": "2.78898224", "price": "2998.50000000", "time": "2025-07-14T18:39:24.139871Z", "fetched_at": "2025-07-14T18:39:31.959307+00:00", "symbol": "ETH-USD"}, {"trade_id": 666951900, "side": "sell", "size": "0.00031002", "price": "2998.45000000", "time": "2025-07-14T18:39:24.139871Z", "fetched_at": "2025-07-14T18:39:31.959307+00:00", "symbol": "ETH-USD"}, {"trade_id": 666951899, "side": "buy", "size": "0.03301546", "price": "2998.44000000", "time": "2025-07-14T18:39:23.843184Z", "fetched_at": "2025-07-14T18:39:31.959307+00:00", "symbol": "ETH-USD"}, {"trade_id": 666951898, "side": "sell", "size": "5.00000000", "price": "2998.20000000", "time": "2025-07-14T18:39:23.287359Z", "fetched_at": "2025-07-14T18:39:31.959307+00:00", "symbol": "ETH-USD"}, {"trade_id": 666951897, "side": "sell", "size": "0.00107727", "price": "2998.19000000", "time": "2025-07-14T18:39:23.287359Z", "fetched_at": "2025-07-14T18:39:31.959307+00:00", "symbol": "ETH-USD"}, {"trade_id": 666951896, "side": "sell", "size": "5.20000000", "price": "2998.09000000", "time": "2025-07-14T18:39:23.284347Z", "fetched_at": "2025-07-14T18:39:31.959307+00:00", "symbol": "ETH-USD"}, {"trade_id": 666951895, "side": "sell", "size": "0.00017059", "price": "2997.95000000", "time": "2025-07-14T18:39:23.284347Z", "fetched_at": "2025-07-14T18:39:31.959307+00:00", "symbol": "ETH-USD"}, {"trade_id": 666951894, "side": "sell", "size": "0.00007769", "price": "2997.95000000", "time": "2025-07-14T18:39:23.284347Z", "fetched_at": "2025-07-14T18:39:31.959307+00:00", "symbol": "ETH-USD"}, {"trade_id": 666951893, "side": "sell", "size": "0.00404845", "price": "2997.95000000", "time": "2025-07-14T18:39:23.284347Z", "fetched_at": "2025-07-14T18:39:31.959307+00:00", "symbol": "ETH-USD"}, {"trade_id": 666951892, "side": "sell", "size": "0.00028943", "price": "2997.95000000", "time": "2025-07-14T18:39:23.284347Z", "fetched_at": "2025-07-14T18:39:31.959307+00:00", "symbol": "ETH-USD"}, {"trade_id": 666951891, "side": "sell", "size": "0.00380640", "price": "2997.95000000", "time": "2025-07-14T18:39:23.284347Z", "fetched_at": "2025-07-14T18:39:31.959307+00:00", "symbol": "ETH-USD"}, {"trade_id": 666951890, "side": "sell", "size": "0.00478255", "price": "2997.95000000", "time": "2025-07-14T18:39:23.172660Z", "fetched_at": "2025-07-14T18:39:31.959307+00:00", "symbol": "ETH-USD"}, {"trade_id": 666951889, "side": "sell", "size": "0.00016936", "price": "2997.95000000", "time": "2025-07-14T18:39:23.172660Z", "fetched_at": "2025-07-14T18:39:31.959307+00:00", "symbol": "ETH-USD"}, {"trade_id": 666951888, "side": "buy", "size": "0.11475029", "price": "2997.91000000", "time": "2025-07-14T18:39:22.594047Z", "fetched_at": "2025-07-14T18:39:31.959307+00:00", "symbol": "ETH-USD"}, {"trade_id": 666951887, "side": "buy", "size": "0.16678170", "price": "2997.93000000", "time": "2025-07-14T18:39:22.594047Z", "fetched_at": "2025-07-14T18:39:31.959307+00:00", "symbol": "ETH-USD"}, {"trade_id": 666951886, "side": "buy", "size": "0.17061216", "price": "2997.94000000", "time": "2025-07-14T18:39:22.594047Z", "fetched_at": "2025-07-14T18:39:31.959307+00:00", "symbol": "ETH-USD"}, {"trade_id": 666951885, "side": "buy", "size": "0.01892299", "price": "2997.94000000", "time": "2025-07-14T18:39:22.594047Z", "fetched_at": "2025-07-14T18:39:31.959307+00:00", "symbol": "ETH-USD"}, {"trade_id": 666951884, "side": "buy", "size": "0.19271566", "price": "2997.94000000", "time": "2025-07-14T18:39:22.594047Z", "fetched_at": "2025-07-14T18:39:31.959307+00:00", "symbol": "ETH-USD"}, {"trade_id": 666951883, "side": "buy", "size": "0.00047365", "price": "2997.94000000", "time": "2025-07-14T18:39:22.594047Z", "fetched_at": "2025-07-14T18:39:31.959307+00:00", "symbol": "ETH-USD"}, {"trade_id": 666951882, "side": "buy", "size": "0.00093397", "price": "2997.94000000", "time": "2025-07-14T18:39:22.594047Z", "fetched_at": "2025-07-14T18:39:31.959307+00:00", "symbol": "ETH-USD"}, {"trade_id": 666951881, "side": "buy", "size": "0.34251708", "price": "2997.94000000", "time": "2025-07-14T18:39:22.594047Z", "fetched_at": "2025-07-14T18:39:31.959307+00:00", "symbol": "ETH-USD"}, {"trade_id": 666951880, "side": "sell", "size": "0.00321923", "price": "2997.95000000", "time": "2025-07-14T18:39:22.168211Z", "fetched_at": "2025-07-14T18:39:31.959307+00:00", "symbol": "ETH-USD"}, {"trade_id": 666951879, "side": "buy", "size": "0.00297197", "price": "2997.94000000", "time": "2025-07-14T18:39:21.913804Z", "fetched_at": "2025-07-14T18:39:31.959307+00:00", "symbol": "ETH-USD"}, {"trade_id": 666951878, "side": "buy", "size": "0.13499662", "price": "2997.94000000", "time": "2025-07-14T18:39:20.629535Z", "fetched_at": "2025-07-14T18:39:31.959307+00:00", "symbol": "ETH-USD"}, {"trade_id": 666951877, "side": "buy", "size": "0.02976710", "price": "2997.94000000", "time": "2025-07-14T18:39:20.629535Z", "fetched_at": "2025-07-14T18:39:31.959307+00:00", "symbol": "ETH-USD"}, {"trade_id": 666951876, "side": "buy", "size": "0.00094398", "price": "2997.94000000", "time": "2025-07-14T18:39:20.629535Z", "fetched_at": "2025-07-14T18:39:31.959307+00:00", "symbol": "ETH-USD"}, {"trade_id": 666951875, "side": "buy", "size": "0.00001667", "price": "2997.94000000", "time": "2025-07-14T18:39:20.629535Z", "fetched_at": "2025-07-14T18:39:31.959307+00:00", "symbol": "ETH-USD"}, {"trade_id": 666951874, "side": "buy", "size": "0.00000667", "price": "2997.94000000", "time": "2025-07-14T18:39:20.629535Z", "fetched_at": "2025-07-14T18:39:31.959307+00:00", "symbol": "ETH-USD"}, {"trade_id": 666951873, "side": "buy", "size": "0.00100000", "price": "2997.94000000", "time": "2025-07-14T18:39:20.629535Z", "fetched_at": "2025-07-14T18:39:31.959307+00:00", "symbol": "ETH-USD"}, {"trade_id": 666951872, "side": "buy", "size": "0.12641023", "price": "2997.99000000", "time": "2025-07-14T18:39:18.559491Z", "fetched_at": "2025-07-14T18:39:31.959307+00:00", "symbol": "ETH-USD"}, {"trade_id": 666951871, "side": "buy", "size": "0.30000000", "price": "2998.10000000", "time": "2025-07-14T18:39:18.352358Z", "fetched_at": "2025-07-14T18:39:31.959307+00:00", "symbol": "ETH-USD"}, {"trade_id": 666951870, "side": "buy", "size": "0.00000862", "price": "2998.14000000", "time": "2025-07-14T18:39:18.352358Z", "fetched_at": "2025-07-14T18:39:31.959307+00:00", "symbol": "ETH-USD"}, {"trade_id": 666951869, "side": "buy", "size": "5.28593000", "price": "2998.14000000", "time": "2025-07-14T18:39:18.250524Z", "fetched_at": "2025-07-14T18:39:31.959307+00:00", "symbol": "ETH-USD"}, {"trade_id": 666951868, "side": "buy", "size": "0.16674569", "price": "2998.16000000", "time": "2025-07-14T18:39:18.247340Z", "fetched_at": "2025-07-14T18:39:31.959307+00:00", "symbol": "ETH-USD"}, {"trade_id": 666951867, "side": "buy", "size": "0.00100000", "price": "2998.16000000", "time": "2025-07-14T18:39:18.247340Z", "fetched_at": "2025-07-14T18:39:31.959307+00:00", "symbol": "ETH-USD"}, {"trade_id": 666951866, "side": "buy", "size": "0.00001431", "price": "2998.20000000", "time": "2025-07-14T18:39:18.247340Z", "fetched_at": "2025-07-14T18:39:31.959307+00:00", "symbol": "ETH-USD"}, {"trade_id": 666951865, "side": "buy", "size": "0.04465916", "price": "2998.20000000", "time": "2025-07-14T18:39:18.246883Z", "fetched_at": "2025-07-14T18:39:31.959307+00:00", "symbol": "ETH-USD"}, {"trade_id": 666951864, "side": "buy", "size": "0.13191915", "price": "2998.20000000", "time": "2025-07-14T18:39:18.246883Z", "fetched_at": "2025-07-14T18:39:31.959307+00:00", "symbol": "ETH-USD"}, {"trade_id": 666951863, "side": "buy", "size": "0.27351169", "price": "2998.20000000", "time": "2025-07-14T18:39:18.246883Z", "fetched_at": "2025-07-14T18:39:31.959307+00:00", "symbol": "ETH-USD"}, {"trade_id": 666951862, "side": "buy", "size": "0.01684226", "price": "2998.20000000", "time": "2025-07-14T18:39:18.120804Z", "fetched_at": "2025-07-14T18:39:31.959307+00:00", "symbol": "ETH-USD"}, {"trade_id": 666951861, "side": "buy", "size": "0.00964605", "price": "2998.20000000", "time": "2025-07-14T18:39:17.804956Z", "fetched_at": "2025-07-14T18:39:31.959307+00:00", "symbol": "ETH-USD"}, {"trade_id": 666951860, "side": "sell", "size": "0.01895979", "price": "2998.45000000", "time": "2025-07-14T18:39:16.997079Z", "fetched_at": "2025-07-14T18:39:31.959307+00:00", "symbol": "ETH-USD"}, {"trade_id": 666951859, "side": "buy", "size": "0.66135049", "price": "2998.31000000", "time": "2025-07-14T18:39:16.756495Z", "fetched_at": "2025-07-14T18:39:31.959307+00:00", "symbol": "ETH-USD"}, {"trade_id": 666951858, "side": "buy", "size": "0.00100000", "price": "2998.38000000", "time": "2025-07-14T18:39:16.756495Z", "fetched_at": "2025-07-14T18:39:31.959307+00:00", "symbol": "ETH-USD"}, {"trade_id": 666951857, "side": "buy", "size": "0.02887863", "price": "2998.41000000", "time": "2025-07-14T18:39:16.756495Z", "fetched_at": "2025-07-14T18:39:31.959307+00:00", "symbol": "ETH-USD"}, {"trade_id": 666951856, "side": "buy", "size": "0.11688088", "price": "2998.41000000", "time": "2025-07-14T18:39:16.756495Z", "fetched_at": "2025-07-14T18:39:31.959307+00:00", "symbol": "ETH-USD"}, {"trade_id": 666951855, "side": "buy", "size": "3.72448166", "price": "2998.69000000", "time": "2025-07-14T18:39:16.729600Z", "fetched_at": "2025-07-14T18:39:31.959307+00:00", "symbol": "ETH-USD"}, {"trade_id": 666951854, "side": "buy", "size": "1.01566277", "price": "2998.69000000", "time": "2025-07-14T18:39:16.724069Z", "fetched_at": "2025-07-14T18:39:31.959307+00:00", "symbol": "ETH-USD"}, {"trade_id": 666951853, "side": "sell", "size": "0.02016796", "price": "2998.85000000", "time": "2025-07-14T18:39:16.665466Z", "fetched_at": "2025-07-14T18:39:31.959307+00:00", "symbol": "ETH-USD"}, {"trade_id": 666951852, "side": "sell", "size": "0.00089244", "price": "2998.84000000", "time": "2025-07-14T18:39:16.665466Z", "fetched_at": "2025-07-14T18:39:31.959307+00:00", "symbol": "ETH-USD"}, {"trade_id": 666951851, "side": "sell", "size": "0.02978763", "price": "2998.85000000", "time": "2025-07-14T18:39:16.464502Z", "fetched_at": "2025-07-14T18:39:31.959307+00:00", "symbol": "ETH-USD"}, {"trade_id": 666951850, "side": "sell", "size": "0.00322184", "price": "2998.84000000", "time": "2025-07-14T18:39:16.464502Z", "fetched_at": "2025-07-14T18:39:31.959307+00:00", "symbol": "ETH-USD"}, {"trade_id": 666951849, "side": "sell", "size": "0.12065657", "price": "2998.79000000", "time": "2025-07-14T18:39:16.241837Z", "fetched_at": "2025-07-14T18:39:31.959307+00:00", "symbol": "ETH-USD"}, {"trade_id": 666951848, "side": "sell", "size": "0.00238967", "price": "2998.71000000", "time": "2025-07-14T18:39:16.241837Z", "fetched_at": "2025-07-14T18:39:31.959307+00:00", "symbol": "ETH-USD"}, {"trade_id": 666951847, "side": "sell", "size": "0.00003408", "price": "2998.71000000", "time": "2025-07-14T18:39:16.241837Z", "fetched_at": "2025-07-14T18:39:31.959307+00:00", "symbol": "ETH-USD"}, {"trade_id": 666951846, "side": "sell", "size": "0.00019061", "price": "2998.71000000", "time": "2025-07-14T18:39:16.241837Z", "fetched_at": "2025-07-14T18:39:31.959307+00:00", "symbol": "ETH-USD"}, {"trade_id": 666951845, "side": "sell", "size": "0.01193499", "price": "2998.90000000", "time": "2025-07-14T18:39:16.105595Z", "fetched_at": "2025-07-14T18:39:31.959307+00:00", "symbol": "ETH-USD"}, {"trade_id": 666951844, "side": "sell", "size": "0.02018598", "price": "2998.89000000", "time": "2025-07-14T18:39:16.105595Z", "fetched_at": "2025-07-14T18:39:31.959307+00:00", "symbol": "ETH-USD"}, {"trade_id": 666951843, "side": "sell", "size": "0.15000000", "price": "2998.88000000", "time": "2025-07-14T18:39:16.105595Z", "fetched_at": "2025-07-14T18:39:31.959307+00:00", "symbol": "ETH-USD"}, {"trade_id": 666951842, "side": "sell", "size": "0.00365295", "price": "2998.70000000", "time": "2025-07-14T18:39:16.105595Z", "fetched_at": "2025-07-14T18:39:31.959307+00:00", "symbol": "ETH-USD"}, {"trade_id": 666951841, "side": "sell", "size": "0.00007079", "price": "2998.70000000", "time": "2025-07-14T18:39:16.105595Z", "fetched_at": "2025-07-14T18:39:31.959307+00:00", "symbol": "ETH-USD"}, {"trade_id": 666951840, "side": "sell", "size": "0.00025976", "price": "2998.70000000", "time": "2025-07-14T18:39:16.105595Z", "fetched_at": "2025-07-14T18:39:31.959307+00:00", "symbol": "ETH-USD"}, {"trade_id": 666951839, "side": "sell", "size": "0.00322189", "price": "2998.70000000", "time": "2025-07-14T18:39:16.105595Z", "fetched_at": "2025-07-14T18:39:31.959307+00:00", "symbol": "ETH-USD"}, {"trade_id": 666951838, "side": "buy", "size": "0.01674392", "price": "2998.44000000", "time": "2025-07-14T18:39:15.508106Z", "fetched_at": "2025-07-14T18:39:31.959307+00:00", "symbol": "ETH-USD"}, {"trade_id": 666951837, "side": "buy", "size": "0.00100000", "price": "2998.60000000", "time": "2025-07-14T18:39:15.508106Z", "fetched_at": "2025-07-14T18:39:31.959307+00:00", "symbol": "ETH-USD"}, {"trade_id": 666951836, "side": "buy", "size": "0.15000000", "price": "2998.63000000", "time": "2025-07-14T18:39:15.508106Z", "fetched_at": "2025-07-14T18:39:31.959307+00:00", "symbol": "ETH-USD"}, {"trade_id": 666951835, "side": "buy", "size": "3.15546953", "price": "2999.15000000", "time": "2025-07-14T18:39:15.300441Z", "fetched_at": "2025-07-14T18:39:31.959307+00:00", "symbol": "ETH-USD"}, {"trade_id": 666951834, "side": "buy", "size": "0.58798719", "price": "2999.15000000", "time": "2025-07-14T18:39:15.300441Z", "fetched_at": "2025-07-14T18:39:31.959307+00:00", "symbol": "ETH-USD"}, {"trade_id": 666951833, "side": "buy", "size": "0.00089346", "price": "2999.15000000", "time": "2025-07-14T18:39:15.300441Z", "fetched_at": "2025-07-14T18:39:31.959307+00:00", "symbol": "ETH-USD"}, {"trade_id": 666951832, "side": "sell", "size": "0.00100000", "price": "2999.04000000", "time": "2025-07-14T18:39:14.928568Z", "fetched_at": "2025-07-14T18:39:31.959307+00:00", "symbol": "ETH-USD"}, {"trade_id": 666951831, "side": "sell", "size": "0.00010738", "price": "2998.90000000", "time": "2025-07-14T18:39:14.916508Z", "fetched_at": "2025-07-14T18:39:31.959307+00:00", "symbol": "ETH-USD"}, {"trade_id": 666951830, "side": "sell", "size": "0.00005954", "price": "2998.90000000", "time": "2025-07-14T18:39:14.916508Z", "fetched_at": "2025-07-14T18:39:31.959307+00:00", "symbol": "ETH-USD"}, {"trade_id": 666951829, "side": "sell", "size": "0.00025570", "price": "2998.90000000", "time": "2025-07-14T18:39:14.916508Z", "fetched_at": "2025-07-14T18:39:31.959307+00:00", "symbol": "ETH-USD"}, {"trade_id": 666951828, "side": "sell", "size": "0.00342902", "price": "2998.90000000", "time": "2025-07-14T18:39:14.916508Z", "fetched_at": "2025-07-14T18:39:31.959307+00:00", "symbol": "ETH-USD"}, {"trade_id": 666951827, "side": "sell", "size": "0.99720000", "price": "2998.85000000", "time": "2025-07-14T18:39:14.915215Z", "fetched_at": "2025-07-14T18:39:31.959307+00:00", "symbol": "ETH-USD"}, {"trade_id": 666951826, "side": "sell", "size": "0.74111781", "price": "2998.85000000", "time": "2025-07-14T18:39:14.915215Z", "fetched_at": "2025-07-14T18:39:31.959307+00:00", "symbol": "ETH-USD"}, {"trade_id": 666951825, "side": "sell", "size": "3.46167590", "price": "2998.85000000", "time": "2025-07-14T18:39:14.915080Z", "fetched_at": "2025-07-14T18:39:31.959307+00:00", "symbol": "ETH-USD"}, {"trade_id": 666951824, "side": "buy", "size": "0.09833132", "price": "2998.57000000", "time": "2025-07-14T18:39:14.580916Z", "fetched_at": "2025-07-14T18:39:31.959307+00:00", "symbol": "ETH-USD"}, {"trade_id": 666951823, "side": "buy", "size": "0.17055769", "price": "2998.58000000", "time": "2025-07-14T18:39:14.580916Z", "fetched_at": "2025-07-14T18:39:31.959307+00:00", "symbol": "ETH-USD"}, {"trade_id": 666951822, "side": "buy", "size": "0.00322231", "price": "2998.66000000", "time": "2025-07-14T18:39:14.580916Z", "fetched_at": "2025-07-14T18:39:31.959307+00:00", "symbol": "ETH-USD"}, {"trade_id": 666951821, "side": "buy", "size": "0.16673924", "price": "2998.69000000", "time": "2025-07-14T18:39:14.580916Z", "fetched_at": "2025-07-14T18:39:31.959307+00:00", "symbol": "ETH-USD"}, {"trade_id": 666951820, "side": "buy", "size": "0.00033394", "price": "2998.84000000", "time": "2025-07-14T18:39:14.580916Z", "fetched_at": "2025-07-14T18:39:31.959307+00:00", "symbol": "ETH-USD"}, {"trade_id": 666951819, "side": "sell", "size": "0.99720629", "price": "2998.85000000", "time": "2025-07-14T18:39:14.537349Z", "fetched_at": "2025-07-14T18:39:31.959307+00:00", "symbol": "ETH-USD"}, {"trade_id": 666951818, "side": "sell", "size": "0.00030999", "price": "2998.84000000", "time": "2025-07-14T18:39:14.537349Z", "fetched_at": "2025-07-14T18:39:31.959307+00:00", "symbol": "ETH-USD"}, {"trade_id": 666951817, "side": "sell", "size": "0.00248372", "price": "2998.84000000", "time": "2025-07-14T18:39:14.537349Z", "fetched_at": "2025-07-14T18:39:31.959307+00:00", "symbol": "ETH-USD"}, {"trade_id": 666951816, "side": "buy", "size": "0.00776060", "price": "2998.83000000", "time": "2025-07-14T18:39:14.323617Z", "fetched_at": "2025-07-14T18:39:31.959307+00:00", "symbol": "ETH-USD"}, {"trade_id": 666951815, "side": "buy", "size": "0.00002999", "price": "2998.83000000", "time": "2025-07-14T18:39:13.465404Z", "fetched_at": "2025-07-14T18:39:31.959307+00:00", "symbol": "ETH-USD"}, {"trade_id": 666951814, "side": "sell", "size": "0.00324190", "price": "2998.84000000", "time": "2025-07-14T18:39:13.367513Z", "fetched_at": "2025-07-14T18:39:31.959307+00:00", "symbol": "ETH-USD"}, {"trade_id": 666951813, "side": "buy", "size": "0.00108654", "price": "2998.83000000", "time": "2025-07-14T18:39:13.340468Z", "fetched_at": "2025-07-14T18:39:31.959307+00:00", "symbol": "ETH-USD"}, {"trade_id": 666951812, "side": "buy", "size": "0.03964926", "price": "2998.41000000", "time": "2025-07-14T18:39:11.921363Z", "fetched_at": "2025-07-14T18:39:31.959307+00:00", "symbol": "ETH-USD"}, {"trade_id": 666951811, "side": "buy", "size": "0.00035074", "price": "2998.42000000", "time": "2025-07-14T18:39:11.921363Z", "fetched_at": "2025-07-14T18:39:31.959307+00:00", "symbol": "ETH-USD"}, {"trade_id": 666951810, "side": "buy", "size": "0.03679565", "price": "2998.41000000", "time": "2025-07-14T18:39:10.594741Z", "fetched_at": "2025-07-14T18:39:31.959307+00:00", "symbol": "ETH-USD"}, {"trade_id": 666951809, "side": "buy", "size": "0.00965511", "price": "2998.41000000", "time": "2025-07-14T18:39:10.594741Z", "fetched_at": "2025-07-14T18:39:31.959307+00:00", "symbol": "ETH-USD"}, {"trade_id": 666951808, "side": "buy", "size": "0.00000667", "price": "2998.41000000", "time": "2025-07-14T18:39:10.594741Z", "fetched_at": "2025-07-14T18:39:31.959307+00:00", "symbol": "ETH-USD"}, {"trade_id": 666951807, "side": "sell", "size": "0.00033014", "price": "2998.72000000", "time": "2025-07-14T18:39:10.259339Z", "fetched_at": "2025-07-14T18:39:31.959307+00:00", "symbol": "ETH-USD"}, {"trade_id": 666951806, "side": "sell", "size": "0.77968465", "price": "2998.84000000", "time": "2025-07-14T18:39:08.759149Z", "fetched_at": "2025-07-14T18:39:31.959307+00:00", "symbol": "ETH-USD"}, {"trade_id": 666951805, "side": "sell", "size": "0.15000000", "price": "2998.83000000", "time": "2025-07-14T18:39:08.759149Z", "fetched_at": "2025-07-14T18:39:31.959307+00:00", "symbol": "ETH-USD"}, {"trade_id": 666951804, "side": "sell", "size": "0.06694552", "price": "2998.82000000", "time": "2025-07-14T18:39:08.759149Z", "fetched_at": "2025-07-14T18:39:31.959307+00:00", "symbol": "ETH-USD"}, {"trade_id": 666951803, "side": "sell", "size": "0.00322216", "price": "2998.81000000", "time": "2025-07-14T18:39:08.759149Z", "fetched_at": "2025-07-14T18:39:31.959307+00:00", "symbol": "ETH-USD"}, {"trade_id": 666951802, "side": "sell", "size": "0.00014767", "price": "2998.78000000", "time": "2025-07-14T18:39:08.759149Z", "fetched_at": "2025-07-14T18:39:31.959307+00:00", "symbol": "ETH-USD"}, {"trade_id": 666951801, "side": "sell", "size": "0.00575677", "price": "2998.83000000", "time": "2025-07-14T18:39:08.288815Z", "fetched_at": "2025-07-14T18:39:31.959307+00:00", "symbol": "ETH-USD"}, {"trade_id": 666951800, "side": "sell", "size": "0.00322201", "price": "2998.82000000", "time": "2025-07-14T18:39:08.288815Z", "fetched_at": "2025-07-14T18:39:31.959307+00:00", "symbol": "ETH-USD"}, {"trade_id": 666951799, "side": "sell", "size": "0.00034779", "price": "2998.78000000", "time": "2025-07-14T18:39:08.288815Z", "fetched_at": "2025-07-14T18:39:31.959307+00:00", "symbol": "ETH-USD"}, {"trade_id": 666951798, "side": "sell", "size": "0.00587343", "price": "2998.78000000", "time": "2025-07-14T18:39:08.288815Z", "fetched_at": "2025-07-14T18:39:31.959307+00:00", "symbol": "ETH-USD"}, {"trade_id": 666951797, "side": "sell", "size": "0.02055769", "price": "2998.50000000", "time": "2025-07-14T18:39:07.338893Z", "fetched_at": "2025-07-14T18:39:31.959307+00:00", "symbol": "ETH-USD"}, {"trade_id": 666951796, "side": "sell", "size": "0.02697817", "price": "2999.03000000", "time": "2025-07-14T18:39:06.267772Z", "fetched_at": "2025-07-14T18:39:31.959307+00:00", "symbol": "ETH-USD"}, {"trade_id": 666951795, "side": "sell", "size": "0.00322183", "price": "2999.02000000", "time": "2025-07-14T18:39:06.267772Z", "fetched_at": "2025-07-14T18:39:31.959307+00:00", "symbol": "ETH-USD"}, {"trade_id": 666951794, "side": "sell", "size": "0.00450227", "price": "2998.87000000", "time": "2025-07-14T18:39:05.957392Z", "fetched_at": "2025-07-14T18:39:31.959307+00:00", "symbol": "ETH-USD"}, {"trade_id": 666951793, "side": "sell", "size": "0.00322183", "price": "2998.86000000", "time": "2025-07-14T18:39:05.957392Z", "fetched_at": "2025-07-14T18:39:31.959307+00:00", "symbol": "ETH-USD"}, {"trade_id": 666951792, "side": "buy", "size": "0.15000000", "price": "2998.79000000", "time": "2025-07-14T18:39:05.817163Z", "fetched_at": "2025-07-14T18:39:31.959307+00:00", "symbol": "ETH-USD"}, {"trade_id": 666951791, "side": "buy", "size": "0.00000333", "price": "2998.85000000", "time": "2025-07-14T18:39:05.817163Z", "fetched_at": "2025-07-14T18:39:31.959307+00:00", "symbol": "ETH-USD"}, {"trade_id": 666951790, "side": "buy", "size": "0.00079363", "price": "2998.87000000", "time": "2025-07-14T18:39:05.817163Z", "fetched_at": "2025-07-14T18:39:31.959307+00:00", "symbol": "ETH-USD"}, {"trade_id": 666951789, "side": "buy", "size": "0.00959361", "price": "2998.87000000", "time": "2025-07-14T18:39:05.817163Z", "fetched_at": "2025-07-14T18:39:31.959307+00:00", "symbol": "ETH-USD"}, {"trade_id": 666951788, "side": "sell", "size": "1.64027000", "price": "2998.83000000", "time": "2025-07-14T18:39:04.673793Z", "fetched_at": "2025-07-14T18:39:31.959307+00:00", "symbol": "ETH-USD"}, {"trade_id": 666951787, "side": "sell", "size": "2.05824010", "price": "2998.83000000", "time": "2025-07-14T18:39:04.673793Z", "fetched_at": "2025-07-14T18:39:31.959307+00:00", "symbol": "ETH-USD"}, {"trade_id": 666951786, "side": "sell", "size": "0.15322214", "price": "2998.74000000", "time": "2025-07-14T18:39:04.646620Z", "fetched_at": "2025-07-14T18:39:31.959307+00:00", "symbol": "ETH-USD"}, {"trade_id": 666951785, "side": "sell", "size": "1.50148629", "price": "2998.83000000", "time": "2025-07-14T18:39:04.632708Z", "fetched_at": "2025-07-14T18:39:31.959307+00:00", "symbol": "ETH-USD"}, {"trade_id": 666951784, "side": "sell", "size": "0.15000000", "price": "2998.82000000", "time": "2025-07-14T18:39:04.632708Z", "fetched_at": "2025-07-14T18:39:31.959307+00:00", "symbol": "ETH-USD"}, {"trade_id": 666951783, "side": "sell", "size": "0.03320170", "price": "2998.81000000", "time": "2025-07-14T18:39:04.632708Z", "fetched_at": "2025-07-14T18:39:31.959307+00:00", "symbol": "ETH-USD"}, {"trade_id": 666951782, "side": "sell", "size": "0.00322214", "price": "2998.80000000", "time": "2025-07-14T18:39:04.632708Z", "fetched_at": "2025-07-14T18:39:31.959307+00:00", "symbol": "ETH-USD"}, {"trade_id": 666951781, "side": "sell", "size": "0.01328293", "price": "2998.80000000", "time": "2025-07-14T18:39:04.577338Z", "fetched_at": "2025-07-14T18:39:31.959307+00:00", "symbol": "ETH-USD"}, {"trade_id": 666951780, "side": "sell", "size": "0.00322214", "price": "2998.79000000", "time": "2025-07-14T18:39:04.577338Z", "fetched_at": "2025-07-14T18:39:31.959307+00:00", "symbol": "ETH-USD"}, {"trade_id": 666951779, "side": "sell", "size": "1.64027361", "price": "2998.83000000", "time": "2025-07-14T18:39:03.957810Z", "fetched_at": "2025-07-14T18:39:31.959307+00:00", "symbol": "ETH-USD"}, {"trade_id": 666951778, "side": "sell", "size": "0.30000000", "price": "2998.82000000", "time": "2025-07-14T18:39:03.957810Z", "fetched_at": "2025-07-14T18:39:31.959307+00:00", "symbol": "ETH-USD"}, {"trade_id": 666951777, "side": "sell", "size": "0.05650422", "price": "2998.77000000", "time": "2025-07-14T18:39:03.957810Z", "fetched_at": "2025-07-14T18:39:31.959307+00:00", "symbol": "ETH-USD"}, {"trade_id": 666951776, "side": "sell", "size": "0.00322217", "price": "2998.76000000", "time": "2025-07-14T18:39:03.957810Z", "fetched_at": "2025-07-14T18:39:31.959307+00:00", "symbol": "ETH-USD"}, {"trade_id": 666951775, "side": "sell", "size": "0.00036306", "price": "2998.78000000", "time": "2025-07-14T18:39:03.932906Z", "fetched_at": "2025-07-14T18:39:31.959307+00:00", "symbol": "ETH-USD"}, {"trade_id": 666951774, "side": "buy", "size": "0.00000039", "price": "2998.92000000", "time": "2025-07-14T18:39:02.716040Z", "fetched_at": "2025-07-14T18:39:31.959307+00:00", "symbol": "ETH-USD"}, {"trade_id": 666951773, "side": "buy", "size": "0.00000961", "price": "2998.92000000", "time": "2025-07-14T18:39:02.712595Z", "fetched_at": "2025-07-14T18:39:31.959307+00:00", "symbol": "ETH-USD"}, {"trade_id": 666951772, "side": "buy", "size": "0.02887039", "price": "2998.92000000", "time": "2025-07-14T18:39:02.712595Z", "fetched_at": "2025-07-14T18:39:31.959307+00:00", "symbol": "ETH-USD"}, {"trade_id": 666951771, "side": "buy", "size": "0.32763959", "price": "2998.57000000", "time": "2025-07-14T18:39:02.706178Z", "fetched_at": "2025-07-14T18:39:31.959307+00:00", "symbol": "ETH-USD"}, {"trade_id": 666951770, "side": "buy", "size": "0.10649802", "price": "2998.76000000", "time": "2025-07-14T18:39:02.687250Z", "fetched_at": "2025-07-14T18:39:31.959307+00:00", "symbol": "ETH-USD"}, {"trade_id": 666951769, "side": "buy", "size": "0.15837890", "price": "2998.76000000", "time": "2025-07-14T18:39:02.687250Z", "fetched_at": "2025-07-14T18:39:31.959307+00:00", "symbol": "ETH-USD"}, {"trade_id": 666951768, "side": "buy", "size": "0.03412400", "price": "2998.76000000", "time": "2025-07-14T18:39:02.686388Z", "fetched_at": "2025-07-14T18:39:31.959307+00:00", "symbol": "ETH-USD"}, {"trade_id": 666951767, "side": "buy", "size": "0.01924462", "price": "2998.76000000", "time": "2025-07-14T18:39:02.686388Z", "fetched_at": "2025-07-14T18:39:31.959307+00:00", "symbol": "ETH-USD"}, {"trade_id": 666951766, "side": "buy", "size": "0.46929698", "price": "2998.79000000", "time": "2025-07-14T18:39:02.686388Z", "fetched_at": "2025-07-14T18:39:31.959307+00:00", "symbol": "ETH-USD"}, {"trade_id": 666951765, "side": "buy", "size": "0.06323811", "price": "2998.92000000", "time": "2025-07-14T18:39:02.686388Z", "fetched_at": "2025-07-14T18:39:31.959307+00:00", "symbol": "ETH-USD"}, {"trade_id": 666951764, "side": "buy", "size": "0.01517109", "price": "2998.99000000", "time": "2025-07-14T18:39:02.668339Z", "fetched_at": "2025-07-14T18:39:31.959307+00:00", "symbol": "ETH-USD"}, {"trade_id": 666951763, "side": "buy", "size": "0.00171891", "price": "2999.00000000", "time": "2025-07-14T18:39:02.668339Z", "fetched_at": "2025-07-14T18:39:31.959307+00:00", "symbol": "ETH-USD"}, {"trade_id": 666951762, "side": "sell", "size": "0.00006949", "price": "2999.18000000", "time": "2025-07-14T18:39:02.554966Z", "fetched_at": "2025-07-14T18:39:31.959307+00:00", "symbol": "ETH-USD"}, {"trade_id": 666951761, "side": "sell", "size": "0.07326545", "price": "2999.16000000", "time": "2025-07-14T18:39:02.554966Z", "fetched_at": "2025-07-14T18:39:31.959307+00:00", "symbol": "ETH-USD"}, {"trade_id": 666951760, "side": "sell", "size": "0.00322184", "price": "2999.15000000", "time": "2025-07-14T18:39:02.554966Z", "fetched_at": "2025-07-14T18:39:31.959307+00:00", "symbol": "ETH-USD"}, {"trade_id": 666951759, "side": "sell", "size": "0.00038215", "price": "2999.07000000", "time": "2025-07-14T18:39:02.455080Z", "fetched_at": "2025-07-14T18:39:31.959307+00:00", "symbol": "ETH-USD"}, {"trade_id": 666951758, "side": "sell", "size": "0.00003345", "price": "2999.07000000", "time": "2025-07-14T18:39:02.455080Z", "fetched_at": "2025-07-14T18:39:31.959307+00:00", "symbol": "ETH-USD"}, {"trade_id": 666951757, "side": "sell", "size": "0.00200062", "price": "2999.08000000", "time": "2025-07-14T18:39:01.526815Z", "fetched_at": "2025-07-14T18:39:31.959307+00:00", "symbol": "ETH-USD"}, {"trade_id": 666951756, "side": "sell", "size": "0.00006958", "price": "2998.97000000", "time": "2025-07-14T18:39:01.526815Z", "fetched_at": "2025-07-14T18:39:31.959307+00:00", "symbol": "ETH-USD"}, {"trade_id": 666951755, "side": "sell", "size": "0.00029882", "price": "2998.97000000", "time": "2025-07-14T18:39:01.526815Z", "fetched_at": "2025-07-14T18:39:31.959307+00:00", "symbol": "ETH-USD"}, {"trade_id": 666951754, "side": "sell", "size": "0.00400769", "price": "2998.97000000", "time": "2025-07-14T18:39:01.526815Z", "fetched_at": "2025-07-14T18:39:31.959307+00:00", "symbol": "ETH-USD"}, {"trade_id": 666951753, "side": "sell", "size": "0.00010334", "price": "2998.97000000", "time": "2025-07-14T18:39:01.526815Z", "fetched_at": "2025-07-14T18:39:31.959307+00:00", "symbol": "ETH-USD"}, {"trade_id": 666951752, "side": "sell", "size": "0.00113090", "price": "2999.08000000", "time": "2025-07-14T18:39:01.396693Z", "fetched_at": "2025-07-14T18:39:31.959307+00:00", "symbol": "ETH-USD"}, {"trade_id": 666951751, "side": "sell", "size": "0.00032493", "price": "2998.99000000", "time": "2025-07-14T18:39:01.396693Z", "fetched_at": "2025-07-14T18:39:31.959307+00:00", "symbol": "ETH-USD"}, {"trade_id": 666951750, "side": "sell", "size": "0.00602110", "price": "2998.97000000", "time": "2025-07-14T18:39:01.396693Z", "fetched_at": "2025-07-14T18:39:31.959307+00:00", "symbol": "ETH-USD"}, {"trade_id": 666951749, "side": "sell", "size": "0.00014578", "price": "2998.97000000", "time": "2025-07-14T18:39:01.396693Z", "fetched_at": "2025-07-14T18:39:31.959307+00:00", "symbol": "ETH-USD"}, {"trade_id": 666951748, "side": "sell", "size": "0.00002364", "price": "2998.97000000", "time": "2025-07-14T18:39:01.396693Z", "fetched_at": "2025-07-14T18:39:31.959307+00:00", "symbol": "ETH-USD"}, {"trade_id": 666951747, "side": "sell", "size": "0.00178555", "price": "2998.97000000", "time": "2025-07-14T18:39:01.396693Z", "fetched_at": "2025-07-14T18:39:31.959307+00:00", "symbol": "ETH-USD"}, {"trade_id": 666951746, "side": "sell", "size": "0.00005303", "price": "2998.97000000", "time": "2025-07-14T18:39:01.396693Z", "fetched_at": "2025-07-14T18:39:31.959307+00:00", "symbol": "ETH-USD"}, {"trade_id": 666951745, "side": "sell", "size": "0.00007754", "price": "2998.97000000", "time": "2025-07-14T18:39:01.343781Z", "fetched_at": "2025-07-14T18:39:31.959307+00:00", "symbol": "ETH-USD"}, {"trade_id": 666951744, "side": "sell", "size": "0.00322302", "price": "2998.97000000", "time": "2025-07-14T18:39:01.343781Z", "fetched_at": "2025-07-14T18:39:31.959307+00:00", "symbol": "ETH-USD"}, {"trade_id": 666951743, "side": "sell", "size": "0.00100000", "price": "2998.38000000", "time": "2025-07-14T18:39:00.557705Z", "fetched_at": "2025-07-14T18:39:31.959307+00:00", "symbol": "ETH-USD"}, {"trade_id": 666951742, "side": "sell", "size": "0.00631700", "price": "2998.25000000", "time": "2025-07-14T18:39:00.369075Z", "fetched_at": "2025-07-14T18:39:31.959307+00:00", "symbol": "ETH-USD"}, {"trade_id": 666951741, "side": "sell", "size": "0.56827248", "price": "2998.16000000", "time": "2025-07-14T18:39:00.355568Z", "fetched_at": "2025-07-14T18:39:31.959307+00:00", "symbol": "ETH-USD"}, {"trade_id": 666951740, "side": "sell", "size": "0.76067163", "price": "2997.98000000", "time": "2025-07-14T18:39:00.159130Z", "fetched_at": "2025-07-14T18:39:31.959307+00:00", "symbol": "ETH-USD"}, {"trade_id": 666951739, "side": "sell", "size": "0.96113831", "price": "2997.98000000", "time": "2025-07-14T18:39:00.157233Z", "fetched_at": "2025-07-14T18:39:31.959307+00:00", "symbol": "ETH-USD"}, {"trade_id": 666951738, "side": "sell", "size": "1.22331118", "price": "2997.98000000", "time": "2025-07-14T18:39:00.155027Z", "fetched_at": "2025-07-14T18:39:31.959307+00:00", "symbol": "ETH-USD"}, {"trade_id": 666951737, "side": "sell", "size": "2.25487888", "price": "2997.98000000", "time": "2025-07-14T18:39:00.154649Z", "fetched_at": "2025-07-14T18:39:31.959307+00:00", "symbol": "ETH-USD"}, {"trade_id": 666951736, "side": "sell", "size": "1.61929534", "price": "2997.91000000", "time": "2025-07-14T18:39:00.133423Z", "fetched_at": "2025-07-14T18:39:31.959307+00:00", "symbol": "ETH-USD"}, {"trade_id": 666951735, "side": "sell", "size": "0.79020466", "price": "2997.91000000", "time": "2025-07-14T18:39:00.126140Z", "fetched_at": "2025-07-14T18:39:31.959307+00:00", "symbol": "ETH-USD"}, {"trade_id": 666951734, "side": "sell", "size": "0.28056112", "price": "2997.90000000", "time": "2025-07-14T18:39:00.126140Z", "fetched_at": "2025-07-14T18:39:31.959307+00:00", "symbol": "ETH-USD"}, {"trade_id": 666951733, "side": "sell", "size": "0.01943888", "price": "2997.90000000", "time": "2025-07-14T18:39:00.001315Z", "fetched_at": "2025-07-14T18:39:31.959307+00:00", "symbol": "ETH-USD"}, {"trade_id": 666951732, "side": "sell", "size": "0.00324168", "price": "2998.00000000", "time": "2025-07-14T18:38:58.901582Z", "fetched_at": "2025-07-14T18:39:31.959307+00:00", "symbol": "ETH-USD"}, {"trade_id": 666951731, "side": "sell", "size": "0.00653180", "price": "2998.09000000", "time": "2025-07-14T18:38:58.425652Z", "fetched_at": "2025-07-14T18:39:31.959307+00:00", "symbol": "ETH-USD"}, {"trade_id": 666951730, "side": "sell", "size": "0.00322237", "price": "2998.08000000", "time": "2025-07-14T18:38:58.425652Z", "fetched_at": "2025-07-14T18:39:31.959307+00:00", "symbol": "ETH-USD"}, {"trade_id": 666951729, "side": "buy", "size": "0.12932629", "price": "2997.56000000", "time": "2025-07-14T18:38:57.976243Z", "fetched_at": "2025-07-14T18:39:31.959307+00:00", "symbol": "ETH-USD"}, {"trade_id": 666951728, "side": "buy", "size": "0.56979215", "price": "2997.61000000", "time": "2025-07-14T18:38:57.976243Z", "fetched_at": "2025-07-14T18:39:31.959307+00:00", "symbol": "ETH-USD"}, {"trade_id": 666951727, "side": "buy", "size": "0.83397540", "price": "2997.69000000", "time": "2025-07-14T18:38:57.976243Z", "fetched_at": "2025-07-14T18:39:31.959307+00:00", "symbol": "ETH-USD"}, {"trade_id": 666951726, "side": "buy", "size": "0.15000000", "price": "2997.70000000", "time": "2025-07-14T18:38:57.976243Z", "fetched_at": "2025-07-14T18:39:31.959307+00:00", "symbol": "ETH-USD"}, {"trade_id": 666951725, "side": "buy", "size": "0.00100000", "price": "2997.72000000", "time": "2025-07-14T18:38:57.976243Z", "fetched_at": "2025-07-14T18:39:31.959307+00:00", "symbol": "ETH-USD"}, {"trade_id": 666951724, "side": "buy", "size": "0.16678176", "price": "2997.92000000", "time": "2025-07-14T18:38:57.962065Z", "fetched_at": "2025-07-14T18:39:31.959307+00:00", "symbol": "ETH-USD"}, {"trade_id": 666951723, "side": "buy", "size": "0.00100000", "price": "2997.94000000", "time": "2025-07-14T18:38:57.962065Z", "fetched_at": "2025-07-14T18:39:31.959307+00:00", "symbol": "ETH-USD"}, {"trade_id": 666951722, "side": "buy", "size": "0.83389318", "price": "2997.98000000", "time": "2025-07-14T18:38:57.962065Z", "fetched_at": "2025-07-14T18:39:31.959307+00:00", "symbol": "ETH-USD"}, {"trade_id": 666951721, "side": "buy", "size": "3.33137331", "price": "2998.10000000", "time": "2025-07-14T18:38:57.958455Z", "fetched_at": "2025-07-14T18:39:31.959307+00:00", "symbol": "ETH-USD"}, {"trade_id": 666951720, "side": "buy", "size": "1.66862669", "price": "2998.10000000", "time": "2025-07-14T18:38:57.958152Z", "fetched_at": "2025-07-14T18:39:31.959307+00:00", "symbol": "ETH-USD"}, {"trade_id": 666951719, "side": "buy", "size": "0.15000000", "price": "2998.12000000", "time": "2025-07-14T18:38:57.958152Z", "fetched_at": "2025-07-14T18:39:31.959307+00:00", "symbol": "ETH-USD"}, {"trade_id": 666951718, "side": "buy", "size": "0.01961058", "price": "2998.38000000", "time": "2025-07-14T18:38:57.958152Z", "fetched_at": "2025-07-14T18:39:31.959307+00:00", "symbol": "ETH-USD"}, {"trade_id": 666951717, "side": "buy", "size": "0.19321100", "price": "2998.38000000", "time": "2025-07-14T18:38:57.958152Z", "fetched_at": "2025-07-14T18:39:31.959307+00:00", "symbol": "ETH-USD"}, {"trade_id": 666951716, "side": "buy", "size": "0.51579065", "price": "2998.45000000", "time": "2025-07-14T18:38:55.546512Z", "fetched_at": "2025-07-14T18:39:31.959307+00:00", "symbol": "ETH-USD"}, {"trade_id": 666951715, "side": "buy", "size": "0.00050010", "price": "2998.45000000", "time": "2025-07-14T18:38:55.546512Z", "fetched_at": "2025-07-14T18:39:31.959307+00:00", "symbol": "ETH-USD"}, {"trade_id": 666951714, "side": "buy", "size": "0.24820649", "price": "2998.46000000", "time": "2025-07-14T18:38:55.546512Z", "fetched_at": "2025-07-14T18:39:31.959307+00:00", "symbol": "ETH-USD"}, {"trade_id": 666951713, "side": "buy", "size": "0.12487038", "price": "2998.48000000", "time": "2025-07-14T18:38:55.546512Z", "fetched_at": "2025-07-14T18:39:31.959307+00:00", "symbol": "ETH-USD"}, {"trade_id": 666951712, "side": "buy", "size": "0.48535106", "price": "2998.49000000", "time": "2025-07-14T18:38:55.546512Z", "fetched_at": "2025-07-14T18:39:31.959307+00:00", "symbol": "ETH-USD"}, {"trade_id": 666951711, "side": "buy", "size": "0.00404184", "price": "2998.63000000", "time": "2025-07-14T18:38:55.545830Z", "fetched_at": "2025-07-14T18:39:31.959307+00:00", "symbol": "ETH-USD"}, {"trade_id": 666951710, "side": "buy", "size": "0.01341612", "price": "2998.63000000", "time": "2025-07-14T18:38:55.545830Z", "fetched_at": "2025-07-14T18:39:31.959307+00:00", "symbol": "ETH-USD"}, {"trade_id": 666951709, "side": "buy", "size": "0.00202091", "price": "2998.64000000", "time": "2025-07-14T18:38:55.545830Z", "fetched_at": "2025-07-14T18:39:31.959307+00:00", "symbol": "ETH-USD"}, {"trade_id": 666951708, "side": "sell", "size": "0.13457205", "price": "2999.36000000", "time": "2025-07-14T18:38:55.172379Z", "fetched_at": "2025-07-14T18:39:31.959307+00:00", "symbol": "ETH-USD"}, {"trade_id": 666951707, "side": "sell", "size": "0.61848212", "price": "2999.35000000", "time": "2025-07-14T18:38:55.172379Z", "fetched_at": "2025-07-14T18:39:31.959307+00:00", "symbol": "ETH-USD"}, {"trade_id": 666951706, "side": "sell", "size": "0.00010335", "price": "2999.35000000", "time": "2025-07-14T18:38:55.172379Z", "fetched_at": "2025-07-14T18:39:31.959307+00:00", "symbol": "ETH-USD"}, {"trade_id": 666951705, "side": "sell", "size": "0.83352226", "price": "2999.32000000", "time": "2025-07-14T18:38:55.172379Z", "fetched_at": "2025-07-14T18:39:31.959307+00:00", "symbol": "ETH-USD"}, {"trade_id": 666951704, "side": "sell", "size": "0.33507785", "price": "2999.31000000", "time": "2025-07-14T18:38:55.172379Z", "fetched_at": "2025-07-14T18:39:31.959307+00:00", "symbol": "ETH-USD"}, {"trade_id": 666951703, "side": "sell", "size": "0.51645678", "price": "2999.29000000", "time": "2025-07-14T18:38:55.172379Z", "fetched_at": "2025-07-14T18:39:31.959307+00:00", "symbol": "ETH-USD"}, {"trade_id": 666951702, "side": "sell", "size": "1.48222477", "price": "2999.28000000", "time": "2025-07-14T18:38:55.172379Z", "fetched_at": "2025-07-14T18:39:31.959307+00:00", "symbol": "ETH-USD"}, {"trade_id": 666951701, "side": "sell", "size": "5.20000000", "price": "2999.25000000", "time": "2025-07-14T18:38:55.172379Z", "fetched_at": "2025-07-14T18:39:31.959307+00:00", "symbol": "ETH-USD"}, {"trade_id": 666951700, "side": "sell", "size": "3.18000000", "price": "2999.24000000", "time": "2025-07-14T18:38:55.172379Z", "fetched_at": "2025-07-14T18:39:31.959307+00:00", "symbol": "ETH-USD"}, {"trade_id": 666951699, "side": "sell", "size": "0.40000000", "price": "2999.19000000", "time": "2025-07-14T18:38:55.172379Z", "fetched_at": "2025-07-14T18:39:31.959307+00:00", "symbol": "ETH-USD"}, {"trade_id": 666951698, "side": "sell", "size": "0.20000000", "price": "2999.19000000", "time": "2025-07-14T18:38:55.172379Z", "fetched_at": "2025-07-14T18:39:31.959307+00:00", "symbol": "ETH-USD"}, {"trade_id": 666951697, "side": "sell", "size": "0.64939729", "price": "2999.19000000", "time": "2025-07-14T18:38:55.172379Z", "fetched_at": "2025-07-14T18:39:31.959307+00:00", "symbol": "ETH-USD"}, {"trade_id": 666951696, "side": "sell", "size": "0.83356117", "price": "2999.18000000", "time": "2025-07-14T18:38:55.172379Z", "fetched_at": "2025-07-14T18:39:31.959307+00:00", "symbol": "ETH-USD"}, {"trade_id": 666951695, "side": "sell", "size": "0.09204647", "price": "2999.17000000", "time": "2025-07-14T18:38:55.172379Z", "fetched_at": "2025-07-14T18:39:31.959307+00:00", "symbol": "ETH-USD"}, {"trade_id": 666951694, "side": "sell", "size": "0.00322184", "price": "2999.16000000", "time": "2025-07-14T18:38:55.172379Z", "fetched_at": "2025-07-14T18:39:31.959307+00:00", "symbol": "ETH-USD"}, {"trade_id": 666951693, "side": "sell", "size": "0.00321912", "price": "2999.02000000", "time": "2025-07-14T18:38:55.172379Z", "fetched_at": "2025-07-14T18:39:31.959307+00:00", "symbol": "ETH-USD"}, {"trade_id": 666951692, "side": "sell", "size": "0.00030999", "price": "2999.02000000", "time": "2025-07-14T18:38:55.172379Z", "fetched_at": "2025-07-14T18:39:31.959307+00:00", "symbol": "ETH-USD"}, {"trade_id": 666951691, "side": "sell", "size": "0.00253143", "price": "2999.02000000", "time": "2025-07-14T18:38:55.172379Z", "fetched_at": "2025-07-14T18:39:31.959307+00:00", "symbol": "ETH-USD"}, {"trade_id": 666951690, "side": "sell", "size": "0.00005589", "price": "2999.02000000", "time": "2025-07-14T18:38:55.172379Z", "fetched_at": "2025-07-14T18:39:31.959307+00:00", "symbol": "ETH-USD"}, {"trade_id": 666951689, "side": "sell", "size": "0.00024000", "price": "2999.02000000", "time": "2025-07-14T18:38:55.172379Z", "fetched_at": "2025-07-14T18:39:31.959307+00:00", "symbol": "ETH-USD"}, {"trade_id": 666951688, "side": "sell", "size": "0.15060271", "price": "2999.19000000", "time": "2025-07-14T18:38:55.062085Z", "fetched_at": "2025-07-14T18:39:31.959307+00:00", "symbol": "ETH-USD"}, {"trade_id": 666951687, "side": "sell", "size": "0.00048003", "price": "2999.13000000", "time": "2025-07-14T18:38:55.062085Z", "fetched_at": "2025-07-14T18:39:31.959307+00:00", "symbol": "ETH-USD"}, {"trade_id": 666951686, "side": "sell", "size": "0.00062004", "price": "2999.13000000", "time": "2025-07-14T18:38:55.062085Z", "fetched_at": "2025-07-14T18:39:31.959307+00:00", "symbol": "ETH-USD"}, {"trade_id": 666951685, "side": "sell", "size": "0.00011178", "price": "2999.13000000", "time": "2025-07-14T18:38:55.062085Z", "fetched_at": "2025-07-14T18:39:31.959307+00:00", "symbol": "ETH-USD"}, {"trade_id": 666951684, "side": "sell", "size": "0.00643852", "price": "2999.13000000", "time": "2025-07-14T18:38:55.062085Z", "fetched_at": "2025-07-14T18:39:31.959307+00:00", "symbol": "ETH-USD"}, {"trade_id": 666951683, "side": "sell", "size": "0.00437735", "price": "2999.07000000", "time": "2025-07-14T18:38:55.062085Z", "fetched_at": "2025-07-14T18:39:31.959307+00:00", "symbol": "ETH-USD"}, {"trade_id": 666951682, "side": "sell", "size": "0.10000000", "price": "2999.06000000", "time": "2025-07-14T18:38:55.062085Z", "fetched_at": "2025-07-14T18:39:31.959307+00:00", "symbol": "ETH-USD"}, {"trade_id": 666951681, "side": "sell", "size": "0.10000000", "price": "2999.05000000", "time": "2025-07-14T18:38:55.062085Z", "fetched_at": "2025-07-14T18:39:31.959307+00:00", "symbol": "ETH-USD"}, {"trade_id": 666951680, "side": "sell", "size": "0.08269946", "price": "2999.04000000", "time": "2025-07-14T18:38:55.062085Z", "fetched_at": "2025-07-14T18:39:31.959307+00:00", "symbol": "ETH-USD"}, {"trade_id": 666951679, "side": "sell", "size": "0.10000000", "price": "2999.03000000", "time": "2025-07-14T18:38:55.062085Z", "fetched_at": "2025-07-14T18:39:31.959307+00:00", "symbol": "ETH-USD"}, {"trade_id": 666951678, "side": "sell", "size": "0.10000000", "price": "2999.02000000", "time": "2025-07-14T18:38:55.062085Z", "fetched_at": "2025-07-14T18:39:31.959307+00:00", "symbol": "ETH-USD"}, {"trade_id": 666951677, "side": "sell", "size": "0.00255581", "price": "2999.02000000", "time": "2025-07-14T18:38:55.062085Z", "fetched_at": "2025-07-14T18:39:31.959307+00:00", "symbol": "ETH-USD"}, {"trade_id": 666951676, "side": "sell", "size": "0.01730054", "price": "2999.04000000", "time": "2025-07-14T18:38:55.024464Z", "fetched_at": "2025-07-14T18:39:31.959307+00:00", "symbol": "ETH-USD"}, {"trade_id": 666951675, "side": "sell", "size": "0.00255581", "price": "2999.04000000", "time": "2025-07-14T18:38:55.024464Z", "fetched_at": "2025-07-14T18:39:31.959307+00:00", "symbol": "ETH-USD"}, {"trade_id": 666951674, "side": "buy", "size": "0.05179351", "price": "2998.50000000", "time": "2025-07-14T18:38:53.670809Z", "fetched_at": "2025-07-14T18:39:31.959307+00:00", "symbol": "ETH-USD"}, {"trade_id": 666951673, "side": "buy", "size": "0.00034073", "price": "2998.51000000", "time": "2025-07-14T18:38:53.670809Z", "fetched_at": "2025-07-14T18:39:31.959307+00:00", "symbol": "ETH-USD"}, {"trade_id": 666951672, "side": "buy", "size": "0.25816154", "price": "2998.82000000", "time": "2025-07-14T18:38:53.670809Z", "fetched_at": "2025-07-14T18:39:31.959307+00:00", "symbol": "ETH-USD"}, {"trade_id": 666951671, "side": "buy", "size": "0.02205867", "price": "2998.82000000", "time": "2025-07-14T18:38:53.670809Z", "fetched_at": "2025-07-14T18:39:31.959307+00:00", "symbol": "ETH-USD"}, {"trade_id": 666951670, "side": "buy", "size": "0.00100000", "price": "2998.82000000", "time": "2025-07-14T18:38:53.670809Z", "fetched_at": "2025-07-14T18:39:31.959307+00:00", "symbol": "ETH-USD"}, {"trade_id": 666951669, "side": "sell", "size": "0.00396067", "price": "2998.83000000", "time": "2025-07-14T18:38:53.615078Z", "fetched_at": "2025-07-14T18:39:31.959307+00:00", "symbol": "ETH-USD"}, {"trade_id": 666951668, "side": "sell", "size": "0.00972015", "price": "2998.83000000", "time": "2025-07-14T18:38:53.473589Z", "fetched_at": "2025-07-14T18:39:31.959307+00:00", "symbol": "ETH-USD"}, {"trade_id": 666951667, "side": "sell", "size": "0.00322168", "price": "2999.00000000", "time": "2025-07-14T18:38:52.064319Z", "fetched_at": "2025-07-14T18:39:31.959307+00:00", "symbol": "ETH-USD"}, {"trade_id": 666951666, "side": "sell", "size": "0.00156777", "price": "2999.08000000", "time": "2025-07-14T18:38:51.129036Z", "fetched_at": "2025-07-14T18:39:31.959307+00:00", "symbol": "ETH-USD"}, {"trade_id": 666951665, "side": "sell", "size": "0.15877050", "price": "2999.01000000", "time": "2025-07-14T18:38:50.725066Z", "fetched_at": "2025-07-14T18:39:31.959307+00:00", "symbol": "ETH-USD"}, {"trade_id": 666951664, "side": "sell", "size": "0.00322104", "price": "2999.00000000", "time": "2025-07-14T18:38:50.725066Z", "fetched_at": "2025-07-14T18:39:31.959307+00:00", "symbol": "ETH-USD"}, {"trade_id": 666951663, "side": "sell", "size": "0.13218780", "price": "2999.24000000", "time": "2025-07-14T18:38:50.461252Z", "fetched_at": "2025-07-14T18:39:31.959307+00:00", "symbol": "ETH-USD"}, {"trade_id": 666951662, "side": "sell", "size": "0.01997670", "price": "2999.21000000", "time": "2025-07-14T18:38:50.461252Z", "fetched_at": "2025-07-14T18:39:31.959307+00:00", "symbol": "ETH-USD"}, {"trade_id": 666951661, "side": "sell", "size": "0.00322104", "price": "2999.20000000", "time": "2025-07-14T18:38:50.461252Z", "fetched_at": "2025-07-14T18:39:31.959307+00:00", "symbol": "ETH-USD"}, {"trade_id": 666951660, "side": "sell", "size": "0.00113320", "price": "2999.25000000", "time": "2025-07-14T18:38:50.375338Z", "fetched_at": "2025-07-14T18:39:31.959307+00:00", "symbol": "ETH-USD"}, {"trade_id": 666951659, "side": "sell", "size": "0.00322102", "price": "2999.24000000", "time": "2025-07-14T18:38:50.375338Z", "fetched_at": "2025-07-14T18:39:31.959307+00:00", "symbol": "ETH-USD"}, {"trade_id": 666951658, "side": "sell", "size": "0.16601059", "price": "2999.26000000", "time": "2025-07-14T18:38:49.930633Z", "fetched_at": "2025-07-14T18:39:31.959307+00:00", "symbol": "ETH-USD"}, {"trade_id": 666951657, "side": "sell", "size": "0.16671445", "price": "2999.14000000", "time": "2025-07-14T18:38:49.930633Z", "fetched_at": "2025-07-14T18:39:31.959307+00:00", "symbol": "ETH-USD"}, {"trade_id": 666951656, "side": "sell", "size": "0.00322102", "price": "2999.13000000", "time": "2025-07-14T18:38:49.930633Z", "fetched_at": "2025-07-14T18:39:31.959307+00:00", "symbol": "ETH-USD"}, {"trade_id": 666951655, "side": "sell", "size": "0.00030998", "price": "2998.88000000", "time": "2025-07-14T18:38:49.930633Z", "fetched_at": "2025-07-14T18:39:31.959307+00:00", "symbol": "ETH-USD"}, {"trade_id": 666951654, "side": "sell", "size": "0.00321887", "price": "2998.88000000", "time": "2025-07-14T18:38:49.930633Z", "fetched_at": "2025-07-14T18:39:31.959307+00:00", "symbol": "ETH-USD"}, {"trade_id": 666951653, "side": "sell", "size": "0.00024004", "price": "2998.88000000", "time": "2025-07-14T18:38:49.930633Z", "fetched_at": "2025-07-14T18:39:31.959307+00:00", "symbol": "ETH-USD"}, {"trade_id": 666951652, "side": "sell", "size": "0.00005589", "price": "2998.88000000", "time": "2025-07-14T18:38:49.930633Z", "fetched_at": "2025-07-14T18:39:31.959307+00:00", "symbol": "ETH-USD"}, {"trade_id": 666951651, "side": "sell", "size": "0.00162050", "price": "2999.27000000", "time": "2025-07-14T18:38:49.582350Z", "fetched_at": "2025-07-14T18:39:31.959307+00:00", "symbol": "ETH-USD"}, {"trade_id": 666951650, "side": "buy", "size": "0.00054677", "price": "2999.42000000", "time": "2025-07-14T18:38:49.544585Z", "fetched_at": "2025-07-14T18:39:31.959307+00:00", "symbol": "ETH-USD"}, {"trade_id": 666951649, "side": "buy", "size": "0.01020864", "price": "2999.42000000", "time": "2025-07-14T18:38:49.544585Z", "fetched_at": "2025-07-14T18:39:31.959307+00:00", "symbol": "ETH-USD"}, {"trade_id": 666951648, "side": "buy", "size": "0.00109021", "price": "2999.42000000", "time": "2025-07-14T18:38:49.544585Z", "fetched_at": "2025-07-14T18:39:31.959307+00:00", "symbol": "ETH-USD"}, {"trade_id": 666951647, "side": "buy", "size": "0.00000333", "price": "2999.42000000", "time": "2025-07-14T18:38:49.544585Z", "fetched_at": "2025-07-14T18:39:31.959307+00:00", "symbol": "ETH-USD"}, {"trade_id": 666951646, "side": "buy", "size": "0.00001000", "price": "2999.48000000", "time": "2025-07-14T18:38:49.544585Z", "fetched_at": "2025-07-14T18:39:31.959307+00:00", "symbol": "ETH-USD"}, {"trade_id": 666951645, "side": "buy", "size": "0.00002000", "price": "2999.48000000", "time": "2025-07-14T18:38:49.544585Z", "fetched_at": "2025-07-14T18:39:31.959307+00:00", "symbol": "ETH-USD"}, {"trade_id": 666951644, "side": "buy", "size": "0.09842739", "price": "2999.48000000", "time": "2025-07-14T18:38:49.544585Z", "fetched_at": "2025-07-14T18:39:31.959307+00:00", "symbol": "ETH-USD"}, {"trade_id": 666951643, "side": "buy", "size": "0.00000333", "price": "2999.49000000", "time": "2025-07-14T18:38:49.544585Z", "fetched_at": "2025-07-14T18:39:31.959307+00:00", "symbol": "ETH-USD"}, {"trade_id": 666951642, "side": "sell", "size": "0.14841769", "price": "2999.86000000", "time": "2025-07-14T18:38:49.288955Z", "fetched_at": "2025-07-14T18:39:31.959307+00:00", "symbol": "ETH-USD"}, {"trade_id": 666951641, "side": "sell", "size": "0.01836132", "price": "2999.85000000", "time": "2025-07-14T18:38:49.288955Z", "fetched_at": "2025-07-14T18:39:31.959307+00:00", "symbol": "ETH-USD"}, {"trade_id": 666951640, "side": "sell", "size": "0.10000000", "price": "2999.76000000", "time": "2025-07-14T18:38:49.288955Z", "fetched_at": "2025-07-14T18:39:31.959307+00:00", "symbol": "ETH-USD"}, {"trade_id": 666951639, "side": "sell", "size": "0.00322099", "price": "2999.75000000", "time": "2025-07-14T18:38:49.288955Z", "fetched_at": "2025-07-14T18:39:31.959307+00:00", "symbol": "ETH-USD"}, {"trade_id": 666951638, "side": "sell", "size": "0.00041032", "price": "2999.77000000", "time": "2025-07-14T18:38:48.562485Z", "fetched_at": "2025-07-14T18:39:31.959307+00:00", "symbol": "ETH-USD"}, {"trade_id": 666951637, "side": "sell", "size": "0.00302898", "price": "2999.87000000", "time": "2025-07-14T18:38:46.175743Z", "fetched_at": "2025-07-14T18:39:31.959307+00:00", "symbol": "ETH-USD"}, {"trade_id": 666951636, "side": "sell", "size": "0.00033004", "price": "2999.87000000", "time": "2025-07-14T18:38:46.078432Z", "fetched_at": "2025-07-14T18:39:31.959307+00:00", "symbol": "ETH-USD"}, {"trade_id": 666951635, "side": "buy", "size": "0.00033188", "price": "2999.49000000", "time": "2025-07-14T18:38:45.520765Z", "fetched_at": "2025-07-14T18:39:31.959307+00:00", "symbol": "ETH-USD"}, {"trade_id": 666951634, "side": "buy", "size": "0.00000333", "price": "2999.56000000", "time": "2025-07-14T18:38:45.520765Z", "fetched_at": "2025-07-14T18:39:31.959307+00:00", "symbol": "ETH-USD"}, {"trade_id": 666951633, "side": "sell", "size": "0.06155684", "price": "2999.86000000", "time": "2025-07-14T18:38:45.291648Z", "fetched_at": "2025-07-14T18:39:31.959307+00:00", "symbol": "ETH-USD"}, {"trade_id": 666951632, "side": "sell", "size": "0.00322120", "price": "2999.85000000", "time": "2025-07-14T18:38:45.291648Z", "fetched_at": "2025-07-14T18:39:31.959307+00:00", "symbol": "ETH-USD"}, {"trade_id": 666951631, "side": "sell", "size": "0.00637880", "price": "2999.86000000", "time": "2025-07-14T18:38:45.260598Z", "fetched_at": "2025-07-14T18:39:31.959307+00:00", "symbol": "ETH-USD"}, {"trade_id": 666951630, "side": "sell", "size": "0.00322120", "price": "2999.85000000", "time": "2025-07-14T18:38:45.260598Z", "fetched_at": "2025-07-14T18:39:31.959307+00:00", "symbol": "ETH-USD"}, {"trade_id": 666951629, "side": "sell", "size": "0.00005588", "price": "2999.49000000", "time": "2025-07-14T18:38:44.073040Z", "fetched_at": "2025-07-14T18:39:31.959307+00:00", "symbol": "ETH-USD"}, {"trade_id": 666951628, "side": "sell", "size": "0.00321881", "price": "2999.49000000", "time": "2025-07-14T18:38:44.073040Z", "fetched_at": "2025-07-14T18:39:31.959307+00:00", "symbol": "ETH-USD"}, {"trade_id": 666951627, "side": "sell", "size": "0.00031001", "price": "2999.49000000", "time": "2025-07-14T18:38:44.073040Z", "fetched_at": "2025-07-14T18:39:31.959307+00:00", "symbol": "ETH-USD"}, {"trade_id": 666951626, "side": "sell", "size": "0.00024001", "price": "2999.49000000", "time": "2025-07-14T18:38:44.073040Z", "fetched_at": "2025-07-14T18:39:31.959307+00:00", "symbol": "ETH-USD"}, {"trade_id": 666951625, "side": "sell", "size": "1.87577611", "price": "2999.49000000", "time": "2025-07-14T18:38:44.073040Z", "fetched_at": "2025-07-14T18:39:31.959307+00:00", "symbol": "ETH-USD"}, {"trade_id": 666951624, "side": "sell", "size": "0.21332726", "price": "2999.49000000", "time": "2025-07-14T18:38:44.069397Z", "fetched_at": "2025-07-14T18:39:31.959307+00:00", "symbol": "ETH-USD"}, {"trade_id": 666951623, "side": "sell", "size": "3.11089663", "price": "2999.49000000", "time": "2025-07-14T18:38:44.064697Z", "fetched_at": "2025-07-14T18:39:31.959307+00:00", "symbol": "ETH-USD"}, {"trade_id": 666951622, "side": "sell", "size": "0.00572524", "price": "2999.49000000", "time": "2025-07-14T18:38:44.064697Z", "fetched_at": "2025-07-14T18:39:31.959307+00:00", "symbol": "ETH-USD"}, {"trade_id": 666951621, "side": "buy", "size": "0.03367550", "price": "2999.48000000", "time": "2025-07-14T18:38:43.155299Z", "fetched_at": "2025-07-14T18:39:31.959307+00:00", "symbol": "ETH-USD"}, {"trade_id": 666951620, "side": "buy", "size": "0.00010000", "price": "2999.60000000", "time": "2025-07-14T18:38:42.127479Z", "fetched_at": "2025-07-14T18:39:31.959307+00:00", "symbol": "ETH-USD"}, {"trade_id": 666951619, "side": "buy", "size": "0.09999999", "price": "3000.20000000", "time": "2025-07-14T18:38:41.912944Z", "fetched_at": "2025-07-14T18:39:31.959307+00:00", "symbol": "ETH-USD"}, {"trade_id": 666951618, "side": "buy", "size": "0.00033598", "price": "3000.21000000", "time": "2025-07-14T18:38:41.912944Z", "fetched_at": "2025-07-14T18:39:31.959307+00:00", "symbol": "ETH-USD"}, {"trade_id": 666951617, "side": "buy", "size": "0.00027330", "price": "3000.31000000", "time": "2025-07-14T18:38:41.912944Z", "fetched_at": "2025-07-14T18:39:31.959307+00:00", "symbol": "ETH-USD"}, {"trade_id": 666951616, "side": "buy", "size": "0.00003332", "price": "3000.44000000", "time": "2025-07-14T18:38:41.898181Z", "fetched_at": "2025-07-14T18:39:31.959307+00:00", "symbol": "ETH-USD"}, {"trade_id": 666951615, "side": "buy", "size": "0.14797353", "price": "3000.44000000", "time": "2025-07-14T18:38:41.898181Z", "fetched_at": "2025-07-14T18:39:31.959307+00:00", "symbol": "ETH-USD"}, {"trade_id": 666951614, "side": "buy", "size": "0.00096966", "price": "3000.44000000", "time": "2025-07-14T18:38:41.845665Z", "fetched_at": "2025-07-14T18:39:31.959307+00:00", "symbol": "ETH-USD"}, {"trade_id": 666951613, "side": "buy", "size": "0.04346192", "price": "3000.44000000", "time": "2025-07-14T18:38:41.759696Z", "fetched_at": "2025-07-14T18:39:31.959307+00:00", "symbol": "ETH-USD"}, {"trade_id": 666951612, "side": "buy", "size": "0.00006665", "price": "3000.44000000", "time": "2025-07-14T18:38:41.759696Z", "fetched_at": "2025-07-14T18:39:31.959307+00:00", "symbol": "ETH-USD"}, {"trade_id": 666951611, "side": "buy", "size": "0.00013664", "price": "3000.44000000", "time": "2025-07-14T18:38:41.759696Z", "fetched_at": "2025-07-14T18:39:31.959307+00:00", "symbol": "ETH-USD"}, {"trade_id": 666951610, "side": "sell", "size": "0.00162050", "price": "3000.45000000", "time": "2025-07-14T18:38:39.089652Z", "fetched_at": "2025-07-14T18:39:31.959307+00:00", "symbol": "ETH-USD"}, {"trade_id": 666951609, "side": "sell", "size": "0.85435923", "price": "3000.67000000", "time": "2025-07-14T18:38:38.352073Z", "fetched_at": "2025-07-14T18:39:31.959307+00:00", "symbol": "ETH-USD"}, {"trade_id": 666951608, "side": "sell", "size": "0.61848212", "price": "3000.57000000", "time": "2025-07-14T18:38:38.350520Z", "fetched_at": "2025-07-14T18:39:31.959307+00:00", "symbol": "ETH-USD"}, {"trade_id": 666951607, "side": "sell", "size": "0.00322127", "price": "3000.56000000", "time": "2025-07-14T18:38:38.350520Z", "fetched_at": "2025-07-14T18:39:31.959307+00:00", "symbol": "ETH-USD"}, {"trade_id": 666951606, "side": "sell", "size": "0.36721561", "price": "3000.41000000", "time": "2025-07-14T18:38:38.345584Z", "fetched_at": "2025-07-14T18:39:31.959307+00:00", "symbol": "ETH-USD"}, {"trade_id": 666951605, "side": "sell", "size": "0.00028559", "price": "3000.26000000", "time": "2025-07-14T18:38:37.762155Z", "fetched_at": "2025-07-14T18:39:31.959307+00:00", "symbol": "ETH-USD"}, {"trade_id": 666951604, "side": "sell", "size": "0.83326111", "price": "3000.26000000", "time": "2025-07-14T18:38:37.762155Z", "fetched_at": "2025-07-14T18:39:31.959307+00:00", "symbol": "ETH-USD"}, {"trade_id": 666951603, "side": "sell", "size": "0.00322127", "price": "3000.25000000", "time": "2025-07-14T18:38:37.762155Z", "fetched_at": "2025-07-14T18:39:31.959307+00:00", "symbol": "ETH-USD"}, {"trade_id": 666951602, "side": "sell", "size": "0.38918331", "price": "3000.18000000", "time": "2025-07-14T18:38:37.762155Z", "fetched_at": "2025-07-14T18:39:31.959307+00:00", "symbol": "ETH-USD"}, {"trade_id": 666951601, "side": "sell", "size": "0.07554368", "price": "3000.00000000", "time": "2025-07-14T18:38:37.702073Z", "fetched_at": "2025-07-14T18:39:31.959307+00:00", "symbol": "ETH-USD"}, {"trade_id": 666951600, "side": "sell", "size": "0.00185189", "price": "3000.00000000", "time": "2025-07-14T18:38:37.702073Z", "fetched_at": "2025-07-14T18:39:31.959307+00:00", "symbol": "ETH-USD"}, {"trade_id": 666951599, "side": "sell", "size": "2.78570591", "price": "3001.26000000", "time": "2025-07-14T18:38:37.632419Z", "fetched_at": "2025-07-14T18:39:31.959307+00:00", "symbol": "ETH-USD"}, {"trade_id": 666951598, "side": "sell", "size": "0.83833971", "price": "3001.17000000", "time": "2025-07-14T18:38:37.632419Z", "fetched_at": "2025-07-14T18:39:31.959307+00:00", "symbol": "ETH-USD"}, {"trade_id": 666951597, "side": "sell", "size": "0.48600000", "price": "3001.08000000", "time": "2025-07-14T18:38:37.632419Z", "fetched_at": "2025-07-14T18:39:31.959307+00:00", "symbol": "ETH-USD"}, {"trade_id": 666951596, "side": "sell", "size": "0.33331416", "price": "3000.90000000", "time": "2025-07-14T18:38:37.632419Z", "fetched_at": "2025-07-14T18:39:31.959307+00:00", "symbol": "ETH-USD"}, {"trade_id": 666951595, "side": "sell", "size": "0.66678900", "price": "3000.89000000", "time": "2025-07-14T18:38:37.632419Z", "fetched_at": "2025-07-14T18:39:31.959307+00:00", "symbol": "ETH-USD"}, {"trade_id": 666951594, "side": "sell", "size": "0.35133764", "price": "3000.86000000", "time": "2025-07-14T18:38:37.632419Z", "fetched_at": "2025-07-14T18:39:31.959307+00:00", "symbol": "ETH-USD"}, {"trade_id": 666951593, "side": "sell", "size": "0.00050004", "price": "3000.77000000", "time": "2025-07-14T18:38:37.632419Z", "fetched_at": "2025-07-14T18:39:31.959307+00:00", "symbol": "ETH-USD"}, {"trade_id": 666951592, "side": "sell", "size": "2.44137416", "price": "3000.68000000", "time": "2025-07-14T18:38:37.632419Z", "fetched_at": "2025-07-14T18:39:31.959307+00:00", "symbol": "ETH-USD"}, {"trade_id": 666951591, "side": "sell", "size": "1.07528000", "price": "3000.61000000", "time": "2025-07-14T18:38:37.632419Z", "fetched_at": "2025-07-14T18:39:31.959307+00:00", "symbol": "ETH-USD"}, {"trade_id": 666951590, "side": "sell", "size": "1.34083202", "price": "3000.57000000", "time": "2025-07-14T18:38:37.632419Z", "fetched_at": "2025-07-14T18:39:31.959307+00:00", "symbol": "ETH-USD"}, {"trade_id": 666951589, "side": "sell", "size": "0.80449921", "price": "3000.56000000", "time": "2025-07-14T18:38:37.632419Z", "fetched_at": "2025-07-14T18:39:31.959307+00:00", "symbol": "ETH-USD"}, {"trade_id": 666951588, "side": "sell", "size": "0.16665708", "price": "3000.53000000", "time": "2025-07-14T18:38:37.632419Z", "fetched_at": "2025-07-14T18:39:31.959307+00:00", "symbol": "ETH-USD"}, {"trade_id": 666951587, "side": "sell", "size": "0.55447146", "price": "3000.45000000", "time": "2025-07-14T18:38:37.632419Z", "fetched_at": "2025-07-14T18:39:31.959307+00:00", "symbol": "ETH-USD"}, {"trade_id": 666951586, "side": "sell", "size": "0.50276054", "price": "3000.42000000", "time": "2025-07-14T18:38:37.632419Z", "fetched_at": "2025-07-14T18:39:31.959307+00:00", "symbol": "ETH-USD"}, {"trade_id": 666951585, "side": "sell", "size": "0.32670577", "price": "3000.41000000", "time": "2025-07-14T18:38:37.632419Z", "fetched_at": "2025-07-14T18:39:31.959307+00:00", "symbol": "ETH-USD"}, {"trade_id": 666951584, "side": "sell", "size": "1.07528000", "price": "3000.40000000", "time": "2025-07-14T18:38:37.632419Z", "fetched_at": "2025-07-14T18:39:31.959307+00:00", "symbol": "ETH-USD"}, {"trade_id": 666951583, "side": "sell", "size": "0.00100000", "price": "3000.35000000", "time": "2025-07-14T18:38:37.632419Z", "fetched_at": "2025-07-14T18:39:31.959307+00:00", "symbol": "ETH-USD"}, {"trade_id": 666951582, "side": "sell", "size": "0.31623939", "price": "3000.34000000", "time": "2025-07-14T18:38:37.632419Z", "fetched_at": "2025-07-14T18:39:31.959307+00:00", "symbol": "ETH-USD"}, {"trade_id": 666951581, "side": "sell", "size": "1.26672204", "price": "3000.30000000", "time": "2025-07-14T18:38:37.632419Z", "fetched_at": "2025-07-14T18:39:31.959307+00:00", "symbol": "ETH-USD"}, {"trade_id": 666951580, "side": "sell", "size": "0.30955846", "price": "3000.28000000", "time": "2025-07-14T18:38:37.632419Z", "fetched_at": "2025-07-14T18:39:31.959307+00:00", "symbol": "ETH-USD"}, {"trade_id": 666951579, "side": "sell", "size": "0.10327959", "price": "3000.28000000", "time": "2025-07-14T18:38:37.632419Z", "fetched_at": "2025-07-14T18:39:31.959307+00:00", "symbol": "ETH-USD"}, {"trade_id": 666951578, "side": "sell", "size": "0.15000000", "price": "2999.77000000", "time": "2025-07-14T18:38:37.632419Z", "fetched_at": "2025-07-14T18:39:31.959307+00:00", "symbol": "ETH-USD"}, {"trade_id": 666951577, "side": "sell", "size": "0.29672041", "price": "3000.28000000", "time": "2025-07-14T18:38:37.627847Z", "fetched_at": "2025-07-14T18:39:31.959307+00:00", "symbol": "ETH-USD"}, {"trade_id": 666951576, "side": "sell", "size": "0.20000000", "price": "3000.28000000", "time": "2025-07-14T18:38:37.627847Z", "fetched_at": "2025-07-14T18:39:31.959307+00:00", "symbol": "ETH-USD"}, {"trade_id": 666951575, "side": "sell", "size": "0.00322127", "price": "3000.27000000", "time": "2025-07-14T18:38:37.627847Z", "fetched_at": "2025-07-14T18:39:31.959307+00:00", "symbol": "ETH-USD"}, {"trade_id": 666951574, "side": "sell", "size": "1.00000000", "price": "3000.16000000", "time": "2025-07-14T18:38:37.627847Z", "fetched_at": "2025-07-14T18:39:31.959307+00:00", "symbol": "ETH-USD"}, {"trade_id": 666951573, "side": "sell", "size": "0.96193276", "price": "3000.15000000", "time": "2025-07-14T18:38:37.627847Z", "fetched_at": "2025-07-14T18:39:31.959307+00:00", "symbol": "ETH-USD"}, {"trade_id": 666951572, "side": "sell", "size": "0.51904754", "price": "3000.15000000", "time": "2025-07-14T18:38:37.627847Z", "fetched_at": "2025-07-14T18:39:31.959307+00:00", "symbol": "ETH-USD"}, {"trade_id": 666951571, "side": "sell", "size": "0.83331088", "price": "3000.09000000", "time": "2025-07-14T18:38:37.627847Z", "fetched_at": "2025-07-14T18:39:31.959307+00:00", "symbol": "ETH-USD"}, {"trade_id": 666951570, "side": "sell", "size": "0.07531671", "price": "3000.00000000", "time": "2025-07-14T18:38:37.627847Z", "fetched_at": "2025-07-14T18:39:31.959307+00:00", "symbol": "ETH-USD"}, {"trade_id": 666951569, "side": "sell", "size": "0.00185249", "price": "3000.00000000", "time": "2025-07-14T18:38:37.627847Z", "fetched_at": "2025-07-14T18:39:31.959307+00:00", "symbol": "ETH-USD"}, {"trade_id": 666951568, "side": "sell", "size": "0.03128814", "price": "3000.00000000", "time": "2025-07-14T18:38:37.627847Z", "fetched_at": "2025-07-14T18:39:31.959307+00:00", "symbol": "ETH-USD"}, {"trade_id": 666951567, "side": "sell", "size": "0.01771947", "price": "3000.00000000", "time": "2025-07-14T18:38:37.627847Z", "fetched_at": "2025-07-14T18:39:31.959307+00:00", "symbol": "ETH-USD"}, {"trade_id": 666951566, "side": "sell", "size": "0.16666807", "price": "2999.98000000", "time": "2025-07-14T18:38:37.627847Z", "fetched_at": "2025-07-14T18:39:31.959307+00:00", "symbol": "ETH-USD"}, {"trade_id": 666951565, "side": "sell", "size": "0.83335173", "price": "2999.94000000", "time": "2025-07-14T18:38:37.627847Z", "fetched_at": "2025-07-14T18:39:31.959307+00:00", "symbol": "ETH-USD"}, {"trade_id": 666951564, "side": "sell", "size": "0.15000000", "price": "2999.78000000", "time": "2025-07-14T18:38:37.627847Z", "fetched_at": "2025-07-14T18:39:31.959307+00:00", "symbol": "ETH-USD"}, {"trade_id": 666951563, "side": "sell", "size": "5.05000000", "price": "2999.78000000", "time": "2025-07-14T18:38:37.627283Z", "fetched_at": "2025-07-14T18:39:31.959307+00:00", "symbol": "ETH-USD"}, {"trade_id": 666951562, "side": "sell", "size": "0.32670577", "price": "2999.77000000", "time": "2025-07-14T18:38:37.627283Z", "fetched_at": "2025-07-14T18:39:31.959307+00:00", "symbol": "ETH-USD"}, {"trade_id": 666951561, "side": "sell", "size": "0.15000000", "price": "2999.76000000", "time": "2025-07-14T18:38:37.627283Z", "fetched_at": "2025-07-14T18:39:31.959307+00:00", "symbol": "ETH-USD"}, {"trade_id": 666951560, "side": "sell", "size": "0.00012973", "price": "2999.71000000", "time": "2025-07-14T18:38:37.627283Z", "fetched_at": "2025-07-14T18:39:31.959307+00:00", "symbol": "ETH-USD"}, {"trade_id": 666951559, "side": "sell", "size": "0.00062002", "price": "2999.71000000", "time": "2025-07-14T18:38:37.627283Z", "fetched_at": "2025-07-14T18:39:31.959307+00:00", "symbol": "ETH-USD"}, {"trade_id": 666951558, "side": "sell", "size": "0.00011178", "price": "2999.71000000", "time": "2025-07-14T18:38:37.627283Z", "fetched_at": "2025-07-14T18:39:31.959307+00:00", "symbol": "ETH-USD"}, {"trade_id": 666951557, "side": "sell", "size": "0.00024001", "price": "2999.71000000", "time": "2025-07-14T18:38:37.627283Z", "fetched_at": "2025-07-14T18:39:31.959307+00:00", "symbol": "ETH-USD"}, {"trade_id": 666951556, "side": "sell", "size": "0.00321880", "price": "2999.71000000", "time": "2025-07-14T18:38:37.627283Z", "fetched_at": "2025-07-14T18:39:31.959307+00:00", "symbol": "ETH-USD"}, {"trade_id": 666951555, "side": "sell", "size": "0.55851559", "price": "2999.63000000", "time": "2025-07-14T18:38:37.614743Z", "fetched_at": "2025-07-14T18:39:31.959307+00:00", "symbol": "ETH-USD"}, {"trade_id": 666951554, "side": "sell", "size": "0.00572531", "price": "2999.43000000", "time": "2025-07-14T18:38:37.614743Z", "fetched_at": "2025-07-14T18:39:31.959307+00:00", "symbol": "ETH-USD"}, {"trade_id": 666951553, "side": "sell", "size": "0.01258009", "price": "2999.43000000", "time": "2025-07-14T18:38:35.921943Z", "fetched_at": "2025-07-14T18:39:31.959307+00:00", "symbol": "ETH-USD"}, {"trade_id": 666951552, "side": "sell", "size": "0.00322117", "price": "2999.43000000", "time": "2025-07-14T18:38:35.921943Z", "fetched_at": "2025-07-14T18:39:31.959307+00:00", "symbol": "ETH-USD"}, {"trade_id": 666951551, "side": "buy", "size": "0.00036076", "price": "2999.50000000", "time": "2025-07-14T18:38:35.860390Z", "fetched_at": "2025-07-14T18:39:31.959307+00:00", "symbol": "ETH-USD"}, {"trade_id": 666951550, "side": "buy", "size": "0.00000333", "price": "2999.50000000", "time": "2025-07-14T18:38:35.860390Z", "fetched_at": "2025-07-14T18:39:31.959307+00:00", "symbol": "ETH-USD"}, {"trade_id": 666951549, "side": "buy", "size": "0.00000872", "price": "2999.50000000", "time": "2025-07-14T18:38:35.860390Z", "fetched_at": "2025-07-14T18:39:31.959307+00:00", "symbol": "ETH-USD"}, {"trade_id": 666951548, "side": "buy", "size": "0.03132650", "price": "2999.50000000", "time": "2025-07-14T18:38:35.647068Z", "fetched_at": "2025-07-14T18:39:31.959307+00:00", "symbol": "ETH-USD"}, {"trade_id": 666951547, "side": "buy", "size": "0.00001000", "price": "2999.50000000", "time": "2025-07-14T18:38:35.647068Z", "fetched_at": "2025-07-14T18:39:31.959307+00:00", "symbol": "ETH-USD"}, {"trade_id": 666951546, "side": "buy", "size": "0.00036350", "price": "2999.50000000", "time": "2025-07-14T18:38:35.647068Z", "fetched_at": "2025-07-14T18:39:31.959307+00:00", "symbol": "ETH-USD"}, {"trade_id": 666951545, "side": "buy", "size": "0.00000666", "price": "2999.62000000", "time": "2025-07-14T18:38:34.428481Z", "fetched_at": "2025-07-14T18:39:31.959307+00:00", "symbol": "ETH-USD"}, {"trade_id": 666951544, "side": "buy", "size": "0.01163814", "price": "2999.62000000", "time": "2025-07-14T18:38:34.428481Z", "fetched_at": "2025-07-14T18:39:31.959307+00:00", "symbol": "ETH-USD"}, {"trade_id": 666951543, "side": "buy", "size": "0.00001666", "price": "2999.62000000", "time": "2025-07-14T18:38:34.428481Z", "fetched_at": "2025-07-14T18:39:31.959307+00:00", "symbol": "ETH-USD"}, {"trade_id": 666951542, "side": "buy", "size": "0.06416146", "price": "2999.62000000", "time": "2025-07-14T18:38:34.428481Z", "fetched_at": "2025-07-14T18:39:31.959307+00:00", "symbol": "ETH-USD"}, {"trade_id": 666951541, "side": "buy", "size": "0.00001666", "price": "2999.62000000", "time": "2025-07-14T18:38:34.428481Z", "fetched_at": "2025-07-14T18:39:31.959307+00:00", "symbol": "ETH-USD"}, {"trade_id": 666951540, "side": "buy", "size": "0.00036417", "price": "2999.70000000", "time": "2025-07-14T18:38:34.428481Z", "fetched_at": "2025-07-14T18:39:31.959307+00:00", "symbol": "ETH-USD"}, {"trade_id": 666951539, "side": "sell", "size": "0.00006206", "price": "2999.63000000", "time": "2025-07-14T18:38:34.185931Z", "fetched_at": "2025-07-14T18:39:31.959307+00:00", "symbol": "ETH-USD"}, {"trade_id": 666951538, "side": "sell", "size": "0.60840906", "price": "2999.63000000", "time": "2025-07-14T18:38:34.185931Z", "fetched_at": "2025-07-14T18:39:31.959307+00:00", "symbol": "ETH-USD"}, {"trade_id": 666951537, "side": "sell", "size": "0.00880000", "price": "2999.63000000", "time": "2025-07-14T18:38:31.872351Z", "fetched_at": "2025-07-14T18:39:31.959307+00:00", "symbol": "ETH-USD"}, {"trade_id": 666951536, "side": "buy", "size": "0.03177297", "price": "2999.24000000", "time": "2025-07-14T18:38:31.593587Z", "fetched_at": "2025-07-14T18:39:31.959307+00:00", "symbol": "ETH-USD"}, {"trade_id": 666951535, "side": "buy", "size": "0.00049996", "price": "2999.35000000", "time": "2025-07-14T18:38:31.593587Z", "fetched_at": "2025-07-14T18:39:31.959307+00:00", "symbol": "ETH-USD"}, {"trade_id": 666951534, "side": "buy", "size": "0.00038144", "price": "2999.51000000", "time": "2025-07-14T18:38:31.593587Z", "fetched_at": "2025-07-14T18:39:31.959307+00:00", "symbol": "ETH-USD"}, {"trade_id": 666951533, "side": "buy", "size": "0.01745841", "price": "2999.70000000", "time": "2025-07-14T18:38:31.568771Z", "fetched_at": "2025-07-14T18:39:31.959307+00:00", "symbol": "ETH-USD"}, {"trade_id": 666951532, "side": "buy", "size": "0.00038142", "price": "2999.70000000", "time": "2025-07-14T18:38:31.568771Z", "fetched_at": "2025-07-14T18:39:31.959307+00:00", "symbol": "ETH-USD"}, {"trade_id": 666951531, "side": "buy", "size": "0.00002000", "price": "2999.70000000", "time": "2025-07-14T18:38:31.568771Z", "fetched_at": "2025-07-14T18:39:31.959307+00:00", "symbol": "ETH-USD"}, {"trade_id": 666951530, "side": "buy", "size": "0.18700203", "price": "2999.70000000", "time": "2025-07-14T18:38:31.568771Z", "fetched_at": "2025-07-14T18:39:31.959307+00:00", "symbol": "ETH-USD"}, {"trade_id": 666951529, "side": "buy", "size": "1.43852687", "price": "2999.70000000", "time": "2025-07-14T18:38:31.568771Z", "fetched_at": "2025-07-14T18:39:31.959307+00:00", "symbol": "ETH-USD"}, {"trade_id": 666951528, "side": "buy", "size": "0.12994966", "price": "2999.70000000", "time": "2025-07-14T18:38:30.752175Z", "fetched_at": "2025-07-14T18:39:31.959307+00:00", "symbol": "ETH-USD"}, {"trade_id": 666951527, "side": "buy", "size": "0.00157725", "price": "2999.70000000", "time": "2025-07-14T18:38:30.015874Z", "fetched_at": "2025-07-14T18:39:31.959307+00:00", "symbol": "ETH-USD"}, {"trade_id": 666951526, "side": "sell", "size": "0.00927925", "price": "2999.71000000", "time": "2025-07-14T18:38:29.523695Z", "fetched_at": "2025-07-14T18:39:31.959307+00:00", "symbol": "ETH-USD"}, {"trade_id": 666951525, "side": "buy", "size": "0.05256848", "price": "2999.70000000", "time": "2025-07-14T18:38:29.217581Z", "fetched_at": "2025-07-14T18:39:31.959307+00:00", "symbol": "ETH-USD"}, {"trade_id": 666951524, "side": "buy", "size": "0.02621928", "price": "2999.70000000", "time": "2025-07-14T18:38:29.217581Z", "fetched_at": "2025-07-14T18:39:31.959307+00:00", "symbol": "ETH-USD"}, {"trade_id": 666951523, "side": "buy", "size": "0.00100000", "price": "2999.70000000", "time": "2025-07-14T18:38:29.217581Z", "fetched_at": "2025-07-14T18:39:31.959307+00:00", "symbol": "ETH-USD"}, {"trade_id": 666951522, "side": "buy", "size": "0.03365825", "price": "2999.98000000", "time": "2025-07-14T18:38:28.211697Z", "fetched_at": "2025-07-14T18:39:31.959307+00:00", "symbol": "ETH-USD"}, {"trade_id": 666951521, "side": "sell", "size": "0.15000000", "price": "3000.44000000", "time": "2025-07-14T18:38:28.145850Z", "fetched_at": "2025-07-14T18:39:31.959307+00:00", "symbol": "ETH-USD"}, {"trade_id": 666951520, "side": "sell", "size": "0.52402720", "price": "3000.44000000", "time": "2025-07-14T18:38:28.145824Z", "fetched_at": "2025-07-14T18:39:31.959307+00:00", "symbol": "ETH-USD"}, {"trade_id": 666951519, "side": "sell", "size": "0.44787300", "price": "3000.37000000", "time": "2025-07-14T18:38:28.145824Z", "fetched_at": "2025-07-14T18:39:31.959307+00:00", "symbol": "ETH-USD"}, {"trade_id": 666951518, "side": "sell", "size": "0.25285276", "price": "3000.35000000", "time": "2025-07-14T18:38:28.145824Z", "fetched_at": "2025-07-14T18:39:31.959307+00:00", "symbol": "ETH-USD"}, {"trade_id": 666951517, "side": "sell", "size": "0.30934953", "price": "3000.34000000", "time": "2025-07-14T18:38:28.145824Z", "fetched_at": "2025-07-14T18:39:31.959307+00:00", "symbol": "ETH-USD"}, {"trade_id": 666951516, "side": "sell", "size": "0.49944156", "price": "3000.33000000", "time": "2025-07-14T18:38:28.145824Z", "fetched_at": "2025-07-14T18:39:31.959307+00:00", "symbol": "ETH-USD"}, {"trade_id": 666951515, "side": "sell", "size": "0.83327791", "price": "3000.20000000", "time": "2025-07-14T18:38:28.145824Z", "fetched_at": "2025-07-14T18:39:31.959307+00:00", "symbol": "ETH-USD"}, {"trade_id": 666951514, "side": "sell", "size": "0.64619500", "price": "3000.19000000", "time": "2025-07-14T18:38:28.145824Z", "fetched_at": "2025-07-14T18:39:31.959307+00:00", "symbol": "ETH-USD"}, {"trade_id": 666951513, "side": "sell", "size": "0.15000000", "price": "3000.18000000", "time": "2025-07-14T18:38:28.145824Z", "fetched_at": "2025-07-14T18:39:31.959307+00:00", "symbol": "ETH-USD"}, {"trade_id": 666951512, "side": "sell", "size": "0.16666194", "price": "3000.09000000", "time": "2025-07-14T18:38:28.145824Z", "fetched_at": "2025-07-14T18:39:31.959307+00:00", "symbol": "ETH-USD"}, {"trade_id": 666951511, "side": "sell", "size": "0.01689000", "price": "3000.64000000", "time": "2025-07-14T18:38:28.064380Z", "fetched_at": "2025-07-14T18:39:31.959307+00:00", "symbol": "ETH-USD"}, {"trade_id": 666951510, "side": "buy", "size": "0.08591840", "price": "3000.12000000", "time": "2025-07-14T18:38:28.061651Z", "fetched_at": "2025-07-14T18:39:31.959307+00:00", "symbol": "ETH-USD"}, {"trade_id": 666951509, "side": "buy", "size": "0.10665194", "price": "3000.13000000", "time": "2025-07-14T18:38:28.061651Z", "fetched_at": "2025-07-14T18:39:31.959307+00:00", "symbol": "ETH-USD"}, {"trade_id": 666951508, "side": "sell", "size": "0.16663222", "price": "3000.62000000", "time": "2025-07-14T18:38:28.041419Z", "fetched_at": "2025-07-14T18:39:31.959307+00:00", "symbol": "ETH-USD"}, {"trade_id": 666951507, "side": "sell", "size": "0.08169692", "price": "3000.63000000", "time": "2025-07-14T18:38:28.022294Z", "fetched_at": "2025-07-14T18:39:31.959307+00:00", "symbol": "ETH-USD"}, {"trade_id": 666951506, "side": "sell", "size": "0.03491606", "price": "3000.62000000", "time": "2025-07-14T18:38:28.022294Z", "fetched_at": "2025-07-14T18:39:31.959307+00:00", "symbol": "ETH-USD"}, {"trade_id": 666951505, "side": "sell", "size": "0.29897000", "price": "3000.56000000", "time": "2025-07-14T18:38:28.022294Z", "fetched_at": "2025-07-14T18:39:31.959307+00:00", "symbol": "ETH-USD"}, {"trade_id": 666951504, "side": "sell", "size": "0.02967100", "price": "3000.49000000", "time": "2025-07-14T18:38:28.022294Z", "fetched_at": "2025-07-14T18:39:31.959307+00:00", "symbol": "ETH-USD"}, {"trade_id": 666951503, "side": "sell", "size": "0.00031002", "price": "3000.46000000", "time": "2025-07-14T18:38:28.022294Z", "fetched_at": "2025-07-14T18:39:31.959307+00:00", "symbol": "ETH-USD"}, {"trade_id": 666951502, "side": "sell", "size": "0.00005589", "price": "3000.46000000", "time": "2025-07-14T18:38:28.022294Z", "fetched_at": "2025-07-14T18:39:31.959307+00:00", "symbol": "ETH-USD"}, {"trade_id": 666951501, "side": "buy", "size": "0.24269000", "price": "3000.45000000", "time": "2025-07-14T18:38:27.987387Z", "fetched_at": "2025-07-14T18:39:31.959307+00:00", "symbol": "ETH-USD"}, {"trade_id": 666951500, "side": "buy", "size": "0.35214063", "price": "3000.45000000", "time": "2025-07-14T18:38:27.983626Z", "fetched_at": "2025-07-14T18:39:31.959307+00:00", "symbol": "ETH-USD"}, {"trade_id": 666951499, "side": "sell", "size": "0.15056712", "price": "3000.66000000", "time": "2025-07-14T18:38:27.983602Z", "fetched_at": "2025-07-14T18:39:31.959307+00:00", "symbol": "ETH-USD"}, {"trade_id": 666951498, "side": "sell", "size": "0.07828288", "price": "3000.57000000", "time": "2025-07-14T18:38:27.983602Z", "fetched_at": "2025-07-14T18:39:31.959307+00:00", "symbol": "ETH-USD"}, {"trade_id": 666951497, "side": "buy", "size": "0.46813932", "price": "2999.85000000", "time": "2025-07-14T18:38:27.964160Z", "fetched_at": "2025-07-14T18:39:31.959307+00:00", "symbol": "ETH-USD"}, {"trade_id": 666951496, "side": "buy", "size": "1.48225989", "price": "2999.85000000", "time": "2025-07-14T18:38:27.964046Z", "fetched_at": "2025-07-14T18:39:31.959307+00:00", "symbol": "ETH-USD"}, {"trade_id": 666951495, "side": "buy", "size": "2.89230198", "price": "2999.85000000", "time": "2025-07-14T18:38:27.964016Z", "fetched_at": "2025-07-14T18:39:31.959307+00:00", "symbol": "ETH-USD"}, {"trade_id": 666951494, "side": "buy", "size": "6.14280000", "price": "2999.86000000", "time": "2025-07-14T18:38:27.964016Z", "fetched_at": "2025-07-14T18:39:31.959307+00:00", "symbol": "ETH-USD"}, {"trade_id": 666951493, "side": "buy", "size": "0.83335800", "price": "2999.91000000", "time": "2025-07-14T18:38:27.964016Z", "fetched_at": "2025-07-14T18:39:31.959307+00:00", "symbol": "ETH-USD"}, {"trade_id": 666951492, "side": "buy", "size": "0.84662713", "price": "2999.91000000", "time": "2025-07-14T18:38:27.964016Z", "fetched_at": "2025-07-14T18:39:31.959307+00:00", "symbol": "ETH-USD"}, {"trade_id": 666951491, "side": "buy", "size": "0.20000000", "price": "3000.00000000", "time": "2025-07-14T18:38:27.964016Z", "fetched_at": "2025-07-14T18:39:31.959307+00:00", "symbol": "ETH-USD"}, {"trade_id": 666951490, "side": "buy", "size": "0.40000000", "price": "3000.00000000", "time": "2025-07-14T18:38:27.964016Z", "fetched_at": "2025-07-14T18:39:31.959307+00:00", "symbol": "ETH-USD"}, {"trade_id": 666951489, "side": "buy", "size": "0.35133764", "price": "3000.01000000", "time": "2025-07-14T18:38:27.964016Z", "fetched_at": "2025-07-14T18:39:31.959307+00:00", "symbol": "ETH-USD"}, {"trade_id": 666951488, "side": "buy", "size": "0.48898078", "price": "3000.11000000", "time": "2025-07-14T18:38:27.964016Z", "fetched_at": "2025-07-14T18:39:31.959307+00:00", "symbol": "ETH-USD"}, {"trade_id": 666951487, "side": "buy", "size": "0.33321948", "price": "3000.12000000", "time": "2025-07-14T18:38:27.964016Z", "fetched_at": "2025-07-14T18:39:31.959307+00:00", "symbol": "ETH-USD"}, {"trade_id": 666951486, "side": "buy", "size": "1.30000000", "price": "3000.15000000", "time": "2025-07-14T18:38:27.964016Z", "fetched_at": "2025-07-14T18:39:31.959307+00:00", "symbol": "ETH-USD"}, {"trade_id": 666951485, "side": "buy", "size": "0.32271393", "price": "3000.18000000", "time": "2025-07-14T18:38:27.964016Z", "fetched_at": "2025-07-14T18:39:31.959307+00:00", "symbol": "ETH-USD"}, {"trade_id": 666951484, "side": "buy", "size": "0.83328041", "price": "3000.19000000", "time": "2025-07-14T18:38:27.964016Z", "fetched_at": "2025-07-14T18:39:31.959307+00:00", "symbol": "ETH-USD"}, {"trade_id": 666951483, "side": "buy", "size": "1.47359660", "price": "3000.20000000", "time": "2025-07-14T18:38:27.964016Z", "fetched_at": "2025-07-14T18:39:31.959307+00:00", "symbol": "ETH-USD"}, {"trade_id": 666951482, "side": "buy", "size": "0.66414897", "price": "3000.21000000", "time": "2025-07-14T18:38:27.964016Z", "fetched_at": "2025-07-14T18:39:31.959307+00:00", "symbol": "ETH-USD"}, {"trade_id": 666951481, "side": "buy", "size": "0.02512252", "price": "3000.22000000", "time": "2025-07-14T18:38:27.964016Z", "fetched_at": "2025-07-14T18:39:31.959307+00:00", "symbol": "ETH-USD"}, {"trade_id": 666951480, "side": "buy", "size": "0.00049981", "price": "3000.25000000", "time": "2025-07-14T18:38:27.964016Z", "fetched_at": "2025-07-14T18:39:31.959307+00:00", "symbol": "ETH-USD"}, {"trade_id": 666951479, "side": "buy", "size": "0.31899628", "price": "3000.29000000", "time": "2025-07-14T18:38:27.964016Z", "fetched_at": "2025-07-14T18:39:31.959307+00:00", "symbol": "ETH-USD"}, {"trade_id": 666951478, "side": "buy", "size": "0.02863211", "price": "3000.31000000", "time": "2025-07-14T18:38:27.964016Z", "fetched_at": "2025-07-14T18:39:31.959307+00:00", "symbol": "ETH-USD"}, {"trade_id": 666951477, "side": "buy", "size": "0.16664819", "price": "3000.33000000", "time": "2025-07-14T18:38:27.964016Z", "fetched_at": "2025-07-14T18:39:31.959307+00:00", "symbol": "ETH-USD"}, {"trade_id": 666951476, "side": "buy", "size": "0.40876820", "price": "3000.40000000", "time": "2025-07-14T18:38:27.964016Z", "fetched_at": "2025-07-14T18:39:31.959307+00:00", "symbol": "ETH-USD"}, {"trade_id": 666951475, "side": "buy", "size": "0.46813932", "price": "3000.47000000", "time": "2025-07-14T18:38:27.964016Z", "fetched_at": "2025-07-14T18:39:31.959307+00:00", "symbol": "ETH-USD"}, {"trade_id": 666951474, "side": "buy", "size": "0.13326926", "price": "3000.67000000", "time": "2025-07-14T18:38:27.964016Z", "fetched_at": "2025-07-14T18:39:31.959307+00:00", "symbol": "ETH-USD"}, {"trade_id": 666951473, "side": "buy", "size": "0.38950596", "price": "3000.69000000", "time": "2025-07-14T18:38:27.964016Z", "fetched_at": "2025-07-14T18:39:31.959307+00:00", "symbol": "ETH-USD"}, {"trade_id": 666951472, "side": "buy", "size": "0.44955277", "price": "3000.76000000", "time": "2025-07-14T18:38:27.964016Z", "fetched_at": "2025-07-14T18:39:31.959307+00:00", "symbol": "ETH-USD"}, {"trade_id": 666951471, "side": "buy", "size": "0.00165369", "price": "3000.85000000", "time": "2025-07-14T18:38:27.964016Z", "fetched_at": "2025-07-14T18:39:31.959307+00:00", "symbol": "ETH-USD"}, {"trade_id": 666951470, "side": "buy", "size": "0.52684697", "price": "3000.86000000", "time": "2025-07-14T18:38:27.964016Z", "fetched_at": "2025-07-14T18:39:31.959307+00:00", "symbol": "ETH-USD"}, {"trade_id": 666951469, "side": "buy", "size": "1.66615571", "price": "3000.92000000", "time": "2025-07-14T18:38:27.958333Z", "fetched_at": "2025-07-14T18:39:31.959307+00:00", "symbol": "ETH-USD"}, {"trade_id": 666951468, "side": "buy", "size": "0.06028384", "price": "3000.97000000", "time": "2025-07-14T18:38:27.958138Z", "fetched_at": "2025-07-14T18:39:31.959307+00:00", "symbol": "ETH-USD"}, {"trade_id": 666951467, "side": "buy", "size": "3.70572735", "price": "3001.00000000", "time": "2025-07-14T18:38:27.958003Z", "fetched_at": "2025-07-14T18:39:31.959307+00:00", "symbol": "ETH-USD"}, {"trade_id": 666951466, "side": "buy", "size": "0.15000000", "price": "3001.01000000", "time": "2025-07-14T18:38:27.958003Z", "fetched_at": "2025-07-14T18:39:31.959307+00:00", "symbol": "ETH-USD"}, {"trade_id": 666951465, "side": "sell", "size": "0.00991122", "price": "3001.25000000", "time": "2025-07-14T18:38:27.911589Z", "fetched_at": "2025-07-14T18:39:31.959307+00:00", "symbol": "ETH-USD"}, {"trade_id": 666951464, "side": "sell", "size": "0.00061446", "price": "3001.25000000", "time": "2025-07-14T18:38:27.911589Z", "fetched_at": "2025-07-14T18:39:31.959307+00:00", "symbol": "ETH-USD"}, {"trade_id": 666951463, "side": "sell", "size": "0.10000000", "price": "3001.24000000", "time": "2025-07-14T18:38:27.911589Z", "fetched_at": "2025-07-14T18:39:31.959307+00:00", "symbol": "ETH-USD"}, {"trade_id": 666951462, "side": "sell", "size": "0.00321956", "price": "3001.23000000", "time": "2025-07-14T18:38:27.911589Z", "fetched_at": "2025-07-14T18:39:31.959307+00:00", "symbol": "ETH-USD"}, {"trade_id": 666951461, "side": "sell", "size": "0.00321895", "price": "3001.13000000", "time": "2025-07-14T18:38:27.911589Z", "fetched_at": "2025-07-14T18:39:31.959307+00:00", "symbol": "ETH-USD"}, {"trade_id": 666951460, "side": "sell", "size": "0.04501131", "price": "3001.13000000", "time": "2025-07-14T18:38:27.911589Z", "fetched_at": "2025-07-14T18:39:31.959307+00:00", "symbol": "ETH-USD"}, {"trade_id": 666951459, "side": "sell", "size": "0.00024002", "price": "3001.13000000", "time": "2025-07-14T18:38:27.911589Z", "fetched_at": "2025-07-14T18:39:31.959307+00:00", "symbol": "ETH-USD"}, {"trade_id": 666951458, "side": "sell", "size": "0.00020668", "price": "3001.09000000", "time": "2025-07-14T18:38:27.911589Z", "fetched_at": "2025-07-14T18:39:31.959307+00:00", "symbol": "ETH-USD"}, {"trade_id": 666951457, "side": "sell", "size": "0.00572564", "price": "3001.08000000", "time": "2025-07-14T18:38:27.911589Z", "fetched_at": "2025-07-14T18:39:31.959307+00:00", "symbol": "ETH-USD"}, {"trade_id": 666951456, "side": "sell", "size": "0.00185216", "price": "3001.01000000", "time": "2025-07-14T18:38:27.911589Z", "fetched_at": "2025-07-14T18:39:31.959307+00:00", "symbol": "ETH-USD"}, {"trade_id": 666951455, "side": "sell", "size": "0.16661112", "price": "3001.00000000", "time": "2025-07-14T18:38:27.864266Z", "fetched_at": "2025-07-14T18:39:31.959307+00:00", "symbol": "ETH-USD"}, {"trade_id": 666951454, "side": "buy", "size": "0.00105354", "price": "3001.00000000", "time": "2025-07-14T18:38:27.534611Z", "fetched_at": "2025-07-14T18:39:31.959307+00:00", "symbol": "ETH-USD"}, {"trade_id": 666951453, "side": "sell", "size": "0.00777172", "price": "3001.01000000", "time": "2025-07-14T18:38:26.811902Z", "fetched_at": "2025-07-14T18:39:31.959307+00:00", "symbol": "ETH-USD"}, {"trade_id": 666951452, "side": "sell", "size": "0.00108902", "price": "3001.09000000", "time": "2025-07-14T18:38:25.373745Z", "fetched_at": "2025-07-14T18:39:31.959307+00:00", "symbol": "ETH-USD"}, {"trade_id": 666951451, "side": "sell", "size": "0.00044270", "price": "3001.09000000", "time": "2025-07-14T18:38:25.173750Z", "fetched_at": "2025-07-14T18:39:31.959307+00:00", "symbol": "ETH-USD"}, {"trade_id": 666951450, "side": "sell", "size": "0.00010335", "price": "3001.03000000", "time": "2025-07-14T18:38:25.173750Z", "fetched_at": "2025-07-14T18:39:31.959307+00:00", "symbol": "ETH-USD"}, {"trade_id": 666951449, "side": "buy", "size": "0.02721618", "price": "3001.02000000", "time": "2025-07-14T18:38:24.646669Z", "fetched_at": "2025-07-14T18:39:31.959307+00:00", "symbol": "ETH-USD"}, {"trade_id": 666951448, "side": "buy", "size": "0.11779525", "price": "3001.02000000", "time": "2025-07-14T18:38:24.533245Z", "fetched_at": "2025-07-14T18:39:31.959307+00:00", "symbol": "ETH-USD"}, {"trade_id": 666951447, "side": "sell", "size": "0.03162395", "price": "3001.13000000", "time": "2025-07-14T18:38:23.982143Z", "fetched_at": "2025-07-14T18:39:31.959307+00:00", "symbol": "ETH-USD"}, {"trade_id": 666951446, "side": "sell", "size": "0.00153410", "price": "3001.13000000", "time": "2025-07-14T18:38:23.905169Z", "fetched_at": "2025-07-14T18:39:31.959307+00:00", "symbol": "ETH-USD"}, {"trade_id": 666951445, "side": "sell", "size": "0.00198335", "price": "3001.13000000", "time": "2025-07-14T18:38:23.905169Z", "fetched_at": "2025-07-14T18:39:31.959307+00:00", "symbol": "ETH-USD"}, {"trade_id": 666951444, "side": "sell", "size": "0.00030723", "price": "3001.13000000", "time": "2025-07-14T18:38:23.905169Z", "fetched_at": "2025-07-14T18:39:31.959307+00:00", "symbol": "ETH-USD"}, {"trade_id": 666951443, "side": "sell", "size": "0.00407571", "price": "3001.13000000", "time": "2025-07-14T18:38:23.905169Z", "fetched_at": "2025-07-14T18:39:31.959307+00:00", "symbol": "ETH-USD"}, {"trade_id": 666951442, "side": "sell", "size": "0.00164949", "price": "3001.13000000", "time": "2025-07-14T18:38:23.354811Z", "fetched_at": "2025-07-14T18:39:31.959307+00:00", "symbol": "ETH-USD"}