[{"trade_id": 666945660, "side": "sell", "size": "0.00152673", "price": "3006.52000000", "time": "2025-07-14T18:23:20.921069Z", "fetched_at": "2025-07-14T18:23:24.664189+00:00", "symbol": "ETH-USD"}, {"trade_id": 666945659, "side": "sell", "size": "0.00010336", "price": "3006.51000000", "time": "2025-07-14T18:23:20.921069Z", "fetched_at": "2025-07-14T18:23:24.664189+00:00", "symbol": "ETH-USD"}, {"trade_id": 666945658, "side": "sell", "size": "0.00241618", "price": "3006.51000000", "time": "2025-07-14T18:23:20.921069Z", "fetched_at": "2025-07-14T18:23:24.664189+00:00", "symbol": "ETH-USD"}, {"trade_id": 666945657, "side": "sell", "size": "0.00000668", "price": "3006.51000000", "time": "2025-07-14T18:23:20.753272Z", "fetched_at": "2025-07-14T18:23:24.664189+00:00", "symbol": "ETH-USD"}, {"trade_id": 666945656, "side": "sell", "size": "0.00037877", "price": "3006.54000000", "time": "2025-07-14T18:23:20.522457Z", "fetched_at": "2025-07-14T18:23:24.664189+00:00", "symbol": "ETH-USD"}, {"trade_id": 666945655, "side": "sell", "size": "0.01366510", "price": "3006.55000000", "time": "2025-07-14T18:23:20.295833Z", "fetched_at": "2025-07-14T18:23:24.664189+00:00", "symbol": "ETH-USD"}, {"trade_id": 666945654, "side": "sell", "size": "0.00238720", "price": "3006.54000000", "time": "2025-07-14T18:23:20.295833Z", "fetched_at": "2025-07-14T18:23:24.664189+00:00", "symbol": "ETH-USD"}, {"trade_id": 666945653, "side": "sell", "size": "0.00010334", "price": "3006.52000000", "time": "2025-07-14T18:23:20.295833Z", "fetched_at": "2025-07-14T18:23:24.664189+00:00", "symbol": "ETH-USD"}, {"trade_id": 666945652, "side": "sell", "size": "0.00000234", "price": "3006.53000000", "time": "2025-07-14T18:23:19.853607Z", "fetched_at": "2025-07-14T18:23:24.664189+00:00", "symbol": "ETH-USD"}, {"trade_id": 666945651, "side": "buy", "size": "0.23378210", "price": "3006.33000000", "time": "2025-07-14T18:23:19.626619Z", "fetched_at": "2025-07-14T18:23:24.664189+00:00", "symbol": "ETH-USD"}, {"trade_id": 666945650, "side": "buy", "size": "0.00100000", "price": "3006.33000000", "time": "2025-07-14T18:23:19.626619Z", "fetched_at": "2025-07-14T18:23:24.664189+00:00", "symbol": "ETH-USD"}, {"trade_id": 666945649, "side": "buy", "size": "0.00185790", "price": "3006.34000000", "time": "2025-07-14T18:23:19.626619Z", "fetched_at": "2025-07-14T18:23:24.664189+00:00", "symbol": "ETH-USD"}, {"trade_id": 666945648, "side": "buy", "size": "0.00100000", "price": "3006.56000000", "time": "2025-07-14T18:23:19.626619Z", "fetched_at": "2025-07-14T18:23:24.664189+00:00", "symbol": "ETH-USD"}, {"trade_id": 666945647, "side": "buy", "size": "0.00203206", "price": "3006.79000000", "time": "2025-07-14T18:23:19.622769Z", "fetched_at": "2025-07-14T18:23:24.664189+00:00", "symbol": "ETH-USD"}, {"trade_id": 666945646, "side": "buy", "size": "0.02258554", "price": "3006.79000000", "time": "2025-07-14T18:23:19.622769Z", "fetched_at": "2025-07-14T18:23:24.664189+00:00", "symbol": "ETH-USD"}, {"trade_id": 666945645, "side": "buy", "size": "0.13920825", "price": "3006.79000000", "time": "2025-07-14T18:23:19.622769Z", "fetched_at": "2025-07-14T18:23:24.664189+00:00", "symbol": "ETH-USD"}, {"trade_id": 666945644, "side": "buy", "size": "0.00097898", "price": "3006.79000000", "time": "2025-07-14T18:23:19.622769Z", "fetched_at": "2025-07-14T18:23:24.664189+00:00", "symbol": "ETH-USD"}, {"trade_id": 666945643, "side": "sell", "size": "0.32956009", "price": "3006.80000000", "time": "2025-07-14T18:23:18.491318Z", "fetched_at": "2025-07-14T18:23:24.664189+00:00", "symbol": "ETH-USD"}, {"trade_id": 666945642, "side": "sell", "size": "0.32956009", "price": "3006.80000000", "time": "2025-07-14T18:23:18.459802Z", "fetched_at": "2025-07-14T18:23:24.664189+00:00", "symbol": "ETH-USD"}, {"trade_id": 666945641, "side": "sell", "size": "0.32956009", "price": "3006.80000000", "time": "2025-07-14T18:23:18.428166Z", "fetched_at": "2025-07-14T18:23:24.664189+00:00", "symbol": "ETH-USD"}, {"trade_id": 666945640, "side": "sell", "size": "0.32722918", "price": "3006.80000000", "time": "2025-07-14T18:23:18.396831Z", "fetched_at": "2025-07-14T18:23:24.664189+00:00", "symbol": "ETH-USD"}, {"trade_id": 666945639, "side": "sell", "size": "0.00233091", "price": "3006.80000000", "time": "2025-07-14T18:23:18.396831Z", "fetched_at": "2025-07-14T18:23:24.664189+00:00", "symbol": "ETH-USD"}, {"trade_id": 666945638, "side": "sell", "size": "0.01068050", "price": "3007.17000000", "time": "2025-07-14T18:23:18.326180Z", "fetched_at": "2025-07-14T18:23:24.664189+00:00", "symbol": "ETH-USD"}, {"trade_id": 666945637, "side": "sell", "size": "0.48600000", "price": "3007.11000000", "time": "2025-07-14T18:23:18.326180Z", "fetched_at": "2025-07-14T18:23:24.664189+00:00", "symbol": "ETH-USD"}, {"trade_id": 666945636, "side": "sell", "size": "0.60751653", "price": "3006.80000000", "time": "2025-07-14T18:23:18.326180Z", "fetched_at": "2025-07-14T18:23:24.664189+00:00", "symbol": "ETH-USD"}, {"trade_id": 666945635, "side": "sell", "size": "0.00005589", "price": "3006.80000000", "time": "2025-07-14T18:23:18.326180Z", "fetched_at": "2025-07-14T18:23:24.664189+00:00", "symbol": "ETH-USD"}, {"trade_id": 666945634, "side": "sell", "size": "0.00030999", "price": "3006.80000000", "time": "2025-07-14T18:23:18.326180Z", "fetched_at": "2025-07-14T18:23:24.664189+00:00", "symbol": "ETH-USD"}, {"trade_id": 666945633, "side": "sell", "size": "0.46814077", "price": "3006.80000000", "time": "2025-07-14T18:23:18.326180Z", "fetched_at": "2025-07-14T18:23:24.664189+00:00", "symbol": "ETH-USD"}, {"trade_id": 666945632, "side": "sell", "size": "0.04501981", "price": "3006.80000000", "time": "2025-07-14T18:23:18.326180Z", "fetched_at": "2025-07-14T18:23:24.664189+00:00", "symbol": "ETH-USD"}, {"trade_id": 666945631, "side": "sell", "size": "0.00227651", "price": "3006.80000000", "time": "2025-07-14T18:23:18.326180Z", "fetched_at": "2025-07-14T18:23:24.664189+00:00", "symbol": "ETH-USD"}, {"trade_id": 666945630, "side": "sell", "size": "0.00006916", "price": "3006.80000000", "time": "2025-07-14T18:23:17.985840Z", "fetched_at": "2025-07-14T18:23:24.664189+00:00", "symbol": "ETH-USD"}, {"trade_id": 666945629, "side": "buy", "size": "0.00002102", "price": "3006.79000000", "time": "2025-07-14T18:23:17.771702Z", "fetched_at": "2025-07-14T18:23:24.664189+00:00", "symbol": "ETH-USD"}, {"trade_id": 666945628, "side": "sell", "size": "0.24269000", "price": "3007.52000000", "time": "2025-07-14T18:23:17.681939Z", "fetched_at": "2025-07-14T18:23:24.664189+00:00", "symbol": "ETH-USD"}, {"trade_id": 666945627, "side": "sell", "size": "0.09898562", "price": "3007.52000000", "time": "2025-07-14T18:23:17.681567Z", "fetched_at": "2025-07-14T18:23:24.664189+00:00", "symbol": "ETH-USD"}, {"trade_id": 666945626, "side": "sell", "size": "0.04400077", "price": "3007.52000000", "time": "2025-07-14T18:23:17.681567Z", "fetched_at": "2025-07-14T18:23:24.664189+00:00", "symbol": "ETH-USD"}, {"trade_id": 666945625, "side": "sell", "size": "0.04396942", "price": "3007.52000000", "time": "2025-07-14T18:23:17.681567Z", "fetched_at": "2025-07-14T18:23:24.664189+00:00", "symbol": "ETH-USD"}, {"trade_id": 666945624, "side": "sell", "size": "0.00136753", "price": "3007.52000000", "time": "2025-07-14T18:23:17.676124Z", "fetched_at": "2025-07-14T18:23:24.664189+00:00", "symbol": "ETH-USD"}, {"trade_id": 666945623, "side": "sell", "size": "0.01551318", "price": "3007.51000000", "time": "2025-07-14T18:23:17.676124Z", "fetched_at": "2025-07-14T18:23:24.664189+00:00", "symbol": "ETH-USD"}, {"trade_id": 666945622, "side": "sell", "size": "0.44199923", "price": "3007.49000000", "time": "2025-07-14T18:23:17.676124Z", "fetched_at": "2025-07-14T18:23:24.664189+00:00", "symbol": "ETH-USD"}, {"trade_id": 666945621, "side": "sell", "size": "0.00234567", "price": "3007.49000000", "time": "2025-07-14T18:23:17.674037Z", "fetched_at": "2025-07-14T18:23:24.664189+00:00", "symbol": "ETH-USD"}, {"trade_id": 666945620, "side": "sell", "size": "0.04165510", "price": "3007.49000000", "time": "2025-07-14T18:23:17.673840Z", "fetched_at": "2025-07-14T18:23:24.664189+00:00", "symbol": "ETH-USD"}, {"trade_id": 666945619, "side": "sell", "size": "0.46238252", "price": "3007.50000000", "time": "2025-07-14T18:23:17.671697Z", "fetched_at": "2025-07-14T18:23:24.664189+00:00", "symbol": "ETH-USD"}, {"trade_id": 666945618, "side": "sell", "size": "0.02361748", "price": "3007.50000000", "time": "2025-07-14T18:23:17.671697Z", "fetched_at": "2025-07-14T18:23:24.664189+00:00", "symbol": "ETH-USD"}, {"trade_id": 666945617, "side": "sell", "size": "0.24269000", "price": "3007.50000000", "time": "2025-07-14T18:23:17.670383Z", "fetched_at": "2025-07-14T18:23:24.664189+00:00", "symbol": "ETH-USD"}, {"trade_id": 666945616, "side": "sell", "size": "0.21871438", "price": "3007.50000000", "time": "2025-07-14T18:23:17.670195Z", "fetched_at": "2025-07-14T18:23:24.664189+00:00", "symbol": "ETH-USD"}, {"trade_id": 666945615, "side": "sell", "size": "0.24269000", "price": "3007.49000000", "time": "2025-07-14T18:23:17.670195Z", "fetched_at": "2025-07-14T18:23:24.664189+00:00", "symbol": "ETH-USD"}, {"trade_id": 666945614, "side": "sell", "size": "0.09996376", "price": "3007.49000000", "time": "2025-07-14T18:23:17.670195Z", "fetched_at": "2025-07-14T18:23:24.664189+00:00", "symbol": "ETH-USD"}, {"trade_id": 666945613, "side": "sell", "size": "0.01551318", "price": "3007.50000000", "time": "2025-07-14T18:23:17.665718Z", "fetched_at": "2025-07-14T18:23:24.664189+00:00", "symbol": "ETH-USD"}, {"trade_id": 666945612, "side": "sell", "size": "0.04165510", "price": "3006.84000000", "time": "2025-07-14T18:23:17.662897Z", "fetched_at": "2025-07-14T18:23:24.664189+00:00", "symbol": "ETH-USD"}, {"trade_id": 666945611, "side": "sell", "size": "0.00234567", "price": "3006.80000000", "time": "2025-07-14T18:23:17.662897Z", "fetched_at": "2025-07-14T18:23:24.664189+00:00", "symbol": "ETH-USD"}, {"trade_id": 666945610, "side": "sell", "size": "0.04533695", "price": "3006.84000000", "time": "2025-07-14T18:23:17.661140Z", "fetched_at": "2025-07-14T18:23:24.664189+00:00", "symbol": "ETH-USD"}, {"trade_id": 666945609, "side": "sell", "size": "0.00234567", "price": "3006.85000000", "time": "2025-07-14T18:23:17.656283Z", "fetched_at": "2025-07-14T18:23:24.664189+00:00", "symbol": "ETH-USD"}, {"trade_id": 666945608, "side": "sell", "size": "0.48600000", "price": "3007.46000000", "time": "2025-07-14T18:23:17.622941Z", "fetched_at": "2025-07-14T18:23:24.664189+00:00", "symbol": "ETH-USD"}, {"trade_id": 666945607, "side": "sell", "size": "0.00538043", "price": "3007.46000000", "time": "2025-07-14T18:23:17.622157Z", "fetched_at": "2025-07-14T18:23:24.664189+00:00", "symbol": "ETH-USD"}, {"trade_id": 666945606, "side": "sell", "size": "1.00000000", "price": "3007.46000000", "time": "2025-07-14T18:23:17.621184Z", "fetched_at": "2025-07-14T18:23:24.664189+00:00", "symbol": "ETH-USD"}, {"trade_id": 666945605, "side": "sell", "size": "0.30000000", "price": "3007.46000000", "time": "2025-07-14T18:23:17.616819Z", "fetched_at": "2025-07-14T18:23:24.664189+00:00", "symbol": "ETH-USD"}, {"trade_id": 666945604, "side": "sell", "size": "5.52035320", "price": "3007.46000000", "time": "2025-07-14T18:23:17.610901Z", "fetched_at": "2025-07-14T18:23:24.664189+00:00", "symbol": "ETH-USD"}, {"trade_id": 666945603, "side": "sell", "size": "1.00000000", "price": "3007.45000000", "time": "2025-07-14T18:23:17.610901Z", "fetched_at": "2025-07-14T18:23:24.664189+00:00", "symbol": "ETH-USD"}, {"trade_id": 666945602, "side": "sell", "size": "0.30000000", "price": "3007.45000000", "time": "2025-07-14T18:23:17.610901Z", "fetched_at": "2025-07-14T18:23:24.664189+00:00", "symbol": "ETH-USD"}, {"trade_id": 666945601, "side": "sell", "size": "0.00538043", "price": "3007.44000000", "time": "2025-07-14T18:23:17.610901Z", "fetched_at": "2025-07-14T18:23:24.664189+00:00", "symbol": "ETH-USD"}, {"trade_id": 666945600, "side": "sell", "size": "0.00236457", "price": "3006.80000000", "time": "2025-07-14T18:23:17.606734Z", "fetched_at": "2025-07-14T18:23:24.664189+00:00", "symbol": "ETH-USD"}, {"trade_id": 666945599, "side": "sell", "size": "0.02662166", "price": "3007.43000000", "time": "2025-07-14T18:23:17.581871Z", "fetched_at": "2025-07-14T18:23:24.664189+00:00", "symbol": "ETH-USD"}, {"trade_id": 666945598, "side": "sell", "size": "0.00236457", "price": "3007.46000000", "time": "2025-07-14T18:23:17.565106Z", "fetched_at": "2025-07-14T18:23:24.664189+00:00", "symbol": "ETH-USD"}, {"trade_id": 666945597, "side": "sell", "size": "0.24709751", "price": "3007.38000000", "time": "2025-07-14T18:23:17.565106Z", "fetched_at": "2025-07-14T18:23:24.664189+00:00", "symbol": "ETH-USD"}, {"trade_id": 666945596, "side": "sell", "size": "0.12056641", "price": "3007.38000000", "time": "2025-07-14T18:23:17.565081Z", "fetched_at": "2025-07-14T18:23:24.664189+00:00", "symbol": "ETH-USD"}, {"trade_id": 666945595, "side": "sell", "size": "0.11833608", "price": "3007.38000000", "time": "2025-07-14T18:23:17.563181Z", "fetched_at": "2025-07-14T18:23:24.664189+00:00", "symbol": "ETH-USD"}, {"trade_id": 666945594, "side": "sell", "size": "0.01385004", "price": "3007.38000000", "time": "2025-07-14T18:23:17.563181Z", "fetched_at": "2025-07-14T18:23:24.664189+00:00", "symbol": "ETH-USD"}, {"trade_id": 666945593, "side": "sell", "size": "0.00546961", "price": "3007.38000000", "time": "2025-07-14T18:23:17.561389Z", "fetched_at": "2025-07-14T18:23:24.664189+00:00", "symbol": "ETH-USD"}, {"trade_id": 666945592, "side": "sell", "size": "0.23014243", "price": "3007.39000000", "time": "2025-07-14T18:23:17.557251Z", "fetched_at": "2025-07-14T18:23:24.664189+00:00", "symbol": "ETH-USD"}, {"trade_id": 666945591, "side": "sell", "size": "0.12056641", "price": "3007.39000000", "time": "2025-07-14T18:23:17.553698Z", "fetched_at": "2025-07-14T18:23:24.664189+00:00", "symbol": "ETH-USD"}, {"trade_id": 666945590, "side": "sell", "size": "0.00546961", "price": "3007.39000000", "time": "2025-07-14T18:23:17.553698Z", "fetched_at": "2025-07-14T18:23:24.664189+00:00", "symbol": "ETH-USD"}, {"trade_id": 666945589, "side": "sell", "size": "0.13218612", "price": "3007.41000000", "time": "2025-07-14T18:23:17.547713Z", "fetched_at": "2025-07-14T18:23:24.664189+00:00", "symbol": "ETH-USD"}, {"trade_id": 666945588, "side": "sell", "size": "0.12367145", "price": "3007.41000000", "time": "2025-07-14T18:23:17.547713Z", "fetched_at": "2025-07-14T18:23:24.664189+00:00", "symbol": "ETH-USD"}, {"trade_id": 666945587, "side": "sell", "size": "0.23014243", "price": "3007.40000000", "time": "2025-07-14T18:23:17.547713Z", "fetched_at": "2025-07-14T18:23:24.664189+00:00", "symbol": "ETH-USD"}, {"trade_id": 666945586, "side": "buy", "size": "0.21757295", "price": "3006.90000000", "time": "2025-07-14T18:23:17.545915Z", "fetched_at": "2025-07-14T18:23:24.664189+00:00", "symbol": "ETH-USD"}, {"trade_id": 666945585, "side": "buy", "size": "0.00135295", "price": "3006.91000000", "time": "2025-07-14T18:23:17.545915Z", "fetched_at": "2025-07-14T18:23:24.664189+00:00", "symbol": "ETH-USD"}, {"trade_id": 666945584, "side": "sell", "size": "0.00157802", "price": "3007.41000000", "time": "2025-07-14T18:23:17.542676Z", "fetched_at": "2025-07-14T18:23:24.664189+00:00", "symbol": "ETH-USD"}, {"trade_id": 666945583, "side": "sell", "size": "0.00078655", "price": "3007.41000000", "time": "2025-07-14T18:23:17.542676Z", "fetched_at": "2025-07-14T18:23:24.664189+00:00", "symbol": "ETH-USD"}, {"trade_id": 666945582, "side": "buy", "size": "0.01689000", "price": "3006.90000000", "time": "2025-07-14T18:23:17.539272Z", "fetched_at": "2025-07-14T18:23:24.664189+00:00", "symbol": "ETH-USD"}, {"trade_id": 666945581, "side": "buy", "size": "0.01553705", "price": "3006.90000000", "time": "2025-07-14T18:23:17.536984Z", "fetched_at": "2025-07-14T18:23:24.664189+00:00", "symbol": "ETH-USD"}, {"trade_id": 666945580, "side": "buy", "size": "0.00135295", "price": "3006.91000000", "time": "2025-07-14T18:23:17.536984Z", "fetched_at": "2025-07-14T18:23:24.664189+00:00", "symbol": "ETH-USD"}, {"trade_id": 666945579, "side": "buy", "size": "0.00100000", "price": "3007.02000000", "time": "2025-07-14T18:23:17.536634Z", "fetched_at": "2025-07-14T18:23:24.664189+00:00", "symbol": "ETH-USD"}, {"trade_id": 666945578, "side": "sell", "size": "0.02150853", "price": "3007.46000000", "time": "2025-07-14T18:23:17.530930Z", "fetched_at": "2025-07-14T18:23:24.664189+00:00", "symbol": "ETH-USD"}, {"trade_id": 666945577, "side": "sell", "size": "0.46212690", "price": "3007.43000000", "time": "2025-07-14T18:23:17.530930Z", "fetched_at": "2025-07-14T18:23:24.664189+00:00", "symbol": "ETH-USD"}, {"trade_id": 666945576, "side": "sell", "size": "0.00236457", "price": "3007.42000000", "time": "2025-07-14T18:23:17.530930Z", "fetched_at": "2025-07-14T18:23:24.664189+00:00", "symbol": "ETH-USD"}, {"trade_id": 666945575, "side": "sell", "size": "0.02387310", "price": "3007.43000000", "time": "2025-07-14T18:23:17.528250Z", "fetched_at": "2025-07-14T18:23:24.664189+00:00", "symbol": "ETH-USD"}, {"trade_id": 666945574, "side": "sell", "size": "0.13311318", "price": "3007.43000000", "time": "2025-07-14T18:23:17.528250Z", "fetched_at": "2025-07-14T18:23:24.664189+00:00", "symbol": "ETH-USD"}, {"trade_id": 666945573, "side": "sell", "size": "0.02150853", "price": "3007.43000000", "time": "2025-07-14T18:23:17.522238Z", "fetched_at": "2025-07-14T18:23:24.664189+00:00", "symbol": "ETH-USD"}, {"trade_id": 666945572, "side": "sell", "size": "0.00362195", "price": "3007.43000000", "time": "2025-07-14T18:23:17.521473Z", "fetched_at": "2025-07-14T18:23:24.664189+00:00", "symbol": "ETH-USD"}, {"trade_id": 666945571, "side": "sell", "size": "0.00285462", "price": "3007.43000000", "time": "2025-07-14T18:23:17.517534Z", "fetched_at": "2025-07-14T18:23:24.664189+00:00", "symbol": "ETH-USD"}, {"trade_id": 666945570, "side": "sell", "size": "0.19050986", "price": "3007.46000000", "time": "2025-07-14T18:23:17.515386Z", "fetched_at": "2025-07-14T18:23:24.664189+00:00", "symbol": "ETH-USD"}, {"trade_id": 666945569, "side": "sell", "size": "0.02387310", "price": "3007.44000000", "time": "2025-07-14T18:23:17.515386Z", "fetched_at": "2025-07-14T18:23:24.664189+00:00", "symbol": "ETH-USD"}, {"trade_id": 666945568, "side": "sell", "size": "0.45850495", "price": "3007.44000000", "time": "2025-07-14T18:23:17.513930Z", "fetched_at": "2025-07-14T18:23:24.664189+00:00", "symbol": "ETH-USD"}, {"trade_id": 666945567, "side": "sell", "size": "0.00236457", "price": "3007.43000000", "time": "2025-07-14T18:23:17.513930Z", "fetched_at": "2025-07-14T18:23:24.664189+00:00", "symbol": "ETH-USD"}, {"trade_id": 666945566, "side": "sell", "size": "0.00362195", "price": "3007.44000000", "time": "2025-07-14T18:23:17.510093Z", "fetched_at": "2025-07-14T18:23:24.664189+00:00", "symbol": "ETH-USD"}, {"trade_id": 666945565, "side": "sell", "size": "0.00285462", "price": "3007.44000000", "time": "2025-07-14T18:23:17.510093Z", "fetched_at": "2025-07-14T18:23:24.664189+00:00", "symbol": "ETH-USD"}, {"trade_id": 666945564, "side": "sell", "size": "0.01865391", "price": "3007.45000000", "time": "2025-07-14T18:23:17.501098Z", "fetched_at": "2025-07-14T18:23:24.664189+00:00", "symbol": "ETH-USD"}, {"trade_id": 666945563, "side": "sell", "size": "0.43415031", "price": "3007.47000000", "time": "2025-07-14T18:23:17.498483Z", "fetched_at": "2025-07-14T18:23:24.664189+00:00", "symbol": "ETH-USD"}, {"trade_id": 666945562, "side": "sell", "size": "0.00236457", "price": "3007.46000000", "time": "2025-07-14T18:23:17.498483Z", "fetched_at": "2025-07-14T18:23:24.664189+00:00", "symbol": "ETH-USD"}, {"trade_id": 666945561, "side": "sell", "size": "0.02273693", "price": "3007.46000000", "time": "2025-07-14T18:23:17.498483Z", "fetched_at": "2025-07-14T18:23:24.664189+00:00", "symbol": "ETH-USD"}, {"trade_id": 666945560, "side": "sell", "size": "0.00809428", "price": "3007.45000000", "time": "2025-07-14T18:23:17.498483Z", "fetched_at": "2025-07-14T18:23:24.664189+00:00", "symbol": "ETH-USD"}, {"trade_id": 666945559, "side": "sell", "size": "0.02671921", "price": "3007.47000000", "time": "2025-07-14T18:23:17.489366Z", "fetched_at": "2025-07-14T18:23:24.664189+00:00", "symbol": "ETH-USD"}, {"trade_id": 666945558, "side": "sell", "size": "0.00236457", "price": "3007.48000000", "time": "2025-07-14T18:23:17.486268Z", "fetched_at": "2025-07-14T18:23:24.664189+00:00", "symbol": "ETH-USD"}, {"trade_id": 666945557, "side": "sell", "size": "0.48600000", "price": "3007.48000000", "time": "2025-07-14T18:23:17.486268Z", "fetched_at": "2025-07-14T18:23:24.664189+00:00", "symbol": "ETH-USD"}, {"trade_id": 666945556, "side": "sell", "size": "0.00570073", "price": "3007.47000000", "time": "2025-07-14T18:23:17.486268Z", "fetched_at": "2025-07-14T18:23:24.664189+00:00", "symbol": "ETH-USD"}, {"trade_id": 666945555, "side": "sell", "size": "0.13278536", "price": "3007.49000000", "time": "2025-07-14T18:23:17.477272Z", "fetched_at": "2025-07-14T18:23:24.664189+00:00", "symbol": "ETH-USD"}, {"trade_id": 666945554, "side": "sell", "size": "0.02671921", "price": "3007.48000000", "time": "2025-07-14T18:23:17.477272Z", "fetched_at": "2025-07-14T18:23:24.664189+00:00", "symbol": "ETH-USD"}, {"trade_id": 666945553, "side": "sell", "size": "0.17621282", "price": "3007.49000000", "time": "2025-07-14T18:23:17.472265Z", "fetched_at": "2025-07-14T18:23:24.664189+00:00", "symbol": "ETH-USD"}, {"trade_id": 666945552, "side": "sell", "size": "0.15264718", "price": "3007.49000000", "time": "2025-07-14T18:23:17.472265Z", "fetched_at": "2025-07-14T18:23:24.664189+00:00", "symbol": "ETH-USD"}, {"trade_id": 666945551, "side": "sell", "size": "0.12135757", "price": "3007.49000000", "time": "2025-07-14T18:23:17.471852Z", "fetched_at": "2025-07-14T18:23:24.664189+00:00", "symbol": "ETH-USD"}, {"trade_id": 666945550, "side": "sell", "size": "0.00236457", "price": "3007.49000000", "time": "2025-07-14T18:23:17.471852Z", "fetched_at": "2025-07-14T18:23:24.664189+00:00", "symbol": "ETH-USD"}, {"trade_id": 666945549, "side": "sell", "size": "0.48600000", "price": "3007.45000000", "time": "2025-07-14T18:23:17.465538Z", "fetched_at": "2025-07-14T18:23:24.664189+00:00", "symbol": "ETH-USD"}, {"trade_id": 666945548, "side": "sell", "size": "0.20513786", "price": "3007.50000000", "time": "2025-07-14T18:23:17.459772Z", "fetched_at": "2025-07-14T18:23:24.664189+00:00", "symbol": "ETH-USD"}, {"trade_id": 666945547, "side": "sell", "size": "0.12372214", "price": "3007.45000000", "time": "2025-07-14T18:23:17.459772Z", "fetched_at": "2025-07-14T18:23:24.664189+00:00", "symbol": "ETH-USD"}, {"trade_id": 666945546, "side": "sell", "size": "0.42275634", "price": "3007.47000000", "time": "2025-07-14T18:23:17.441411Z", "fetched_at": "2025-07-14T18:23:24.664189+00:00", "symbol": "ETH-USD"}, {"trade_id": 666945545, "side": "sell", "size": "0.06324366", "price": "3007.47000000", "time": "2025-07-14T18:23:17.441014Z", "fetched_at": "2025-07-14T18:23:24.664189+00:00", "symbol": "ETH-USD"}, {"trade_id": 666945544, "side": "sell", "size": "0.00321879", "price": "3007.47000000", "time": "2025-07-14T18:23:17.441014Z", "fetched_at": "2025-07-14T18:23:24.664189+00:00", "symbol": "ETH-USD"}, {"trade_id": 666945543, "side": "sell", "size": "0.08353755", "price": "3007.46000000", "time": "2025-07-14T18:23:17.441014Z", "fetched_at": "2025-07-14T18:23:24.664189+00:00", "symbol": "ETH-USD"}, {"trade_id": 666945542, "side": "sell", "size": "0.24532245", "price": "3007.46000000", "time": "2025-07-14T18:23:17.439243Z", "fetched_at": "2025-07-14T18:23:24.664189+00:00", "symbol": "ETH-USD"}, {"trade_id": 666945541, "side": "sell", "size": "0.00487040", "price": "3007.46000000", "time": "2025-07-14T18:23:17.430232Z", "fetched_at": "2025-07-14T18:23:24.664189+00:00", "symbol": "ETH-USD"}, {"trade_id": 666945540, "side": "sell", "size": "0.15000000", "price": "3007.45000000", "time": "2025-07-14T18:23:17.430232Z", "fetched_at": "2025-07-14T18:23:24.664189+00:00", "symbol": "ETH-USD"}, {"trade_id": 666945539, "side": "sell", "size": "0.32886000", "price": "3007.44000000", "time": "2025-07-14T18:23:17.430232Z", "fetched_at": "2025-07-14T18:23:24.664189+00:00", "symbol": "ETH-USD"}, {"trade_id": 666945538, "side": "sell", "size": "0.13382999", "price": "3007.46000000", "time": "2025-07-14T18:23:17.422525Z", "fetched_at": "2025-07-14T18:23:24.664189+00:00", "symbol": "ETH-USD"}, {"trade_id": 666945537, "side": "sell", "size": "0.48600000", "price": "3007.44000000", "time": "2025-07-14T18:23:17.422525Z", "fetched_at": "2025-07-14T18:23:24.664189+00:00", "symbol": "ETH-USD"}, {"trade_id": 666945536, "side": "sell", "size": "0.32886000", "price": "3007.44000000", "time": "2025-07-14T18:23:17.422525Z", "fetched_at": "2025-07-14T18:23:24.664189+00:00", "symbol": "ETH-USD"}, {"trade_id": 666945535, "side": "sell", "size": "0.15000000", "price": "3007.44000000", "time": "2025-07-14T18:23:17.422525Z", "fetched_at": "2025-07-14T18:23:24.664189+00:00", "symbol": "ETH-USD"}, {"trade_id": 666945534, "side": "sell", "size": "0.41070948", "price": "3007.44000000", "time": "2025-07-14T18:23:17.422525Z", "fetched_at": "2025-07-14T18:23:24.664189+00:00", "symbol": "ETH-USD"}, {"trade_id": 666945533, "side": "sell", "size": "0.07888356", "price": "3007.44000000", "time": "2025-07-14T18:23:17.422525Z", "fetched_at": "2025-07-14T18:23:24.664189+00:00", "symbol": "ETH-USD"}, {"trade_id": 666945532, "side": "buy", "size": "1.45335221", "price": "3007.13000000", "time": "2025-07-14T18:23:17.324385Z", "fetched_at": "2025-07-14T18:23:24.664189+00:00", "symbol": "ETH-USD"}, {"trade_id": 666945531, "side": "buy", "size": "0.81301188", "price": "3007.21000000", "time": "2025-07-14T18:23:17.324385Z", "fetched_at": "2025-07-14T18:23:24.664189+00:00", "symbol": "ETH-USD"}, {"trade_id": 666945530, "side": "buy", "size": "0.00100000", "price": "3007.25000000", "time": "2025-07-14T18:23:17.324385Z", "fetched_at": "2025-07-14T18:23:24.664189+00:00", "symbol": "ETH-USD"}, {"trade_id": 666945529, "side": "buy", "size": "0.61318555", "price": "3007.28000000", "time": "2025-07-14T18:23:17.324385Z", "fetched_at": "2025-07-14T18:23:24.664189+00:00", "symbol": "ETH-USD"}, {"trade_id": 666945528, "side": "buy", "size": "0.31602504", "price": "3007.29000000", "time": "2025-07-14T18:23:17.324385Z", "fetched_at": "2025-07-14T18:23:24.664189+00:00", "symbol": "ETH-USD"}, {"trade_id": 666945527, "side": "buy", "size": "0.16626196", "price": "3007.30000000", "time": "2025-07-14T18:23:17.324385Z", "fetched_at": "2025-07-14T18:23:24.664189+00:00", "symbol": "ETH-USD"}, {"trade_id": 666945526, "side": "buy", "size": "1.04653645", "price": "3007.32000000", "time": "2025-07-14T18:23:17.324385Z", "fetched_at": "2025-07-14T18:23:24.664189+00:00", "symbol": "ETH-USD"}, {"trade_id": 666945525, "side": "buy", "size": "0.30049386", "price": "3007.38000000", "time": "2025-07-14T18:23:17.324385Z", "fetched_at": "2025-07-14T18:23:24.664189+00:00", "symbol": "ETH-USD"}, {"trade_id": 666945524, "side": "buy", "size": "0.00007780", "price": "3007.44000000", "time": "2025-07-14T18:23:17.324385Z", "fetched_at": "2025-07-14T18:23:24.664189+00:00", "symbol": "ETH-USD"}, {"trade_id": 666945523, "side": "buy", "size": "0.00100000", "price": "3007.48000000", "time": "2025-07-14T18:23:17.324385Z", "fetched_at": "2025-07-14T18:23:24.664189+00:00", "symbol": "ETH-USD"}, {"trade_id": 666945522, "side": "buy", "size": "0.13367324", "price": "3007.51000000", "time": "2025-07-14T18:23:17.324385Z", "fetched_at": "2025-07-14T18:23:24.664189+00:00", "symbol": "ETH-USD"}, {"trade_id": 666945521, "side": "buy", "size": "0.03282073", "price": "3007.55000000", "time": "2025-07-14T18:23:17.324385Z", "fetched_at": "2025-07-14T18:23:24.664189+00:00", "symbol": "ETH-USD"}, {"trade_id": 666945520, "side": "buy", "size": "0.06399228", "price": "3007.55000000", "time": "2025-07-14T18:23:17.324385Z", "fetched_at": "2025-07-14T18:23:24.664189+00:00", "symbol": "ETH-USD"}, {"trade_id": 666945519, "side": "buy", "size": "0.00008644", "price": "3007.70000000", "time": "2025-07-14T18:23:17.317385Z", "fetched_at": "2025-07-14T18:23:24.664189+00:00", "symbol": "ETH-USD"}, {"trade_id": 666945518, "side": "buy", "size": "1.07205514", "price": "3007.73000000", "time": "2025-07-14T18:23:17.314040Z", "fetched_at": "2025-07-14T18:23:24.664189+00:00", "symbol": "ETH-USD"}, {"trade_id": 666945517, "side": "buy", "size": "0.51559972", "price": "3007.73000000", "time": "2025-07-14T18:23:17.313973Z", "fetched_at": "2025-07-14T18:23:24.664189+00:00", "symbol": "ETH-USD"}, {"trade_id": 666945516, "side": "buy", "size": "1.24758292", "price": "3007.73000000", "time": "2025-07-14T18:23:17.313580Z", "fetched_at": "2025-07-14T18:23:24.664189+00:00", "symbol": "ETH-USD"}, {"trade_id": 666945515, "side": "buy", "size": "1.98833528", "price": "3007.73000000", "time": "2025-07-14T18:23:17.312452Z", "fetched_at": "2025-07-14T18:23:24.664189+00:00", "symbol": "ETH-USD"}, {"trade_id": 666945514, "side": "buy", "size": "1.46201123", "price": "3007.73000000", "time": "2025-07-14T18:23:17.311018Z", "fetched_at": "2025-07-14T18:23:24.664189+00:00", "symbol": "ETH-USD"}, {"trade_id": 666945513, "side": "buy", "size": "4.55704286", "price": "3007.73000000", "time": "2025-07-14T18:23:17.309565Z", "fetched_at": "2025-07-14T18:23:24.664189+00:00", "symbol": "ETH-USD"}, {"trade_id": 666945512, "side": "buy", "size": "0.00106767", "price": "3007.74000000", "time": "2025-07-14T18:23:17.309565Z", "fetched_at": "2025-07-14T18:23:24.664189+00:00", "symbol": "ETH-USD"}, {"trade_id": 666945511, "side": "buy", "size": "0.27373774", "price": "3007.74000000", "time": "2025-07-14T18:23:17.309565Z", "fetched_at": "2025-07-14T18:23:24.664189+00:00", "symbol": "ETH-USD"}, {"trade_id": 666945510, "side": "buy", "size": "0.00541045", "price": "3007.81000000", "time": "2025-07-14T18:23:16.951344Z", "fetched_at": "2025-07-14T18:23:24.664189+00:00", "symbol": "ETH-USD"}, {"trade_id": 666945509, "side": "buy", "size": "0.00121136", "price": "3007.82000000", "time": "2025-07-14T18:23:16.951344Z", "fetched_at": "2025-07-14T18:23:24.664189+00:00", "symbol": "ETH-USD"}, {"trade_id": 666945508, "side": "buy", "size": "0.00000007", "price": "3007.90000000", "time": "2025-07-14T18:23:16.477845Z", "fetched_at": "2025-07-14T18:23:24.664189+00:00", "symbol": "ETH-USD"}, {"trade_id": 666945507, "side": "sell", "size": "0.00352245", "price": "3008.22000000", "time": "2025-07-14T18:23:15.910456Z", "fetched_at": "2025-07-14T18:23:24.664189+00:00", "symbol": "ETH-USD"}, {"trade_id": 666945506, "side": "sell", "size": "0.00227178", "price": "3008.21000000", "time": "2025-07-14T18:23:15.910456Z", "fetched_at": "2025-07-14T18:23:24.664189+00:00", "symbol": "ETH-USD"}, {"trade_id": 666945505, "side": "sell", "size": "0.00066593", "price": "3008.21000000", "time": "2025-07-14T18:23:15.910456Z", "fetched_at": "2025-07-14T18:23:24.664189+00:00", "symbol": "ETH-USD"}, {"trade_id": 666945504, "side": "sell", "size": "0.00097864", "price": "3008.18000000", "time": "2025-07-14T18:23:15.847958Z", "fetched_at": "2025-07-14T18:23:24.664189+00:00", "symbol": "ETH-USD"}, {"trade_id": 666945503, "side": "sell", "size": "0.52929511", "price": "3008.19000000", "time": "2025-07-14T18:23:15.198309Z", "fetched_at": "2025-07-14T18:23:24.664189+00:00", "symbol": "ETH-USD"}, {"trade_id": 666945502, "side": "sell", "size": "0.00228331", "price": "3008.19000000", "time": "2025-07-14T18:23:15.196139Z", "fetched_at": "2025-07-14T18:23:24.664189+00:00", "symbol": "ETH-USD"}, {"trade_id": 666945501, "side": "sell", "size": "0.00228331", "price": "3008.19000000", "time": "2025-07-14T18:23:15.144427Z", "fetched_at": "2025-07-14T18:23:24.664189+00:00", "symbol": "ETH-USD"}, {"trade_id": 666945500, "side": "sell", "size": "0.00095670", "price": "3008.22000000", "time": "2025-07-14T18:23:13.975249Z", "fetched_at": "2025-07-14T18:23:24.664189+00:00", "symbol": "ETH-USD"}, {"trade_id": 666945499, "side": "sell", "size": "0.00228806", "price": "3008.21000000", "time": "2025-07-14T18:23:13.975249Z", "fetched_at": "2025-07-14T18:23:24.664189+00:00", "symbol": "ETH-USD"}, {"trade_id": 666945498, "side": "sell", "size": "0.10180673", "price": "3008.35000000", "time": "2025-07-14T18:23:13.625452Z", "fetched_at": "2025-07-14T18:23:24.664189+00:00", "symbol": "ETH-USD"}, {"trade_id": 666945497, "side": "sell", "size": "0.00196470", "price": "3008.34000000", "time": "2025-07-14T18:23:13.625452Z", "fetched_at": "2025-07-14T18:23:24.664189+00:00", "symbol": "ETH-USD"}, {"trade_id": 666945496, "side": "sell", "size": "0.00005588", "price": "3008.07000000", "time": "2025-07-14T18:23:13.625452Z", "fetched_at": "2025-07-14T18:23:24.664189+00:00", "symbol": "ETH-USD"}, {"trade_id": 666945495, "side": "sell", "size": "0.00031000", "price": "3008.07000000", "time": "2025-07-14T18:23:13.625452Z", "fetched_at": "2025-07-14T18:23:24.664189+00:00", "symbol": "ETH-USD"}, {"trade_id": 666945494, "side": "sell", "size": "0.04532744", "price": "3008.07000000", "time": "2025-07-14T18:23:13.625452Z", "fetched_at": "2025-07-14T18:23:24.664189+00:00", "symbol": "ETH-USD"}, {"trade_id": 666945493, "side": "sell", "size": "0.00321918", "price": "3008.07000000", "time": "2025-07-14T18:23:13.625452Z", "fetched_at": "2025-07-14T18:23:24.664189+00:00", "symbol": "ETH-USD"}, {"trade_id": 666945492, "side": "sell", "size": "0.00024002", "price": "3008.07000000", "time": "2025-07-14T18:23:13.625452Z", "fetched_at": "2025-07-14T18:23:24.664189+00:00", "symbol": "ETH-USD"}, {"trade_id": 666945491, "side": "sell", "size": "0.00185221", "price": "3008.07000000", "time": "2025-07-14T18:23:13.625452Z", "fetched_at": "2025-07-14T18:23:24.664189+00:00", "symbol": "ETH-USD"}, {"trade_id": 666945490, "side": "sell", "size": "0.00125742", "price": "3008.07000000", "time": "2025-07-14T18:23:13.625452Z", "fetched_at": "2025-07-14T18:23:24.664189+00:00", "symbol": "ETH-USD"}, {"trade_id": 666945489, "side": "buy", "size": "0.00494612", "price": "3007.70000000", "time": "2025-07-14T18:23:12.436828Z", "fetched_at": "2025-07-14T18:23:24.664189+00:00", "symbol": "ETH-USD"}, {"trade_id": 666945488, "side": "buy", "size": "0.00102347", "price": "3007.71000000", "time": "2025-07-14T18:23:12.436828Z", "fetched_at": "2025-07-14T18:23:24.664189+00:00", "symbol": "ETH-USD"}, {"trade_id": 666945487, "side": "buy", "size": "0.00100000", "price": "3007.94000000", "time": "2025-07-14T18:23:12.436828Z", "fetched_at": "2025-07-14T18:23:24.664189+00:00", "symbol": "ETH-USD"}, {"trade_id": 666945486, "side": "buy", "size": "0.00803041", "price": "3007.95000000", "time": "2025-07-14T18:23:12.436828Z", "fetched_at": "2025-07-14T18:23:24.664189+00:00", "symbol": "ETH-USD"}, {"trade_id": 666945485, "side": "buy", "size": "0.00066492", "price": "3007.95000000", "time": "2025-07-14T18:23:12.355432Z", "fetched_at": "2025-07-14T18:23:24.664189+00:00", "symbol": "ETH-USD"}, {"trade_id": 666945484, "side": "sell", "size": "0.00000332", "price": "3008.07000000", "time": "2025-07-14T18:23:11.803789Z", "fetched_at": "2025-07-14T18:23:24.664189+00:00", "symbol": "ETH-USD"}, {"trade_id": 666945483, "side": "sell", "size": "0.00003655", "price": "3008.07000000", "time": "2025-07-14T18:23:11.785065Z", "fetched_at": "2025-07-14T18:23:24.664189+00:00", "symbol": "ETH-USD"}, {"trade_id": 666945482, "side": "buy", "size": "2.92638562", "price": "3008.51000000", "time": "2025-07-14T18:23:11.351101Z", "fetched_at": "2025-07-14T18:23:24.664189+00:00", "symbol": "ETH-USD"}, {"trade_id": 666945481, "side": "sell", "size": "0.00100000", "price": "3008.40000000", "time": "2025-07-14T18:23:11.346213Z", "fetched_at": "2025-07-14T18:23:24.664189+00:00", "symbol": "ETH-USD"}, {"trade_id": 666945480, "side": "sell", "size": "0.00321882", "price": "3008.35000000", "time": "2025-07-14T18:23:11.346213Z", "fetched_at": "2025-07-14T18:23:24.664189+00:00", "symbol": "ETH-USD"}, {"trade_id": 666945479, "side": "sell", "size": "0.16620590", "price": "3008.32000000", "time": "2025-07-14T18:23:11.346213Z", "fetched_at": "2025-07-14T18:23:24.664189+00:00", "symbol": "ETH-USD"}, {"trade_id": 666945478, "side": "sell", "size": "0.04502969", "price": "3008.32000000", "time": "2025-07-14T18:23:11.346213Z", "fetched_at": "2025-07-14T18:23:24.664189+00:00", "symbol": "ETH-USD"}, {"trade_id": 666945477, "side": "sell", "size": "0.00229486", "price": "3008.31000000", "time": "2025-07-14T18:23:11.346213Z", "fetched_at": "2025-07-14T18:23:24.664189+00:00", "symbol": "ETH-USD"}, {"trade_id": 666945476, "side": "sell", "size": "0.00005589", "price": "3008.28000000", "time": "2025-07-14T18:23:11.346213Z", "fetched_at": "2025-07-14T18:23:24.664189+00:00", "symbol": "ETH-USD"}, {"trade_id": 666945475, "side": "sell", "size": "0.00031002", "price": "3008.28000000", "time": "2025-07-14T18:23:11.346213Z", "fetched_at": "2025-07-14T18:23:24.664189+00:00", "symbol": "ETH-USD"}, {"trade_id": 666945474, "side": "sell", "size": "0.00572533", "price": "3008.17000000", "time": "2025-07-14T18:23:11.346213Z", "fetched_at": "2025-07-14T18:23:24.664189+00:00", "symbol": "ETH-USD"}, {"trade_id": 666945473, "side": "sell", "size": "0.00100000", "price": "3008.17000000", "time": "2025-07-14T18:23:11.346213Z", "fetched_at": "2025-07-14T18:23:24.664189+00:00", "symbol": "ETH-USD"}, {"trade_id": 666945472, "side": "sell", "size": "0.51731140", "price": "3008.16000000", "time": "2025-07-14T18:23:11.346213Z", "fetched_at": "2025-07-14T18:23:24.664189+00:00", "symbol": "ETH-USD"}, {"trade_id": 666945471, "side": "sell", "size": "0.15000000", "price": "3008.04000000", "time": "2025-07-14T18:23:10.799278Z", "fetched_at": "2025-07-14T18:23:24.664189+00:00", "symbol": "ETH-USD"}, {"trade_id": 666945470, "side": "sell", "size": "0.06857510", "price": "3008.01000000", "time": "2025-07-14T18:23:10.799278Z", "fetched_at": "2025-07-14T18:23:24.664189+00:00", "symbol": "ETH-USD"}, {"trade_id": 666945469, "side": "sell", "size": "0.00229984", "price": "3008.00000000", "time": "2025-07-14T18:23:10.799278Z", "fetched_at": "2025-07-14T18:23:24.664189+00:00", "symbol": "ETH-USD"}, {"trade_id": 666945468, "side": "sell", "size": "0.00241818", "price": "3008.00000000", "time": "2025-07-14T18:23:10.799278Z", "fetched_at": "2025-07-14T18:23:24.664189+00:00", "symbol": "ETH-USD"}, {"trade_id": 666945467, "side": "sell", "size": "0.00009666", "price": "3008.00000000", "time": "2025-07-14T18:23:10.777491Z", "fetched_at": "2025-07-14T18:23:24.664189+00:00", "symbol": "ETH-USD"}, {"trade_id": 666945466, "side": "sell", "size": "0.00010334", "price": "3008.00000000", "time": "2025-07-14T18:23:10.695328Z", "fetched_at": "2025-07-14T18:23:24.664189+00:00", "symbol": "ETH-USD"}, {"trade_id": 666945465, "side": "sell", "size": "0.00010334", "price": "3007.71000000", "time": "2025-07-14T18:23:10.622486Z", "fetched_at": "2025-07-14T18:23:24.664189+00:00", "symbol": "ETH-USD"}, {"trade_id": 666945464, "side": "sell", "size": "0.00592585", "price": "3007.71000000", "time": "2025-07-14T18:23:09.382607Z", "fetched_at": "2025-07-14T18:23:24.664189+00:00", "symbol": "ETH-USD"}, {"trade_id": 666945463, "side": "sell", "size": "0.00195779", "price": "3007.70000000", "time": "2025-07-14T18:23:09.382607Z", "fetched_at": "2025-07-14T18:23:24.664189+00:00", "symbol": "ETH-USD"}, {"trade_id": 666945462, "side": "buy", "size": "0.03263771", "price": "3007.87000000", "time": "2025-07-14T18:23:08.859690Z", "fetched_at": "2025-07-14T18:23:24.664189+00:00", "symbol": "ETH-USD"}, {"trade_id": 666945461, "side": "buy", "size": "0.02523380", "price": "3007.87000000", "time": "2025-07-14T18:23:08.859690Z", "fetched_at": "2025-07-14T18:23:24.664189+00:00", "symbol": "ETH-USD"}, {"trade_id": 666945460, "side": "sell", "size": "0.03231138", "price": "3008.11000000", "time": "2025-07-14T18:23:08.486972Z", "fetched_at": "2025-07-14T18:23:24.664189+00:00", "symbol": "ETH-USD"}, {"trade_id": 666945459, "side": "sell", "size": "0.00320715", "price": "3008.36000000", "time": "2025-07-14T18:23:07.345791Z", "fetched_at": "2025-07-14T18:23:24.664189+00:00", "symbol": "ETH-USD"}, {"trade_id": 666945458, "side": "sell", "size": "0.00196751", "price": "3008.35000000", "time": "2025-07-14T18:23:07.345791Z", "fetched_at": "2025-07-14T18:23:24.664189+00:00", "symbol": "ETH-USD"}, {"trade_id": 666945457, "side": "sell", "size": "0.00290129", "price": "3008.31000000", "time": "2025-07-14T18:23:07.345791Z", "fetched_at": "2025-07-14T18:23:24.664189+00:00", "symbol": "ETH-USD"}, {"trade_id": 666945456, "side": "sell", "size": "0.00024001", "price": "3007.88000000", "time": "2025-07-14T18:23:07.286163Z", "fetched_at": "2025-07-14T18:23:24.664189+00:00", "symbol": "ETH-USD"}, {"trade_id": 666945455, "side": "sell", "size": "0.00185220", "price": "3007.88000000", "time": "2025-07-14T18:23:07.286163Z", "fetched_at": "2025-07-14T18:23:24.664189+00:00", "symbol": "ETH-USD"}, {"trade_id": 666945454, "side": "sell", "size": "0.00036266", "price": "3007.88000000", "time": "2025-07-14T18:23:07.286163Z", "fetched_at": "2025-07-14T18:23:24.664189+00:00", "symbol": "ETH-USD"}, {"trade_id": 666945453, "side": "sell", "size": "0.00572656", "price": "3007.88000000", "time": "2025-07-14T18:23:07.286163Z", "fetched_at": "2025-07-14T18:23:24.664189+00:00", "symbol": "ETH-USD"}, {"trade_id": 666945452, "side": "sell", "size": "0.56767166", "price": "3007.88000000", "time": "2025-07-14T18:23:07.286163Z", "fetched_at": "2025-07-14T18:23:24.664189+00:00", "symbol": "ETH-USD"}, {"trade_id": 666945451, "side": "sell", "size": "0.00072532", "price": "3007.88000000", "time": "2025-07-14T18:23:07.286163Z", "fetched_at": "2025-07-14T18:23:24.664189+00:00", "symbol": "ETH-USD"}, {"trade_id": 666945450, "side": "sell", "size": "0.00007640", "price": "3007.88000000", "time": "2025-07-14T18:23:07.286163Z", "fetched_at": "2025-07-14T18:23:24.664189+00:00", "symbol": "ETH-USD"}, {"trade_id": 666945449, "side": "sell", "size": "0.00002694", "price": "3007.88000000", "time": "2025-07-14T18:23:05.197446Z", "fetched_at": "2025-07-14T18:23:24.664189+00:00", "symbol": "ETH-USD"}, {"trade_id": 666945448, "side": "sell", "size": "0.00145065", "price": "3007.88000000", "time": "2025-07-14T18:23:05.197446Z", "fetched_at": "2025-07-14T18:23:24.664189+00:00", "symbol": "ETH-USD"}, {"trade_id": 666945447, "side": "buy", "size": "0.11430185", "price": "3007.55000000", "time": "2025-07-14T18:23:04.680163Z", "fetched_at": "2025-07-14T18:23:24.664189+00:00", "symbol": "ETH-USD"}, {"trade_id": 666945446, "side": "buy", "size": "0.00058984", "price": "3007.56000000", "time": "2025-07-14T18:23:04.680163Z", "fetched_at": "2025-07-14T18:23:24.664189+00:00", "symbol": "ETH-USD"}, {"trade_id": 666945445, "side": "buy", "size": "0.00100000", "price": "3007.71000000", "time": "2025-07-14T18:23:04.680163Z", "fetched_at": "2025-07-14T18:23:24.664189+00:00", "symbol": "ETH-USD"}, {"trade_id": 666945444, "side": "buy", "size": "0.02218845", "price": "3007.87000000", "time": "2025-07-14T18:23:04.680163Z", "fetched_at": "2025-07-14T18:23:24.664189+00:00", "symbol": "ETH-USD"}, {"trade_id": 666945443, "side": "buy", "size": "0.19191986", "price": "3007.87000000", "time": "2025-07-14T18:23:04.680163Z", "fetched_at": "2025-07-14T18:23:24.664189+00:00", "symbol": "ETH-USD"}, {"trade_id": 666945442, "side": "sell", "size": "0.07883348", "price": "3007.88000000", "time": "2025-07-14T18:23:04.595866Z", "fetched_at": "2025-07-14T18:23:24.664189+00:00", "symbol": "ETH-USD"}, {"trade_id": 666945441, "side": "buy", "size": "0.00001329", "price": "3008.30000000", "time": "2025-07-14T18:23:03.713829Z", "fetched_at": "2025-07-14T18:23:24.664189+00:00", "symbol": "ETH-USD"}, {"trade_id": 666945440, "side": "buy", "size": "0.02952830", "price": "3008.30000000", "time": "2025-07-14T18:23:03.713829Z", "fetched_at": "2025-07-14T18:23:24.664189+00:00", "symbol": "ETH-USD"}, {"trade_id": 666945439, "side": "buy", "size": "0.84718931", "price": "3008.30000000", "time": "2025-07-14T18:23:03.713829Z", "fetched_at": "2025-07-14T18:23:24.664189+00:00", "symbol": "ETH-USD"}, {"trade_id": 666945438, "side": "sell", "size": "0.37168459", "price": "3008.48000000", "time": "2025-07-14T18:23:03.286019Z", "fetched_at": "2025-07-14T18:23:24.664189+00:00", "symbol": "ETH-USD"}, {"trade_id": 666945437, "side": "sell", "size": "0.00569747", "price": "3008.41000000", "time": "2025-07-14T18:23:03.286019Z", "fetched_at": "2025-07-14T18:23:24.664189+00:00", "symbol": "ETH-USD"}, {"trade_id": 666945436, "side": "sell", "size": "0.04580259", "price": "3008.39000000", "time": "2025-07-14T18:23:03.286019Z", "fetched_at": "2025-07-14T18:23:24.664189+00:00", "symbol": "ETH-USD"}, {"trade_id": 666945435, "side": "sell", "size": "0.00197037", "price": "3008.38000000", "time": "2025-07-14T18:23:03.286019Z", "fetched_at": "2025-07-14T18:23:24.664189+00:00", "symbol": "ETH-USD"}, {"trade_id": 666945434, "side": "sell", "size": "0.00005588", "price": "3008.38000000", "time": "2025-07-14T18:23:03.286019Z", "fetched_at": "2025-07-14T18:23:24.664189+00:00", "symbol": "ETH-USD"}, {"trade_id": 666945433, "side": "sell", "size": "0.00031001", "price": "3008.38000000", "time": "2025-07-14T18:23:03.286019Z", "fetched_at": "2025-07-14T18:23:24.664189+00:00", "symbol": "ETH-USD"}, {"trade_id": 666945432, "side": "sell", "size": "0.53246654", "price": "3008.66000000", "time": "2025-07-14T18:23:02.388231Z", "fetched_at": "2025-07-14T18:23:24.664189+00:00", "symbol": "ETH-USD"}, {"trade_id": 666945431, "side": "sell", "size": "0.16618764", "price": "3008.65000000", "time": "2025-07-14T18:23:02.388231Z", "fetched_at": "2025-07-14T18:23:24.664189+00:00", "symbol": "ETH-USD"}, {"trade_id": 666945430, "side": "sell", "size": "0.41926250", "price": "3008.64000000", "time": "2025-07-14T18:23:02.388231Z", "fetched_at": "2025-07-14T18:23:24.664189+00:00", "symbol": "ETH-USD"}, {"trade_id": 666945429, "side": "sell", "size": "0.05557606", "price": "3008.63000000", "time": "2025-07-14T18:23:02.388231Z", "fetched_at": "2025-07-14T18:23:24.664189+00:00", "symbol": "ETH-USD"}, {"trade_id": 666945428, "side": "sell", "size": "0.00100000", "price": "3008.63000000", "time": "2025-07-14T18:23:02.388231Z", "fetched_at": "2025-07-14T18:23:24.664189+00:00", "symbol": "ETH-USD"}, {"trade_id": 666945427, "side": "sell", "size": "0.39405761", "price": "3008.45000000", "time": "2025-07-14T18:23:02.388231Z", "fetched_at": "2025-07-14T18:23:24.664189+00:00", "symbol": "ETH-USD"}, {"trade_id": 666945426, "side": "sell", "size": "0.00197447", "price": "3008.44000000", "time": "2025-07-14T18:23:02.388231Z", "fetched_at": "2025-07-14T18:23:24.664189+00:00", "symbol": "ETH-USD"}, {"trade_id": 666945425, "side": "sell", "size": "0.00041177", "price": "3008.41000000", "time": "2025-07-14T18:23:02.388231Z", "fetched_at": "2025-07-14T18:23:24.664189+00:00", "symbol": "ETH-USD"}, {"trade_id": 666945424, "side": "sell", "size": "0.00310139", "price": "3008.41000000", "time": "2025-07-14T18:23:02.388231Z", "fetched_at": "2025-07-14T18:23:24.664189+00:00", "symbol": "ETH-USD"}, {"trade_id": 666945423, "side": "sell", "size": "4.09306165", "price": "3008.55000000", "time": "2025-07-14T18:23:01.656734Z", "fetched_at": "2025-07-14T18:23:24.664189+00:00", "symbol": "ETH-USD"}, {"trade_id": 666945422, "side": "sell", "size": "0.15000000", "price": "3008.54000000", "time": "2025-07-14T18:23:01.656734Z", "fetched_at": "2025-07-14T18:23:24.664189+00:00", "symbol": "ETH-USD"}, {"trade_id": 666945421, "side": "sell", "size": "0.19981302", "price": "3008.54000000", "time": "2025-07-14T18:23:01.656734Z", "fetched_at": "2025-07-14T18:23:24.664189+00:00", "symbol": "ETH-USD"}, {"trade_id": 666945420, "side": "sell", "size": "0.00197858", "price": "3008.53000000", "time": "2025-07-14T18:23:01.656734Z", "fetched_at": "2025-07-14T18:23:24.664189+00:00", "symbol": "ETH-USD"}, {"trade_id": 666945419, "side": "sell", "size": "0.00100000", "price": "3008.40000000", "time": "2025-07-14T18:23:01.656734Z", "fetched_at": "2025-07-14T18:23:24.664189+00:00", "symbol": "ETH-USD"}, {"trade_id": 666945418, "side": "sell", "size": "0.00572626", "price": "3008.17000000", "time": "2025-07-14T18:23:01.656734Z", "fetched_at": "2025-07-14T18:23:24.664189+00:00", "symbol": "ETH-USD"}, {"trade_id": 666945417, "side": "sell", "size": "0.00100000", "price": "3008.17000000", "time": "2025-07-14T18:23:01.656734Z", "fetched_at": "2025-07-14T18:23:24.664189+00:00", "symbol": "ETH-USD"}, {"trade_id": 666945416, "side": "sell", "size": "0.01267767", "price": "3008.03000000", "time": "2025-07-14T18:23:00.733231Z", "fetched_at": "2025-07-14T18:23:24.664189+00:00", "symbol": "ETH-USD"}, {"trade_id": 666945415, "side": "sell", "size": "0.00013126", "price": "3008.03000000", "time": "2025-07-14T18:23:00.733231Z", "fetched_at": "2025-07-14T18:23:24.664189+00:00", "symbol": "ETH-USD"}, {"trade_id": 666945414, "side": "sell", "size": "0.00247471", "price": "3008.03000000", "time": "2025-07-14T18:23:00.733231Z", "fetched_at": "2025-07-14T18:23:24.664189+00:00", "symbol": "ETH-USD"}, {"trade_id": 666945413, "side": "buy", "size": "0.06580738", "price": "3007.79000000", "time": "2025-07-14T18:23:00.057157Z", "fetched_at": "2025-07-14T18:23:24.664189+00:00", "symbol": "ETH-USD"}, {"trade_id": 666945412, "side": "buy", "size": "0.03056341", "price": "3007.80000000", "time": "2025-07-14T18:23:00.057157Z", "fetched_at": "2025-07-14T18:23:24.664189+00:00", "symbol": "ETH-USD"}, {"trade_id": 666945411, "side": "buy", "size": "0.01125923", "price": "3007.81000000", "time": "2025-07-14T18:23:00.057157Z", "fetched_at": "2025-07-14T18:23:24.664189+00:00", "symbol": "ETH-USD"}, {"trade_id": 666945410, "side": "buy", "size": "0.00105538", "price": "3007.82000000", "time": "2025-07-14T18:23:00.057157Z", "fetched_at": "2025-07-14T18:23:24.664189+00:00", "symbol": "ETH-USD"}, {"trade_id": 666945409, "side": "buy", "size": "0.00576174", "price": "3007.83000000", "time": "2025-07-14T18:23:00.057157Z", "fetched_at": "2025-07-14T18:23:24.664189+00:00", "symbol": "ETH-USD"}, {"trade_id": 666945408, "side": "buy", "size": "0.00523592", "price": "3007.85000000", "time": "2025-07-14T18:23:00.057157Z", "fetched_at": "2025-07-14T18:23:24.664189+00:00", "symbol": "ETH-USD"}, {"trade_id": 666945407, "side": "buy", "size": "0.00182994", "price": "3007.86000000", "time": "2025-07-14T18:23:00.057157Z", "fetched_at": "2025-07-14T18:23:24.664189+00:00", "symbol": "ETH-USD"}, {"trade_id": 666945406, "side": "sell", "size": "0.00146234", "price": "3007.59000000", "time": "2025-07-14T18:22:59.642816Z", "fetched_at": "2025-07-14T18:23:24.664189+00:00", "symbol": "ETH-USD"}, {"trade_id": 666945405, "side": "sell", "size": "0.00172498", "price": "3007.56000000", "time": "2025-07-14T18:22:59.642816Z", "fetched_at": "2025-07-14T18:23:24.664189+00:00", "symbol": "ETH-USD"}, {"trade_id": 666945404, "side": "sell", "size": "0.07537206", "price": "3007.56000000", "time": "2025-07-14T18:22:59.642816Z", "fetched_at": "2025-07-14T18:23:24.664189+00:00", "symbol": "ETH-USD"}, {"trade_id": 666945403, "side": "sell", "size": "0.01024765", "price": "3007.56000000", "time": "2025-07-14T18:22:59.449758Z", "fetched_at": "2025-07-14T18:23:24.664189+00:00", "symbol": "ETH-USD"}, {"trade_id": 666945402, "side": "sell", "size": "0.00182274", "price": "3007.55000000", "time": "2025-07-14T18:22:59.449758Z", "fetched_at": "2025-07-14T18:23:24.664189+00:00", "symbol": "ETH-USD"}, {"trade_id": 666945401, "side": "sell", "size": "0.06415566", "price": "3007.54000000", "time": "2025-07-14T18:22:59.351484Z", "fetched_at": "2025-07-14T18:23:24.664189+00:00", "symbol": "ETH-USD"}, {"trade_id": 666945400, "side": "sell", "size": "0.00182274", "price": "3007.53000000", "time": "2025-07-14T18:22:59.351484Z", "fetched_at": "2025-07-14T18:23:24.664189+00:00", "symbol": "ETH-USD"}, {"trade_id": 666945399, "side": "buy", "size": "0.00193023", "price": "3007.34000000", "time": "2025-07-14T18:22:58.458451Z", "fetched_at": "2025-07-14T18:23:24.664189+00:00", "symbol": "ETH-USD"}, {"trade_id": 666945398, "side": "buy", "size": "0.02031030", "price": "3007.34000000", "time": "2025-07-14T18:22:58.458451Z", "fetched_at": "2025-07-14T18:23:24.664189+00:00", "symbol": "ETH-USD"}, {"trade_id": 666945397, "side": "buy", "size": "0.00089519", "price": "3007.35000000", "time": "2025-07-14T18:22:58.458451Z", "fetched_at": "2025-07-14T18:23:24.664189+00:00", "symbol": "ETH-USD"}, {"trade_id": 666945396, "side": "sell", "size": "0.06209054", "price": "3007.54000000", "time": "2025-07-14T18:22:58.150768Z", "fetched_at": "2025-07-14T18:23:24.664189+00:00", "symbol": "ETH-USD"}, {"trade_id": 666945395, "side": "sell", "size": "0.00009907", "price": "3007.53000000", "time": "2025-07-14T18:22:58.150768Z", "fetched_at": "2025-07-14T18:23:24.664189+00:00", "symbol": "ETH-USD"}, {"trade_id": 666945394, "side": "sell", "size": "0.00054951", "price": "3007.53000000", "time": "2025-07-14T18:22:58.150768Z", "fetched_at": "2025-07-14T18:23:24.664189+00:00", "symbol": "ETH-USD"}, {"trade_id": 666945393, "side": "sell", "size": "0.00185464", "price": "3007.53000000", "time": "2025-07-14T18:22:58.150768Z", "fetched_at": "2025-07-14T18:23:24.664189+00:00", "symbol": "ETH-USD"}, {"trade_id": 666945392, "side": "sell", "size": "0.00031596", "price": "3007.56000000", "time": "2025-07-14T18:22:57.647131Z", "fetched_at": "2025-07-14T18:23:24.664189+00:00", "symbol": "ETH-USD"}, {"trade_id": 666945391, "side": "sell", "size": "0.00810367", "price": "3007.54000000", "time": "2025-07-14T18:22:56.266756Z", "fetched_at": "2025-07-14T18:23:24.664189+00:00", "symbol": "ETH-USD"}, {"trade_id": 666945390, "side": "sell", "size": "0.00193617", "price": "3007.53000000", "time": "2025-07-14T18:22:56.266756Z", "fetched_at": "2025-07-14T18:23:24.664189+00:00", "symbol": "ETH-USD"}, {"trade_id": 666945389, "side": "sell", "size": "0.00572522", "price": "3007.26000000", "time": "2025-07-14T18:22:56.266756Z", "fetched_at": "2025-07-14T18:23:24.664189+00:00", "symbol": "ETH-USD"}, {"trade_id": 666945388, "side": "buy", "size": "0.01373017", "price": "3007.13000000", "time": "2025-07-14T18:22:55.806815Z", "fetched_at": "2025-07-14T18:23:24.664189+00:00", "symbol": "ETH-USD"}, {"trade_id": 666945387, "side": "buy", "size": "0.00007781", "price": "3007.13000000", "time": "2025-07-14T18:22:55.806815Z", "fetched_at": "2025-07-14T18:23:24.664189+00:00", "symbol": "ETH-USD"}, {"trade_id": 666945386, "side": "buy", "size": "0.00089106", "price": "3007.14000000", "time": "2025-07-14T18:22:55.806815Z", "fetched_at": "2025-07-14T18:23:24.664189+00:00", "symbol": "ETH-USD"}, {"trade_id": 666945385, "side": "buy", "size": "0.00100000", "price": "3007.25000000", "time": "2025-07-14T18:22:55.806815Z", "fetched_at": "2025-07-14T18:23:24.664189+00:00", "symbol": "ETH-USD"}, {"trade_id": 666945384, "side": "buy", "size": "0.00008645", "price": "3007.39000000", "time": "2025-07-14T18:22:55.806815Z", "fetched_at": "2025-07-14T18:23:24.664189+00:00", "symbol": "ETH-USD"}, {"trade_id": 666945383, "side": "buy", "size": "0.00100000", "price": "3007.48000000", "time": "2025-07-14T18:22:55.806815Z", "fetched_at": "2025-07-14T18:23:24.664189+00:00", "symbol": "ETH-USD"}, {"trade_id": 666945382, "side": "buy", "size": "0.00089092", "price": "3007.63000000", "time": "2025-07-14T18:22:55.795422Z", "fetched_at": "2025-07-14T18:23:24.664189+00:00", "symbol": "ETH-USD"}, {"trade_id": 666945381, "side": "buy", "size": "1.66244405", "price": "3007.62000000", "time": "2025-07-14T18:22:55.784241Z", "fetched_at": "2025-07-14T18:23:24.664189+00:00", "symbol": "ETH-USD"}, {"trade_id": 666945380, "side": "buy", "size": "0.00089092", "price": "3007.63000000", "time": "2025-07-14T18:22:55.784241Z", "fetched_at": "2025-07-14T18:23:24.664189+00:00", "symbol": "ETH-USD"}, {"trade_id": 666945379, "side": "buy", "size": "0.00100000", "price": "3007.71000000", "time": "2025-07-14T18:22:55.771516Z", "fetched_at": "2025-07-14T18:23:24.664189+00:00", "symbol": "ETH-USD"}, {"trade_id": 666945378, "side": "buy", "size": "0.00492700", "price": "3007.91000000", "time": "2025-07-14T18:22:55.559925Z", "fetched_at": "2025-07-14T18:23:24.664189+00:00", "symbol": "ETH-USD"}, {"trade_id": 666945377, "side": "buy", "size": "0.28116686", "price": "3007.91000000", "time": "2025-07-14T18:22:55.559925Z", "fetched_at": "2025-07-14T18:23:24.664189+00:00", "symbol": "ETH-USD"}, {"trade_id": 666945376, "side": "buy", "size": "0.00094743", "price": "3007.94000000", "time": "2025-07-14T18:22:55.559925Z", "fetched_at": "2025-07-14T18:23:24.664189+00:00", "symbol": "ETH-USD"}, {"trade_id": 666945375, "side": "buy", "size": "0.00100000", "price": "3007.94000000", "time": "2025-07-14T18:22:55.559925Z", "fetched_at": "2025-07-14T18:23:24.664189+00:00", "symbol": "ETH-USD"}, {"trade_id": 666945374, "side": "sell", "size": "0.00822693", "price": "3007.95000000", "time": "2025-07-14T18:22:55.487106Z", "fetched_at": "2025-07-14T18:23:24.664189+00:00", "symbol": "ETH-USD"}, {"trade_id": 666945373, "side": "buy", "size": "0.28803975", "price": "3008.30000000", "time": "2025-07-14T18:22:55.308114Z", "fetched_at": "2025-07-14T18:23:24.664189+00:00", "symbol": "ETH-USD"}, {"trade_id": 666945372, "side": "buy", "size": "1.79468083", "price": "3008.45000000", "time": "2025-07-14T18:22:54.832659Z", "fetched_at": "2025-07-14T18:23:24.664189+00:00", "symbol": "ETH-USD"}, {"trade_id": 666945371, "side": "buy", "size": "1.77393259", "price": "3008.45000000", "time": "2025-07-14T18:22:54.819940Z", "fetched_at": "2025-07-14T18:23:24.664189+00:00", "symbol": "ETH-USD"}, {"trade_id": 666945370, "side": "buy", "size": "0.01285669", "price": "3008.55000000", "time": "2025-07-14T18:22:54.792212Z", "fetched_at": "2025-07-14T18:23:24.664189+00:00", "symbol": "ETH-USD"}, {"trade_id": 666945369, "side": "sell", "size": "0.00846899", "price": "3008.68000000", "time": "2025-07-14T18:22:53.913111Z", "fetched_at": "2025-07-14T18:23:24.664189+00:00", "symbol": "ETH-USD"}, {"trade_id": 666945368, "side": "sell", "size": "0.00195685", "price": "3008.67000000", "time": "2025-07-14T18:22:53.913111Z", "fetched_at": "2025-07-14T18:23:24.664189+00:00", "symbol": "ETH-USD"}, {"trade_id": 666945367, "side": "sell", "size": "0.00025241", "price": "3008.67000000", "time": "2025-07-14T18:22:53.913111Z", "fetched_at": "2025-07-14T18:23:24.664189+00:00", "symbol": "ETH-USD"}, {"trade_id": 666945366, "side": "sell", "size": "0.00338625", "price": "3008.67000000", "time": "2025-07-14T18:22:53.913111Z", "fetched_at": "2025-07-14T18:23:24.664189+00:00", "symbol": "ETH-USD"}, {"trade_id": 666945365, "side": "sell", "size": "0.00014060", "price": "3008.67000000", "time": "2025-07-14T18:22:53.913111Z", "fetched_at": "2025-07-14T18:23:24.664189+00:00", "symbol": "ETH-USD"}, {"trade_id": 666945364, "side": "sell", "size": "0.00194833", "price": "3008.67000000", "time": "2025-07-14T18:22:53.913111Z", "fetched_at": "2025-07-14T18:23:24.664189+00:00", "symbol": "ETH-USD"}, {"trade_id": 666945363, "side": "sell", "size": "0.00118887", "price": "3008.69000000", "time": "2025-07-14T18:22:52.184417Z", "fetched_at": "2025-07-14T18:23:24.664189+00:00", "symbol": "ETH-USD"}, {"trade_id": 666945362, "side": "sell", "size": "0.00198246", "price": "3008.68000000", "time": "2025-07-14T18:22:52.184417Z", "fetched_at": "2025-07-14T18:23:24.664189+00:00", "symbol": "ETH-USD"}, {"trade_id": 666945361, "side": "sell", "size": "0.00011249", "price": "3008.68000000", "time": "2025-07-14T18:22:52.184417Z", "fetched_at": "2025-07-14T18:23:24.664189+00:00", "symbol": "ETH-USD"}, {"trade_id": 666945360, "side": "sell", "size": "0.01369563", "price": "3008.69000000", "time": "2025-07-14T18:22:51.308392Z", "fetched_at": "2025-07-14T18:23:24.664189+00:00", "symbol": "ETH-USD"}, {"trade_id": 666945359, "side": "sell", "size": "0.00600180", "price": "3008.69000000", "time": "2025-07-14T18:22:51.199968Z", "fetched_at": "2025-07-14T18:23:24.664189+00:00", "symbol": "ETH-USD"}, {"trade_id": 666945358, "side": "sell", "size": "0.00572590", "price": "3008.69000000", "time": "2025-07-14T18:22:51.199968Z", "fetched_at": "2025-07-14T18:23:24.664189+00:00", "symbol": "ETH-USD"}, {"trade_id": 666945357, "side": "sell", "size": "0.00022498", "price": "3008.69000000", "time": "2025-07-14T18:22:51.199968Z", "fetched_at": "2025-07-14T18:23:24.664189+00:00", "symbol": "ETH-USD"}, {"trade_id": 666945356, "side": "buy", "size": "0.04025512", "price": "3008.34000000", "time": "2025-07-14T18:22:51.010605Z", "fetched_at": "2025-07-14T18:23:24.664189+00:00", "symbol": "ETH-USD"}, {"trade_id": 666945355, "side": "buy", "size": "0.09898526", "price": "3008.35000000", "time": "2025-07-14T18:22:51.010605Z", "fetched_at": "2025-07-14T18:23:24.664189+00:00", "symbol": "ETH-USD"}, {"trade_id": 666945354, "side": "buy", "size": "0.03197992", "price": "3008.45000000", "time": "2025-07-14T18:22:51.010605Z", "fetched_at": "2025-07-14T18:23:24.664189+00:00", "symbol": "ETH-USD"}, {"trade_id": 666945353, "side": "buy", "size": "0.28783592", "price": "3008.45000000", "time": "2025-07-14T18:22:51.010605Z", "fetched_at": "2025-07-14T18:23:24.664189+00:00", "symbol": "ETH-USD"}, {"trade_id": 666945352, "side": "buy", "size": "0.00092171", "price": "3008.46000000", "time": "2025-07-14T18:22:51.010605Z", "fetched_at": "2025-07-14T18:23:24.664189+00:00", "symbol": "ETH-USD"}, {"trade_id": 666945351, "side": "buy", "size": "0.14395686", "price": "3008.54000000", "time": "2025-07-14T18:22:51.010605Z", "fetched_at": "2025-07-14T18:23:24.664189+00:00", "symbol": "ETH-USD"}, {"trade_id": 666945350, "side": "buy", "size": "0.15000000", "price": "3008.55000000", "time": "2025-07-14T18:22:51.010605Z", "fetched_at": "2025-07-14T18:23:24.664189+00:00", "symbol": "ETH-USD"}, {"trade_id": 666945349, "side": "buy", "size": "0.15709363", "price": "3008.57000000", "time": "2025-07-14T18:22:51.010605Z", "fetched_at": "2025-07-14T18:23:24.664189+00:00", "symbol": "ETH-USD"}, {"trade_id": 666945348, "side": "sell", "size": "0.13923740", "price": "3008.97000000", "time": "2025-07-14T18:22:49.526137Z", "fetched_at": "2025-07-14T18:23:24.664189+00:00", "symbol": "ETH-USD"}, {"trade_id": 666945347, "side": "sell", "size": "0.02443963", "price": "3008.96000000", "time": "2025-07-14T18:22:49.526137Z", "fetched_at": "2025-07-14T18:23:24.664189+00:00", "symbol": "ETH-USD"}, {"trade_id": 666945346, "side": "sell", "size": "0.00001272", "price": "3008.89000000", "time": "2025-07-14T18:22:49.526137Z", "fetched_at": "2025-07-14T18:23:24.664189+00:00", "symbol": "ETH-USD"}, {"trade_id": 666945345, "side": "sell", "size": "0.00007049", "price": "3008.89000000", "time": "2025-07-14T18:22:49.526137Z", "fetched_at": "2025-07-14T18:23:24.664189+00:00", "symbol": "ETH-USD"}, {"trade_id": 666945344, "side": "sell", "size": "0.00199433", "price": "3008.83000000", "time": "2025-07-14T18:22:49.526137Z", "fetched_at": "2025-07-14T18:23:24.664189+00:00", "symbol": "ETH-USD"}, {"trade_id": 666945343, "side": "sell", "size": "0.07971064", "price": "3008.90000000", "time": "2025-07-14T18:22:49.122576Z", "fetched_at": "2025-07-14T18:23:24.664189+00:00", "symbol": "ETH-USD"}, {"trade_id": 666945342, "side": "sell", "size": "0.00233965", "price": "3008.89000000", "time": "2025-07-14T18:22:49.122576Z", "fetched_at": "2025-07-14T18:23:24.664189+00:00", "symbol": "ETH-USD"}, {"trade_id": 666945341, "side": "sell", "size": "0.00100000", "price": "3008.86000000", "time": "2025-07-14T18:22:49.122576Z", "fetched_at": "2025-07-14T18:23:24.664189+00:00", "symbol": "ETH-USD"}, {"trade_id": 666945340, "side": "sell", "size": "0.00089993", "price": "3008.46000000", "time": "2025-07-14T18:22:49.122576Z", "fetched_at": "2025-07-14T18:23:24.664189+00:00", "symbol": "ETH-USD"}, {"trade_id": 666945339, "side": "sell", "size": "0.00005588", "price": "3008.46000000", "time": "2025-07-14T18:22:49.122576Z", "fetched_at": "2025-07-14T18:23:24.664189+00:00", "symbol": "ETH-USD"}, {"trade_id": 666945338, "side": "sell", "size": "0.00031003", "price": "3008.46000000", "time": "2025-07-14T18:22:49.122576Z", "fetched_at": "2025-07-14T18:23:24.664189+00:00", "symbol": "ETH-USD"}, {"trade_id": 666945337, "side": "sell", "size": "0.00005591", "price": "3008.46000000", "time": "2025-07-14T18:22:49.122576Z", "fetched_at": "2025-07-14T18:23:24.664189+00:00", "symbol": "ETH-USD"}, {"trade_id": 666945336, "side": "sell", "size": "0.00050617", "price": "3008.46000000", "time": "2025-07-14T18:22:49.122576Z", "fetched_at": "2025-07-14T18:23:24.664189+00:00", "symbol": "ETH-USD"}, {"trade_id": 666945335, "side": "sell", "size": "0.00057382", "price": "3008.46000000", "time": "2025-07-14T18:22:49.122576Z", "fetched_at": "2025-07-14T18:23:24.664189+00:00", "symbol": "ETH-USD"}, {"trade_id": 666945334, "side": "sell", "size": "4.15536180", "price": "3008.44000000", "time": "2025-07-14T18:22:48.227319Z", "fetched_at": "2025-07-14T18:23:24.664189+00:00", "symbol": "ETH-USD"}, {"trade_id": 666945333, "side": "sell", "size": "1.04463820", "price": "3008.44000000", "time": "2025-07-14T18:22:48.227248Z", "fetched_at": "2025-07-14T18:23:24.664189+00:00", "symbol": "ETH-USD"}, {"trade_id": 666945332, "side": "sell", "size": "0.00030999", "price": "3008.43000000", "time": "2025-07-14T18:22:48.227248Z", "fetched_at": "2025-07-14T18:23:24.664189+00:00", "symbol": "ETH-USD"}, {"trade_id": 666945331, "side": "sell", "size": "0.00048003", "price": "3008.43000000", "time": "2025-07-14T18:22:48.227248Z", "fetched_at": "2025-07-14T18:23:24.664189+00:00", "symbol": "ETH-USD"}, {"trade_id": 666945330, "side": "sell", "size": "0.00643799", "price": "3008.43000000", "time": "2025-07-14T18:22:48.227248Z", "fetched_at": "2025-07-14T18:23:24.664189+00:00", "symbol": "ETH-USD"}, {"trade_id": 666945329, "side": "sell", "size": "0.00370405", "price": "3008.43000000", "time": "2025-07-14T18:22:48.227248Z", "fetched_at": "2025-07-14T18:23:24.664189+00:00", "symbol": "ETH-USD"}, {"trade_id": 666945328, "side": "sell", "size": "0.00005589", "price": "3008.43000000", "time": "2025-07-14T18:22:48.227248Z", "fetched_at": "2025-07-14T18:23:24.664189+00:00", "symbol": "ETH-USD"}, {"trade_id": 666945327, "side": "sell", "size": "0.06179986", "price": "3008.43000000", "time": "2025-07-14T18:22:48.227248Z", "fetched_at": "2025-07-14T18:23:24.664189+00:00", "symbol": "ETH-USD"}, {"trade_id": 666945326, "side": "sell", "size": "0.00003817", "price": "3008.42000000", "time": "2025-07-14T18:22:48.227248Z", "fetched_at": "2025-07-14T18:23:24.664189+00:00", "symbol": "ETH-USD"}, {"trade_id": 666945325, "side": "sell", "size": "0.00234451", "price": "3008.34000000", "time": "2025-07-14T18:22:48.227248Z", "fetched_at": "2025-07-14T18:23:24.664189+00:00", "symbol": "ETH-USD"}, {"trade_id": 666945324, "side": "sell", "size": "0.00416381", "price": "3008.47000000", "time": "2025-07-14T18:22:47.448712Z", "fetched_at": "2025-07-14T18:23:24.664189+00:00", "symbol": "ETH-USD"}, {"trade_id": 666945323, "side": "sell", "size": "0.00229701", "price": "3008.44000000", "time": "2025-07-14T18:22:47.448712Z", "fetched_at": "2025-07-14T18:23:24.664189+00:00", "symbol": "ETH-USD"}, {"trade_id": 666945322, "side": "sell", "size": "0.01338848", "price": "3008.71000000", "time": "2025-07-14T18:22:46.997055Z", "fetched_at": "2025-07-14T18:23:24.664189+00:00", "symbol": "ETH-USD"}, {"trade_id": 666945321, "side": "sell", "size": "0.00236894", "price": "3008.70000000", "time": "2025-07-14T18:22:46.997055Z", "fetched_at": "2025-07-14T18:23:24.664189+00:00", "symbol": "ETH-USD"}, {"trade_id": 666945320, "side": "buy", "size": "0.34307262", "price": "3008.08000000", "time": "2025-07-14T18:22:46.840719Z", "fetched_at": "2025-07-14T18:23:24.664189+00:00", "symbol": "ETH-USD"}, {"trade_id": 666945319, "side": "buy", "size": "0.44053120", "price": "3008.08000000", "time": "2025-07-14T18:22:46.840719Z", "fetched_at": "2025-07-14T18:23:24.664189+00:00", "symbol": "ETH-USD"}, {"trade_id": 666945318, "side": "buy", "size": "0.60904652", "price": "3008.15000000", "time": "2025-07-14T18:22:46.840719Z", "fetched_at": "2025-07-14T18:23:24.664189+00:00", "symbol": "ETH-USD"}, {"trade_id": 666945317, "side": "buy", "size": "0.32895804", "price": "3008.16000000", "time": "2025-07-14T18:22:46.840719Z", "fetched_at": "2025-07-14T18:23:24.664189+00:00", "symbol": "ETH-USD"}, {"trade_id": 666945316, "side": "buy", "size": "0.15271028", "price": "3008.17000000", "time": "2025-07-14T18:22:46.840719Z", "fetched_at": "2025-07-14T18:23:24.664189+00:00", "symbol": "ETH-USD"}, {"trade_id": 666945315, "side": "buy", "size": "0.06476889", "price": "3008.18000000", "time": "2025-07-14T18:22:46.840719Z", "fetched_at": "2025-07-14T18:23:24.664189+00:00", "symbol": "ETH-USD"}, {"trade_id": 666945314, "side": "buy", "size": "0.13495395", "price": "3008.19000000", "time": "2025-07-14T18:22:46.840719Z", "fetched_at": "2025-07-14T18:23:24.664189+00:00", "symbol": "ETH-USD"}, {"trade_id": 666945313, "side": "buy", "size": "0.32886000", "price": "3008.21000000", "time": "2025-07-14T18:22:46.840719Z", "fetched_at": "2025-07-14T18:23:24.664189+00:00", "symbol": "ETH-USD"}, {"trade_id": 666945312, "side": "buy", "size": "0.18414786", "price": "3008.22000000", "time": "2025-07-14T18:22:46.840719Z", "fetched_at": "2025-07-14T18:23:24.664189+00:00", "symbol": "ETH-USD"}, {"trade_id": 666945311, "side": "buy", "size": "1.23882805", "price": "3008.22000000", "time": "2025-07-14T18:22:46.840719Z", "fetched_at": "2025-07-14T18:23:24.664189+00:00", "symbol": "ETH-USD"}, {"trade_id": 666945310, "side": "buy", "size": "0.52847784", "price": "3008.23000000", "time": "2025-07-14T18:22:46.840719Z", "fetched_at": "2025-07-14T18:23:24.664189+00:00", "symbol": "ETH-USD"}, {"trade_id": 666945309, "side": "buy", "size": "0.30000000", "price": "3008.23000000", "time": "2025-07-14T18:22:46.840719Z", "fetched_at": "2025-07-14T18:23:24.664189+00:00", "symbol": "ETH-USD"}, {"trade_id": 666945308, "side": "sell", "size": "0.52290848", "price": "3008.61000000", "time": "2025-07-14T18:22:46.811455Z", "fetched_at": "2025-07-14T18:23:24.664189+00:00", "symbol": "ETH-USD"}, {"trade_id": 666945307, "side": "sell", "size": "0.00236894", "price": "3008.24000000", "time": "2025-07-14T18:22:46.811455Z", "fetched_at": "2025-07-14T18:23:24.664189+00:00", "symbol": "ETH-USD"}, {"trade_id": 666945306, "side": "sell", "size": "0.08749329", "price": "3008.60000000", "time": "2025-07-14T18:22:46.778270Z", "fetched_at": "2025-07-14T18:23:24.664189+00:00", "symbol": "ETH-USD"}, {"trade_id": 666945305, "side": "sell", "size": "0.39850671", "price": "3008.49000000", "time": "2025-07-14T18:22:46.778270Z", "fetched_at": "2025-07-14T18:23:24.664189+00:00", "symbol": "ETH-USD"}, {"trade_id": 666945304, "side": "sell", "size": "0.00236894", "price": "3008.22000000", "time": "2025-07-14T18:22:46.778270Z", "fetched_at": "2025-07-14T18:23:24.664189+00:00", "symbol": "ETH-USD"}, {"trade_id": 666945303, "side": "sell", "size": "1.65364712", "price": "3008.93000000", "time": "2025-07-14T18:22:46.688478Z", "fetched_at": "2025-07-14T18:23:24.664189+00:00", "symbol": "ETH-USD"}, {"trade_id": 666945302, "side": "sell", "size": "0.31549663", "price": "3008.89000000", "time": "2025-07-14T18:22:46.688478Z", "fetched_at": "2025-07-14T18:23:24.664189+00:00", "symbol": "ETH-USD"}, {"trade_id": 666945301, "side": "sell", "size": "0.00100000", "price": "3008.86000000", "time": "2025-07-14T18:22:46.688478Z", "fetched_at": "2025-07-14T18:23:24.664189+00:00", "symbol": "ETH-USD"}, {"trade_id": 666945300, "side": "sell", "size": "0.00049868", "price": "3008.85000000", "time": "2025-07-14T18:22:46.688478Z", "fetched_at": "2025-07-14T18:23:24.664189+00:00", "symbol": "ETH-USD"}, {"trade_id": 666945299, "side": "sell", "size": "0.11085780", "price": "3008.84000000", "time": "2025-07-14T18:22:46.688478Z", "fetched_at": "2025-07-14T18:23:24.664189+00:00", "symbol": "ETH-USD"}, {"trade_id": 666945298, "side": "sell", "size": "0.30917771", "price": "3008.81000000", "time": "2025-07-14T18:22:46.688478Z", "fetched_at": "2025-07-14T18:23:24.664189+00:00", "symbol": "ETH-USD"}, {"trade_id": 666945297, "side": "sell", "size": "0.14593616", "price": "3008.78000000", "time": "2025-07-14T18:22:46.688478Z", "fetched_at": "2025-07-14T18:23:24.664189+00:00", "symbol": "ETH-USD"}, {"trade_id": 666945296, "side": "sell", "size": "0.68496723", "price": "3008.78000000", "time": "2025-07-14T18:22:46.687773Z", "fetched_at": "2025-07-14T18:23:24.664189+00:00", "symbol": "ETH-USD"}, {"trade_id": 666945295, "side": "sell", "size": "0.48600000", "price": "3008.77000000", "time": "2025-07-14T18:22:46.687773Z", "fetched_at": "2025-07-14T18:23:24.664189+00:00", "symbol": "ETH-USD"}, {"trade_id": 666945294, "side": "sell", "size": "0.03905145", "price": "3008.76000000", "time": "2025-07-14T18:22:46.687773Z", "fetched_at": "2025-07-14T18:23:24.664189+00:00", "symbol": "ETH-USD"}, {"trade_id": 666945293, "side": "sell", "size": "0.81387211", "price": "3008.73000000", "time": "2025-07-14T18:22:46.686725Z", "fetched_at": "2025-07-14T18:23:24.664189+00:00", "symbol": "ETH-USD"}, {"trade_id": 666945292, "side": "sell", "size": "0.65286259", "price": "3008.69000000", "time": "2025-07-14T18:22:46.686725Z", "fetched_at": "2025-07-14T18:23:24.664189+00:00", "symbol": "ETH-USD"}, {"trade_id": 666945291, "side": "sell", "size": "0.00062806", "price": "3008.64000000", "time": "2025-07-14T18:22:46.686725Z", "fetched_at": "2025-07-14T18:23:24.664189+00:00", "symbol": "ETH-USD"}, {"trade_id": 666945290, "side": "sell", "size": "0.00100000", "price": "3008.63000000", "time": "2025-07-14T18:22:46.686725Z", "fetched_at": "2025-07-14T18:23:24.664189+00:00", "symbol": "ETH-USD"}, {"trade_id": 666945289, "side": "sell", "size": "0.00321878", "price": "3008.60000000", "time": "2025-07-14T18:22:46.686725Z", "fetched_at": "2025-07-14T18:23:24.664189+00:00", "symbol": "ETH-USD"}, {"trade_id": 666945288, "side": "sell", "size": "0.00024002", "price": "3008.60000000", "time": "2025-07-14T18:22:46.686725Z", "fetched_at": "2025-07-14T18:23:24.664189+00:00", "symbol": "ETH-USD"}, {"trade_id": 666945287, "side": "sell", "size": "0.00185191", "price": "3008.60000000", "time": "2025-07-14T18:22:46.686725Z", "fetched_at": "2025-07-14T18:23:24.664189+00:00", "symbol": "ETH-USD"}, {"trade_id": 666945286, "side": "sell", "size": "0.00031403", "price": "3008.60000000", "time": "2025-07-14T18:22:46.686725Z", "fetched_at": "2025-07-14T18:23:24.664189+00:00", "symbol": "ETH-USD"}, {"trade_id": 666945285, "side": "sell", "size": "0.52266773", "price": "3008.48000000", "time": "2025-07-14T18:22:46.686725Z", "fetched_at": "2025-07-14T18:23:24.664189+00:00", "symbol": "ETH-USD"}, {"trade_id": 666945284, "side": "sell", "size": "0.83099350", "price": "3008.45000000", "time": "2025-07-14T18:22:46.686725Z", "fetched_at": "2025-07-14T18:23:24.664189+00:00", "symbol": "ETH-USD"}, {"trade_id": 666945283, "side": "sell", "size": "0.81219674", "price": "3008.44000000", "time": "2025-07-14T18:22:46.686725Z", "fetched_at": "2025-07-14T18:23:24.664189+00:00", "symbol": "ETH-USD"}, {"trade_id": 666945282, "side": "sell", "size": "0.00100000", "price": "3008.40000000", "time": "2025-07-14T18:22:46.686725Z", "fetched_at": "2025-07-14T18:23:24.664189+00:00", "symbol": "ETH-USD"}, {"trade_id": 666945281, "side": "sell", "size": "0.00005589", "price": "3008.35000000", "time": "2025-07-14T18:22:46.686725Z", "fetched_at": "2025-07-14T18:23:24.664189+00:00", "symbol": "ETH-USD"}, {"trade_id": 666945280, "side": "sell", "size": "0.00030999", "price": "3008.35000000", "time": "2025-07-14T18:22:46.686725Z", "fetched_at": "2025-07-14T18:23:24.664189+00:00", "symbol": "ETH-USD"}, {"trade_id": 666945279, "side": "sell", "size": "0.16620500", "price": "3008.34000000", "time": "2025-07-14T18:22:46.686725Z", "fetched_at": "2025-07-14T18:23:24.664189+00:00", "symbol": "ETH-USD"}, {"trade_id": 666945278, "side": "sell", "size": "0.36630703", "price": "3008.33000000", "time": "2025-07-14T18:22:46.686725Z", "fetched_at": "2025-07-14T18:23:24.664189+00:00", "symbol": "ETH-USD"}, {"trade_id": 666945277, "side": "sell", "size": "5.20000000", "price": "3008.16000000", "time": "2025-07-14T18:22:46.686725Z", "fetched_at": "2025-07-14T18:23:24.664189+00:00", "symbol": "ETH-USD"}, {"trade_id": 666945276, "side": "sell", "size": "0.00236894", "price": "3008.15000000", "time": "2025-07-14T18:22:46.686725Z", "fetched_at": "2025-07-14T18:23:24.664189+00:00", "symbol": "ETH-USD"}, {"trade_id": 666945275, "side": "sell", "size": "0.00572664", "price": "3007.98000000", "time": "2025-07-14T18:22:46.686725Z", "fetched_at": "2025-07-14T18:23:24.664189+00:00", "symbol": "ETH-USD"}, {"trade_id": 666945274, "side": "sell", "size": "0.00020670", "price": "3007.98000000", "time": "2025-07-14T18:22:46.686725Z", "fetched_at": "2025-07-14T18:23:24.664189+00:00", "symbol": "ETH-USD"}, {"trade_id": 666945273, "side": "sell", "size": "0.04336326", "price": "3007.98000000", "time": "2025-07-14T18:22:46.686725Z", "fetched_at": "2025-07-14T18:23:24.664189+00:00", "symbol": "ETH-USD"}, {"trade_id": 666945272, "side": "sell", "size": "0.00039561", "price": "3007.98000000", "time": "2025-07-14T18:22:46.685385Z", "fetched_at": "2025-07-14T18:23:24.664189+00:00", "symbol": "ETH-USD"}, {"trade_id": 666945271, "side": "buy", "size": "0.01663586", "price": "3007.97000000", "time": "2025-07-14T18:22:45.874543Z", "fetched_at": "2025-07-14T18:23:24.664189+00:00", "symbol": "ETH-USD"}, {"trade_id": 666945270, "side": "buy", "size": "0.24496876", "price": "3007.97000000", "time": "2025-07-14T18:22:45.856996Z", "fetched_at": "2025-07-14T18:23:24.664189+00:00", "symbol": "ETH-USD"}, {"trade_id": 666945269, "side": "sell", "size": "0.00125971", "price": "3007.98000000", "time": "2025-07-14T18:22:44.786287Z", "fetched_at": "2025-07-14T18:23:24.664189+00:00", "symbol": "ETH-USD"}, {"trade_id": 666945268, "side": "sell", "size": "0.48674654", "price": "3007.94000000", "time": "2025-07-14T18:22:44.448749Z", "fetched_at": "2025-07-14T18:23:24.664189+00:00", "symbol": "ETH-USD"}, {"trade_id": 666945267, "side": "sell", "size": "1.00000000", "price": "3007.93000000", "time": "2025-07-14T18:22:44.448749Z", "fetched_at": "2025-07-14T18:23:24.664189+00:00", "symbol": "ETH-USD"}, {"trade_id": 666945266, "side": "sell", "size": "0.00246967", "price": "3007.92000000", "time": "2025-07-14T18:22:44.448749Z", "fetched_at": "2025-07-14T18:23:24.664189+00:00", "symbol": "ETH-USD"}, {"trade_id": 666945265, "side": "sell", "size": "5.20000000", "price": "3007.92000000", "time": "2025-07-14T18:22:44.448749Z", "fetched_at": "2025-07-14T18:23:24.664189+00:00", "symbol": "ETH-USD"}, {"trade_id": 666945264, "side": "sell", "size": "0.00572569", "price": "3007.92000000", "time": "2025-07-14T18:22:44.448749Z", "fetched_at": "2025-07-14T18:23:24.664189+00:00", "symbol": "ETH-USD"}, {"trade_id": 666945263, "side": "sell", "size": "0.00010335", "price": "3007.92000000", "time": "2025-07-14T18:22:44.448749Z", "fetched_at": "2025-07-14T18:23:24.664189+00:00", "symbol": "ETH-USD"}, {"trade_id": 666945262, "side": "sell", "size": "0.00375840", "price": "3007.92000000", "time": "2025-07-14T18:22:44.448749Z", "fetched_at": "2025-07-14T18:23:24.664189+00:00", "symbol": "ETH-USD"}, {"trade_id": 666945261, "side": "buy", "size": "0.00680718", "price": "3007.91000000", "time": "2025-07-14T18:22:43.622110Z", "fetched_at": "2025-07-14T18:23:24.664189+00:00", "symbol": "ETH-USD"}, {"trade_id": 666945260, "side": "buy", "size": "0.00019282", "price": "3007.91000000", "time": "2025-07-14T18:22:43.622110Z", "fetched_at": "2025-07-14T18:23:24.664189+00:00", "symbol": "ETH-USD"}, {"trade_id": 666945259, "side": "sell", "size": "0.00000700", "price": "3007.92000000", "time": "2025-07-14T18:22:43.023869Z", "fetched_at": "2025-07-14T18:23:24.664189+00:00", "symbol": "ETH-USD"}, {"trade_id": 666945258, "side": "sell", "size": "0.00807218", "price": "3007.92000000", "time": "2025-07-14T18:22:41.911567Z", "fetched_at": "2025-07-14T18:23:24.664189+00:00", "symbol": "ETH-USD"}, {"trade_id": 666945257, "side": "sell", "size": "0.00328929", "price": "3007.92000000", "time": "2025-07-14T18:22:40.350738Z", "fetched_at": "2025-07-14T18:23:24.664189+00:00", "symbol": "ETH-USD"}, {"trade_id": 666945256, "side": "sell", "size": "0.00160859", "price": "3007.92000000", "time": "2025-07-14T18:22:39.869977Z", "fetched_at": "2025-07-14T18:23:24.664189+00:00", "symbol": "ETH-USD"}, {"trade_id": 666945255, "side": "sell", "size": "0.00246626", "price": "3007.92000000", "time": "2025-07-14T18:22:39.869977Z", "fetched_at": "2025-07-14T18:23:24.664189+00:00", "symbol": "ETH-USD"}, {"trade_id": 666945254, "side": "buy", "size": "0.00077127", "price": "3007.99000000", "time": "2025-07-14T18:22:38.775223Z", "fetched_at": "2025-07-14T18:23:24.664189+00:00", "symbol": "ETH-USD"}, {"trade_id": 666945253, "side": "buy", "size": "1.66223956", "price": "3007.99000000", "time": "2025-07-14T18:22:38.775223Z", "fetched_at": "2025-07-14T18:23:24.664189+00:00", "symbol": "ETH-USD"}, {"trade_id": 666945252, "side": "buy", "size": "0.00285240", "price": "3007.99000000", "time": "2025-07-14T18:22:38.775223Z", "fetched_at": "2025-07-14T18:23:24.664189+00:00", "symbol": "ETH-USD"}, {"trade_id": 666945251, "side": "sell", "size": "0.66816284", "price": "3008.04000000", "time": "2025-07-14T18:22:38.467528Z", "fetched_at": "2025-07-14T18:23:24.664189+00:00", "symbol": "ETH-USD"}, {"trade_id": 666945250, "side": "sell", "size": "0.16622229", "price": "3008.02000000", "time": "2025-07-14T18:22:38.467528Z", "fetched_at": "2025-07-14T18:23:24.664189+00:00", "symbol": "ETH-USD"}, {"trade_id": 666945249, "side": "sell", "size": "0.32886000", "price": "3008.00000000", "time": "2025-07-14T18:22:38.467528Z", "fetched_at": "2025-07-14T18:23:24.664189+00:00", "symbol": "ETH-USD"}, {"trade_id": 666945248, "side": "sell", "size": "0.00246526", "price": "3008.00000000", "time": "2025-07-14T18:22:38.467528Z", "fetched_at": "2025-07-14T18:23:24.664189+00:00", "symbol": "ETH-USD"}, {"trade_id": 666945247, "side": "sell", "size": "0.49428961", "price": "3008.00000000", "time": "2025-07-14T18:22:38.467528Z", "fetched_at": "2025-07-14T18:23:24.664189+00:00", "symbol": "ETH-USD"}, {"trade_id": 666945246, "side": "sell", "size": "0.00695664", "price": "3008.00000000", "time": "2025-07-14T18:22:38.447252Z", "fetched_at": "2025-07-14T18:23:24.664189+00:00", "symbol": "ETH-USD"}, {"trade_id": 666945245, "side": "sell", "size": "0.00246903", "price": "3008.00000000", "time": "2025-07-14T18:22:38.447252Z", "fetched_at": "2025-07-14T18:23:24.664189+00:00", "symbol": "ETH-USD"}, {"trade_id": 666945244, "side": "buy", "size": "0.03157304", "price": "3007.61000000", "time": "2025-07-14T18:22:38.239559Z", "fetched_at": "2025-07-14T18:23:24.664189+00:00", "symbol": "ETH-USD"}, {"trade_id": 666945243, "side": "buy", "size": "0.00065310", "price": "3007.62000000", "time": "2025-07-14T18:22:38.239559Z", "fetched_at": "2025-07-14T18:23:24.664189+00:00", "symbol": "ETH-USD"}, {"trade_id": 666945242, "side": "buy", "size": "0.00100000", "price": "3007.71000000", "time": "2025-07-14T18:22:38.239559Z", "fetched_at": "2025-07-14T18:23:24.664189+00:00", "symbol": "ETH-USD"}, {"trade_id": 666945241, "side": "buy", "size": "0.00100000", "price": "3007.94000000", "time": "2025-07-14T18:22:38.239159Z", "fetched_at": "2025-07-14T18:23:24.664189+00:00", "symbol": "ETH-USD"}, {"trade_id": 666945240, "side": "buy", "size": "3.99392990", "price": "3008.17000000", "time": "2025-07-14T18:22:38.217428Z", "fetched_at": "2025-07-14T18:23:24.664189+00:00", "symbol": "ETH-USD"}, {"trade_id": 666945239, "side": "sell", "size": "0.32886000", "price": "3008.00000000", "time": "2025-07-14T18:22:38.213836Z", "fetched_at": "2025-07-14T18:23:24.664189+00:00", "symbol": "ETH-USD"}, {"trade_id": 666945238, "side": "sell", "size": "0.00246903", "price": "3007.98000000", "time": "2025-07-14T18:22:38.213836Z", "fetched_at": "2025-07-14T18:23:24.664189+00:00", "symbol": "ETH-USD"}, {"trade_id": 666945237, "side": "sell", "size": "0.48600000", "price": "3007.98000000", "time": "2025-07-14T18:22:38.213836Z", "fetched_at": "2025-07-14T18:23:24.664189+00:00", "symbol": "ETH-USD"}, {"trade_id": 666945236, "side": "sell", "size": "0.01812146", "price": "3008.09000000", "time": "2025-07-14T18:22:38.165470Z", "fetched_at": "2025-07-14T18:23:24.664189+00:00", "symbol": "ETH-USD"}, {"trade_id": 666945235, "side": "sell", "size": "0.10894540", "price": "3008.01000000", "time": "2025-07-14T18:22:38.165470Z", "fetched_at": "2025-07-14T18:23:24.664189+00:00", "symbol": "ETH-USD"}, {"trade_id": 666945234, "side": "sell", "size": "0.13587495", "price": "3008.00000000", "time": "2025-07-14T18:22:38.165470Z", "fetched_at": "2025-07-14T18:23:24.664189+00:00", "symbol": "ETH-USD"}, {"trade_id": 666945233, "side": "sell", "size": "0.11956269", "price": "3007.99000000", "time": "2025-07-14T18:22:38.165470Z", "fetched_at": "2025-07-14T18:23:24.664189+00:00", "symbol": "ETH-USD"}, {"trade_id": 666945232, "side": "sell", "size": "0.68549000", "price": "3007.95000000", "time": "2025-07-14T18:22:38.165470Z", "fetched_at": "2025-07-14T18:23:24.664189+00:00", "symbol": "ETH-USD"}, {"trade_id": 666945231, "side": "sell", "size": "0.51955329", "price": "3007.95000000", "time": "2025-07-14T18:22:38.165470Z", "fetched_at": "2025-07-14T18:23:24.664189+00:00", "symbol": "ETH-USD"}, {"trade_id": 666945230, "side": "sell", "size": "0.32886000", "price": "3007.95000000", "time": "2025-07-14T18:22:38.165470Z", "fetched_at": "2025-07-14T18:23:24.664189+00:00", "symbol": "ETH-USD"}, {"trade_id": 666945229, "side": "sell", "size": "0.12254239", "price": "3007.95000000", "time": "2025-07-14T18:22:38.165470Z", "fetched_at": "2025-07-14T18:23:24.664189+00:00", "symbol": "ETH-USD"}, {"trade_id": 666945228, "side": "buy", "size": "0.00100000", "price": "3008.17000000", "time": "2025-07-14T18:22:38.035016Z", "fetched_at": "2025-07-14T18:23:24.664189+00:00", "symbol": "ETH-USD"}, {"trade_id": 666945227, "side": "sell", "size": "0.83104242", "price": "3008.27000000", "time": "2025-07-14T18:22:37.830867Z", "fetched_at": "2025-07-14T18:23:24.664189+00:00", "symbol": "ETH-USD"}, {"trade_id": 666945226, "side": "sell", "size": "0.14835792", "price": "3008.26000000", "time": "2025-07-14T18:22:37.830867Z", "fetched_at": "2025-07-14T18:23:24.664189+00:00", "symbol": "ETH-USD"}, {"trade_id": 666945225, "side": "sell", "size": "0.00249255", "price": "3008.23000000", "time": "2025-07-14T18:22:37.830867Z", "fetched_at": "2025-07-14T18:23:24.664189+00:00", "symbol": "ETH-USD"}, {"trade_id": 666945224, "side": "sell", "size": "0.00164208", "price": "3008.37000000", "time": "2025-07-14T18:22:37.694427Z", "fetched_at": "2025-07-14T18:23:24.664189+00:00", "symbol": "ETH-USD"}, {"trade_id": 666945223, "side": "buy", "size": "0.00100000", "price": "3008.40000000", "time": "2025-07-14T18:22:37.629673Z", "fetched_at": "2025-07-14T18:23:24.664189+00:00", "symbol": "ETH-USD"}, {"trade_id": 666945222, "side": "buy", "size": "0.28835165", "price": "3008.41000000", "time": "2025-07-14T18:22:37.629673Z", "fetched_at": "2025-07-14T18:23:24.664189+00:00", "symbol": "ETH-USD"}, {"trade_id": 666945221, "side": "buy", "size": "1.66200750", "price": "3008.41000000", "time": "2025-07-14T18:22:37.629673Z", "fetched_at": "2025-07-14T18:23:24.664189+00:00", "symbol": "ETH-USD"}, {"trade_id": 666945220, "side": "buy", "size": "0.03569327", "price": "3008.41000000", "time": "2025-07-14T18:22:37.629673Z", "fetched_at": "2025-07-14T18:23:24.664189+00:00", "symbol": "ETH-USD"}, {"trade_id": 666945219, "side": "buy", "size": "0.00068742", "price": "3008.41000000", "time": "2025-07-14T18:22:37.629673Z", "fetched_at": "2025-07-14T18:23:24.664189+00:00", "symbol": "ETH-USD"}, {"trade_id": 666945218, "side": "buy", "size": "0.53171430", "price": "3008.59000000", "time": "2025-07-14T18:22:37.443680Z", "fetched_at": "2025-07-14T18:23:24.664189+00:00", "symbol": "ETH-USD"}, {"trade_id": 666945217, "side": "buy", "size": "1.13019376", "price": "3008.59000000", "time": "2025-07-14T18:22:37.221137Z", "fetched_at": "2025-07-14T18:23:24.664189+00:00", "symbol": "ETH-USD"}, {"trade_id": 666945216, "side": "buy", "size": "0.00229675", "price": "3008.59000000", "time": "2025-07-14T18:22:37.221137Z", "fetched_at": "2025-07-14T18:23:24.664189+00:00", "symbol": "ETH-USD"}, {"trade_id": 666945215, "side": "buy", "size": "1.66190806", "price": "3008.59000000", "time": "2025-07-14T18:22:37.221137Z", "fetched_at": "2025-07-14T18:23:24.664189+00:00", "symbol": "ETH-USD"}, {"trade_id": 666945214, "side": "sell", "size": "0.00630453", "price": "3008.60000000", "time": "2025-07-14T18:22:37.145244Z", "fetched_at": "2025-07-14T18:23:24.664189+00:00", "symbol": "ETH-USD"}, {"trade_id": 666945213, "side": "sell", "size": "0.00032218", "price": "3008.60000000", "time": "2025-07-14T18:22:36.742431Z", "fetched_at": "2025-07-14T18:23:24.664189+00:00", "symbol": "ETH-USD"}, {"trade_id": 666945212, "side": "sell", "size": "0.00027762", "price": "3008.60000000", "time": "2025-07-14T18:22:36.249581Z", "fetched_at": "2025-07-14T18:23:24.664189+00:00", "symbol": "ETH-USD"}, {"trade_id": 666945211, "side": "sell", "size": "0.83095752", "price": "3008.58000000", "time": "2025-07-14T18:22:36.130942Z", "fetched_at": "2025-07-14T18:23:24.664189+00:00", "symbol": "ETH-USD"}, {"trade_id": 666945210, "side": "sell", "size": "0.59110289", "price": "3008.57000000", "time": "2025-07-14T18:22:36.130942Z", "fetched_at": "2025-07-14T18:23:24.664189+00:00", "symbol": "ETH-USD"}, {"trade_id": 666945209, "side": "sell", "size": "0.00249831", "price": "3008.56000000", "time": "2025-07-14T18:22:36.130942Z", "fetched_at": "2025-07-14T18:23:24.664189+00:00", "symbol": "ETH-USD"}, {"trade_id": 666945208, "side": "sell", "size": "0.00572554", "price": "3008.50000000", "time": "2025-07-14T18:22:36.130942Z", "fetched_at": "2025-07-14T18:23:24.664189+00:00", "symbol": "ETH-USD"}, {"trade_id": 666945207, "side": "sell", "size": "0.15000000", "price": "3008.48000000", "time": "2025-07-14T18:22:36.130942Z", "fetched_at": "2025-07-14T18:23:24.664189+00:00", "symbol": "ETH-USD"}, {"trade_id": 666945206, "side": "sell", "size": "0.32886000", "price": "3008.48000000", "time": "2025-07-14T18:22:36.130942Z", "fetched_at": "2025-07-14T18:23:24.664189+00:00", "symbol": "ETH-USD"}, {"trade_id": 666945205, "side": "buy", "size": "1.66188597", "price": "3008.63000000", "time": "2025-07-14T18:22:35.817541Z", "fetched_at": "2025-07-14T18:23:24.664189+00:00", "symbol": "ETH-USD"}, {"trade_id": 666945204, "side": "buy", "size": "0.81665328", "price": "3008.63000000", "time": "2025-07-14T18:22:35.817541Z", "fetched_at": "2025-07-14T18:23:24.664189+00:00", "symbol": "ETH-USD"}, {"trade_id": 666945203, "side": "buy", "size": "0.20295066", "price": "3008.63000000", "time": "2025-07-14T18:22:35.816984Z", "fetched_at": "2025-07-14T18:23:24.664189+00:00", "symbol": "ETH-USD"}, {"trade_id": 666945202, "side": "buy", "size": "0.64228203", "price": "3008.63000000", "time": "2025-07-14T18:22:35.816835Z", "fetched_at": "2025-07-14T18:23:24.664189+00:00", "symbol": "ETH-USD"}, {"trade_id": 666945201, "side": "buy", "size": "0.05680658", "price": "3008.63000000", "time": "2025-07-14T18:22:35.816835Z", "fetched_at": "2025-07-14T18:23:24.664189+00:00", "symbol": "ETH-USD"}, {"trade_id": 666945200, "side": "buy", "size": "0.00100000", "price": "3008.63000000", "time": "2025-07-14T18:22:35.816835Z", "fetched_at": "2025-07-14T18:23:24.664189+00:00", "symbol": "ETH-USD"}, {"trade_id": 666945199, "side": "sell", "size": "0.00161124", "price": "3008.64000000", "time": "2025-07-14T18:22:35.156469Z", "fetched_at": "2025-07-14T18:23:24.664189+00:00", "symbol": "ETH-USD"}, {"trade_id": 666945198, "side": "buy", "size": "0.70513949", "price": "3008.82000000", "time": "2025-07-14T18:22:34.803865Z", "fetched_at": "2025-07-14T18:23:24.664189+00:00", "symbol": "ETH-USD"}, {"trade_id": 666945197, "side": "buy", "size": "1.71380188", "price": "3008.82000000", "time": "2025-07-14T18:22:34.803063Z", "fetched_at": "2025-07-14T18:23:24.664189+00:00", "symbol": "ETH-USD"}, {"trade_id": 666945196, "side": "buy", "size": "0.00054297", "price": "3008.86000000", "time": "2025-07-14T18:22:34.803063Z", "fetched_at": "2025-07-14T18:23:24.664189+00:00", "symbol": "ETH-USD"}, {"trade_id": 666945195, "side": "buy", "size": "0.00100000", "price": "3008.86000000", "time": "2025-07-14T18:22:34.803063Z", "fetched_at": "2025-07-14T18:23:24.664189+00:00", "symbol": "ETH-USD"}, {"trade_id": 666945194, "side": "buy", "size": "1.14811299", "price": "3008.99000000", "time": "2025-07-14T18:22:34.778026Z", "fetched_at": "2025-07-14T18:23:24.664189+00:00", "symbol": "ETH-USD"}, {"trade_id": 666945193, "side": "buy", "size": "0.00100000", "price": "3009.09000000", "time": "2025-07-14T18:22:34.778026Z", "fetched_at": "2025-07-14T18:23:24.664189+00:00", "symbol": "ETH-USD"}, {"trade_id": 666945192, "side": "buy", "size": "0.00073154", "price": "3009.21000000", "time": "2025-07-14T18:22:34.778026Z", "fetched_at": "2025-07-14T18:23:24.664189+00:00", "symbol": "ETH-USD"}, {"trade_id": 666945191, "side": "buy", "size": "1.66144419", "price": "3009.43000000", "time": "2025-07-14T18:22:34.670782Z", "fetched_at": "2025-07-14T18:23:24.664189+00:00", "symbol": "ETH-USD"}, {"trade_id": 666945190, "side": "buy", "size": "0.00073148", "price": "3009.43000000", "time": "2025-07-14T18:22:34.670782Z", "fetched_at": "2025-07-14T18:23:24.664189+00:00", "symbol": "ETH-USD"}, {"trade_id": 666945189, "side": "buy", "size": "1.23522411", "price": "3009.30000000", "time": "2025-07-14T18:22:34.569636Z", "fetched_at": "2025-07-14T18:23:24.664189+00:00", "symbol": "ETH-USD"}, {"trade_id": 666945188, "side": "buy", "size": "0.35544885", "price": "3009.30000000", "time": "2025-07-14T18:22:34.567217Z", "fetched_at": "2025-07-14T18:23:24.664189+00:00", "symbol": "ETH-USD"}, {"trade_id": 666945187, "side": "buy", "size": "0.17867466", "price": "3009.31000000", "time": "2025-07-14T18:22:34.567217Z", "fetched_at": "2025-07-14T18:23:24.664189+00:00", "symbol": "ETH-USD"}, {"trade_id": 666945186, "side": "buy", "size": "0.28411882", "price": "3009.34000000", "time": "2025-07-14T18:22:34.567217Z", "fetched_at": "2025-07-14T18:23:24.664189+00:00", "symbol": "ETH-USD"}, {"trade_id": 666945185, "side": "buy", "size": "1.07696690", "price": "3009.34000000", "time": "2025-07-14T18:22:34.566432Z", "fetched_at": "2025-07-14T18:23:24.664189+00:00", "symbol": "ETH-USD"}, {"trade_id": 666945184, "side": "buy", "size": "0.66447853", "price": "3009.42000000", "time": "2025-07-14T18:22:34.566432Z", "fetched_at": "2025-07-14T18:23:24.664189+00:00", "symbol": "ETH-USD"}, {"trade_id": 666945183, "side": "buy", "size": "0.10250920", "price": "3009.42000000", "time": "2025-07-14T18:22:34.565933Z", "fetched_at": "2025-07-14T18:23:24.664189+00:00", "symbol": "ETH-USD"}, {"trade_id": 666945182, "side": "buy", "size": "0.04966370", "price": "3009.42000000", "time": "2025-07-14T18:22:34.565787Z", "fetched_at": "2025-07-14T18:23:24.664189+00:00", "symbol": "ETH-USD"}, {"trade_id": 666945181, "side": "buy", "size": "0.00073148", "price": "3009.43000000", "time": "2025-07-14T18:22:34.565787Z", "fetched_at": "2025-07-14T18:23:24.664189+00:00", "symbol": "ETH-USD"}, {"trade_id": 666945180, "side": "buy", "size": "0.00085942", "price": "3009.43000000", "time": "2025-07-14T18:22:34.565787Z", "fetched_at": "2025-07-14T18:23:24.664189+00:00", "symbol": "ETH-USD"}, {"trade_id": 666945179, "side": "buy", "size": "0.00100000", "price": "3009.55000000", "time": "2025-07-14T18:22:34.563113Z", "fetched_at": "2025-07-14T18:23:24.664189+00:00", "symbol": "ETH-USD"}, {"trade_id": 666945178, "side": "buy", "size": "0.18162637", "price": "3009.64000000", "time": "2025-07-14T18:22:34.563113Z", "fetched_at": "2025-07-14T18:23:24.664189+00:00", "symbol": "ETH-USD"}, {"trade_id": 666945177, "side": "buy", "size": "1.66132826", "price": "3009.64000000", "time": "2025-07-14T18:22:34.563113Z", "fetched_at": "2025-07-14T18:23:24.664189+00:00", "symbol": "ETH-USD"}, {"trade_id": 666945176, "side": "buy", "size": "0.05125460", "price": "3009.65000000", "time": "2025-07-14T18:22:34.563113Z", "fetched_at": "2025-07-14T18:23:24.664189+00:00", "symbol": "ETH-USD"}, {"trade_id": 666945175, "side": "buy", "size": "0.05045822", "price": "3009.65000000", "time": "2025-07-14T18:22:34.361040Z", "fetched_at": "2025-07-14T18:23:24.664189+00:00", "symbol": "ETH-USD"}, {"trade_id": 666945174, "side": "buy", "size": "0.02024519", "price": "3009.76000000", "time": "2025-07-14T18:22:34.361040Z", "fetched_at": "2025-07-14T18:23:24.664189+00:00", "symbol": "ETH-USD"}, {"trade_id": 666945173, "side": "sell", "size": "0.43339028", "price": "3009.77000000", "time": "2025-07-14T18:22:33.949832Z", "fetched_at": "2025-07-14T18:23:24.664189+00:00", "symbol": "ETH-USD"}, {"trade_id": 666945172, "side": "buy", "size": "0.03836081", "price": "3009.76000000", "time": "2025-07-14T18:22:33.730136Z", "fetched_at": "2025-07-14T18:23:24.664189+00:00", "symbol": "ETH-USD"}, {"trade_id": 666945171, "side": "buy", "size": "0.01598027", "price": "3009.96000000", "time": "2025-07-14T18:22:33.640714Z", "fetched_at": "2025-07-14T18:23:24.664189+00:00", "symbol": "ETH-USD"}, {"trade_id": 666945170, "side": "buy", "size": "0.53102795", "price": "3009.97000000", "time": "2025-07-14T18:22:33.640714Z", "fetched_at": "2025-07-14T18:23:24.664189+00:00", "symbol": "ETH-USD"}, {"trade_id": 666945169, "side": "buy", "size": "0.00078978", "price": "3009.98000000", "time": "2025-07-14T18:22:33.640714Z", "fetched_at": "2025-07-14T18:23:24.664189+00:00", "symbol": "ETH-USD"}, {"trade_id": 666945168, "side": "buy", "size": "0.03196614", "price": "3010.06000000", "time": "2025-07-14T18:22:33.577669Z", "fetched_at": "2025-07-14T18:23:24.664189+00:00", "symbol": "ETH-USD"}, {"trade_id": 666945167, "side": "sell", "size": "0.00005588", "price": "3009.97000000", "time": "2025-07-14T18:22:33.173218Z", "fetched_at": "2025-07-14T18:23:24.664189+00:00", "symbol": "ETH-USD"}, {"trade_id": 666945166, "side": "sell", "size": "0.00030999", "price": "3009.97000000", "time": "2025-07-14T18:22:33.173218Z", "fetched_at": "2025-07-14T18:23:24.664189+00:00", "symbol": "ETH-USD"}, {"trade_id": 666945165, "side": "sell", "size": "3.00000000", "price": "3009.97000000", "time": "2025-07-14T18:22:33.173218Z", "fetched_at": "2025-07-14T18:23:24.664189+00:00", "symbol": "ETH-USD"}, {"trade_id": 666945164, "side": "sell", "size": "0.04502444", "price": "3009.97000000", "time": "2025-07-14T18:22:33.173218Z", "fetched_at": "2025-07-14T18:23:24.664189+00:00", "symbol": "ETH-USD"}, {"trade_id": 666945163, "side": "sell", "size": "0.00321878", "price": "3009.97000000", "time": "2025-07-14T18:22:33.173218Z", "fetched_at": "2025-07-14T18:23:24.664189+00:00", "symbol": "ETH-USD"}, {"trade_id": 666945162, "side": "buy", "size": "0.00470213", "price": "3009.96000000", "time": "2025-07-14T18:22:32.847074Z", "fetched_at": "2025-07-14T18:23:24.664189+00:00", "symbol": "ETH-USD"}, {"trade_id": 666945161, "side": "buy", "size": "0.20879806", "price": "3009.96000000", "time": "2025-07-14T18:22:32.624614Z", "fetched_at": "2025-07-14T18:23:24.664189+00:00", "symbol": "ETH-USD"}, {"trade_id": 666945160, "side": "sell", "size": "0.16610577", "price": "3010.14000000", "time": "2025-07-14T18:22:32.375338Z", "fetched_at": "2025-07-14T18:23:24.664189+00:00", "symbol": "ETH-USD"}, {"trade_id": 666945159, "side": "sell", "size": "0.00100000", "price": "3010.01000000", "time": "2025-07-14T18:22:32.375338Z", "fetched_at": "2025-07-14T18:23:24.664189+00:00", "symbol": "ETH-USD"}, {"trade_id": 666945158, "side": "sell", "size": "0.00185189", "price": "3010.00000000", "time": "2025-07-14T18:22:32.375338Z", "fetched_at": "2025-07-14T18:23:24.664189+00:00", "symbol": "ETH-USD"}