[{"trade_id": 666849210, "side": "buy", "size": "0.01838134", "price": "3015.52000000", "time": "2025-07-14T15:10:48.399043Z", "fetched_at": "2025-07-14T15:10:49.470361+00:00", "symbol": "ETH-USD"}, {"trade_id": 666849209, "side": "sell", "size": "0.00037620", "price": "3015.53000000", "time": "2025-07-14T15:10:48.120616Z", "fetched_at": "2025-07-14T15:10:49.470361+00:00", "symbol": "ETH-USD"}, {"trade_id": 666849208, "side": "sell", "size": "0.00031706", "price": "3015.02000000", "time": "2025-07-14T15:10:46.434735Z", "fetched_at": "2025-07-14T15:10:49.470361+00:00", "symbol": "ETH-USD"}, {"trade_id": 666849207, "side": "buy", "size": "0.53307521", "price": "3015.25000000", "time": "2025-07-14T15:10:46.139213Z", "fetched_at": "2025-07-14T15:10:49.470361+00:00", "symbol": "ETH-USD"}, {"trade_id": 666849206, "side": "buy", "size": "0.00173091", "price": "3015.26000000", "time": "2025-07-14T15:10:46.139213Z", "fetched_at": "2025-07-14T15:10:49.470361+00:00", "symbol": "ETH-USD"}, {"trade_id": 666849205, "side": "buy", "size": "0.02194409", "price": "3015.39000000", "time": "2025-07-14T15:10:46.139213Z", "fetched_at": "2025-07-14T15:10:49.470361+00:00", "symbol": "ETH-USD"}, {"trade_id": 666849204, "side": "buy", "size": "0.00172031", "price": "3015.52000000", "time": "2025-07-14T15:10:45.727106Z", "fetched_at": "2025-07-14T15:10:49.470361+00:00", "symbol": "ETH-USD"}, {"trade_id": 666849203, "side": "buy", "size": "0.19244110", "price": "3015.52000000", "time": "2025-07-14T15:10:45.727106Z", "fetched_at": "2025-07-14T15:10:49.470361+00:00", "symbol": "ETH-USD"}, {"trade_id": 666849202, "side": "sell", "size": "0.00005244", "price": "3015.45000000", "time": "2025-07-14T15:10:45.130239Z", "fetched_at": "2025-07-14T15:10:49.470361+00:00", "symbol": "ETH-USD"}, {"trade_id": 666849201, "side": "sell", "size": "0.40552831", "price": "3015.40000000", "time": "2025-07-14T15:10:45.130239Z", "fetched_at": "2025-07-14T15:10:49.470361+00:00", "symbol": "ETH-USD"}, {"trade_id": 666849200, "side": "sell", "size": "0.09668147", "price": "3015.27000000", "time": "2025-07-14T15:10:44.691599Z", "fetched_at": "2025-07-14T15:10:49.470361+00:00", "symbol": "ETH-USD"}, {"trade_id": 666849199, "side": "buy", "size": "0.04181374", "price": "3014.71000000", "time": "2025-07-14T15:10:44.538679Z", "fetched_at": "2025-07-14T15:10:49.470361+00:00", "symbol": "ETH-USD"}, {"trade_id": 666849198, "side": "buy", "size": "0.00170312", "price": "3014.72000000", "time": "2025-07-14T15:10:44.538679Z", "fetched_at": "2025-07-14T15:10:49.470361+00:00", "symbol": "ETH-USD"}, {"trade_id": 666849197, "side": "buy", "size": "0.00000994", "price": "3015.11000000", "time": "2025-07-14T15:10:44.538679Z", "fetched_at": "2025-07-14T15:10:49.470361+00:00", "symbol": "ETH-USD"}, {"trade_id": 666849196, "side": "buy", "size": "0.00000331", "price": "3015.17000000", "time": "2025-07-14T15:10:44.538679Z", "fetched_at": "2025-07-14T15:10:49.470361+00:00", "symbol": "ETH-USD"}, {"trade_id": 666849195, "side": "buy", "size": "0.00001989", "price": "3015.17000000", "time": "2025-07-14T15:10:44.538679Z", "fetched_at": "2025-07-14T15:10:49.470361+00:00", "symbol": "ETH-USD"}, {"trade_id": 666849194, "side": "buy", "size": "0.12645000", "price": "3015.18000000", "time": "2025-07-14T15:10:44.538679Z", "fetched_at": "2025-07-14T15:10:49.470361+00:00", "symbol": "ETH-USD"}, {"trade_id": 666849193, "side": "sell", "size": "0.10000000", "price": "3015.19000000", "time": "2025-07-14T15:10:44.425834Z", "fetched_at": "2025-07-14T15:10:49.470361+00:00", "symbol": "ETH-USD"}, {"trade_id": 666849192, "side": "buy", "size": "0.00301790", "price": "3015.34000000", "time": "2025-07-14T15:10:44.336904Z", "fetched_at": "2025-07-14T15:10:49.470361+00:00", "symbol": "ETH-USD"}, {"trade_id": 666849191, "side": "buy", "size": "0.00170941", "price": "3015.34000000", "time": "2025-07-14T15:10:44.336904Z", "fetched_at": "2025-07-14T15:10:49.470361+00:00", "symbol": "ETH-USD"}, {"trade_id": 666849190, "side": "buy", "size": "0.00185872", "price": "3015.44000000", "time": "2025-07-14T15:10:43.950801Z", "fetched_at": "2025-07-14T15:10:49.470361+00:00", "symbol": "ETH-USD"}, {"trade_id": 666849189, "side": "sell", "size": "0.00769190", "price": "3015.30000000", "time": "2025-07-14T15:10:43.793418Z", "fetched_at": "2025-07-14T15:10:49.470361+00:00", "symbol": "ETH-USD"}, {"trade_id": 666849188, "side": "sell", "size": "0.00005589", "price": "3015.18000000", "time": "2025-07-14T15:10:43.793418Z", "fetched_at": "2025-07-14T15:10:49.470361+00:00", "symbol": "ETH-USD"}, {"trade_id": 666849187, "side": "sell", "size": "0.00031004", "price": "3015.18000000", "time": "2025-07-14T15:10:43.793418Z", "fetched_at": "2025-07-14T15:10:49.470361+00:00", "symbol": "ETH-USD"}, {"trade_id": 666849186, "side": "buy", "size": "0.28694343", "price": "3014.50000000", "time": "2025-07-14T15:10:42.304202Z", "fetched_at": "2025-07-14T15:10:49.470361+00:00", "symbol": "ETH-USD"}, {"trade_id": 666849185, "side": "buy", "size": "0.47312261", "price": "3014.62000000", "time": "2025-07-14T15:10:42.304202Z", "fetched_at": "2025-07-14T15:10:49.470361+00:00", "symbol": "ETH-USD"}, {"trade_id": 666849184, "side": "buy", "size": "0.00177134", "price": "3014.66000000", "time": "2025-07-14T15:10:42.304202Z", "fetched_at": "2025-07-14T15:10:49.470361+00:00", "symbol": "ETH-USD"}, {"trade_id": 666849183, "side": "buy", "size": "0.32788740", "price": "3014.72000000", "time": "2025-07-14T15:10:42.304202Z", "fetched_at": "2025-07-14T15:10:49.470361+00:00", "symbol": "ETH-USD"}, {"trade_id": 666849182, "side": "buy", "size": "0.49987117", "price": "3014.78000000", "time": "2025-07-14T15:10:42.304202Z", "fetched_at": "2025-07-14T15:10:49.470361+00:00", "symbol": "ETH-USD"}, {"trade_id": 666849181, "side": "buy", "size": "0.56007293", "price": "3014.80000000", "time": "2025-07-14T15:10:42.304202Z", "fetched_at": "2025-07-14T15:10:49.470361+00:00", "symbol": "ETH-USD"}, {"trade_id": 666849180, "side": "buy", "size": "0.92269890", "price": "3014.81000000", "time": "2025-07-14T15:10:42.304202Z", "fetched_at": "2025-07-14T15:10:49.470361+00:00", "symbol": "ETH-USD"}, {"trade_id": 666849179, "side": "buy", "size": "0.15000000", "price": "3014.82000000", "time": "2025-07-14T15:10:42.304202Z", "fetched_at": "2025-07-14T15:10:49.470361+00:00", "symbol": "ETH-USD"}, {"trade_id": 666849178, "side": "buy", "size": "0.00190728", "price": "3015.17000000", "time": "2025-07-14T15:10:42.304202Z", "fetched_at": "2025-07-14T15:10:49.470361+00:00", "symbol": "ETH-USD"}, {"trade_id": 666849177, "side": "buy", "size": "0.02839793", "price": "3015.36000000", "time": "2025-07-14T15:10:42.036818Z", "fetched_at": "2025-07-14T15:10:49.470361+00:00", "symbol": "ETH-USD"}, {"trade_id": 666849176, "side": "buy", "size": "0.06402220", "price": "3015.36000000", "time": "2025-07-14T15:10:42.036818Z", "fetched_at": "2025-07-14T15:10:49.470361+00:00", "symbol": "ETH-USD"}, {"trade_id": 666849175, "side": "buy", "size": "0.00952456", "price": "3015.36000000", "time": "2025-07-14T15:10:42.036818Z", "fetched_at": "2025-07-14T15:10:49.470361+00:00", "symbol": "ETH-USD"}, {"trade_id": 666849174, "side": "sell", "size": "0.00233802", "price": "3015.37000000", "time": "2025-07-14T15:10:41.776402Z", "fetched_at": "2025-07-14T15:10:49.470361+00:00", "symbol": "ETH-USD"}, {"trade_id": 666849173, "side": "sell", "size": "0.00300540", "price": "3015.45000000", "time": "2025-07-14T15:10:41.689310Z", "fetched_at": "2025-07-14T15:10:49.470361+00:00", "symbol": "ETH-USD"}, {"trade_id": 666849172, "side": "sell", "size": "0.00021922", "price": "3015.45000000", "time": "2025-07-14T15:10:41.689310Z", "fetched_at": "2025-07-14T15:10:49.470361+00:00", "symbol": "ETH-USD"}, {"trade_id": 666849171, "side": "buy", "size": "0.00210950", "price": "3015.37000000", "time": "2025-07-14T15:10:40.831221Z", "fetched_at": "2025-07-14T15:10:49.470361+00:00", "symbol": "ETH-USD"}, {"trade_id": 666849170, "side": "sell", "size": "0.16399708", "price": "3015.45000000", "time": "2025-07-14T15:10:40.773090Z", "fetched_at": "2025-07-14T15:10:49.470361+00:00", "symbol": "ETH-USD"}, {"trade_id": 666849169, "side": "sell", "size": "0.00016297", "price": "3015.45000000", "time": "2025-07-14T15:10:40.773090Z", "fetched_at": "2025-07-14T15:10:49.470361+00:00", "symbol": "ETH-USD"}, {"trade_id": 666849168, "side": "buy", "size": "0.00084226", "price": "3015.44000000", "time": "2025-07-14T15:10:40.772142Z", "fetched_at": "2025-07-14T15:10:49.470361+00:00", "symbol": "ETH-USD"}, {"trade_id": 666849167, "side": "buy", "size": "0.19202504", "price": "3015.44000000", "time": "2025-07-14T15:10:40.772142Z", "fetched_at": "2025-07-14T15:10:49.470361+00:00", "symbol": "ETH-USD"}, {"trade_id": 666849166, "side": "buy", "size": "0.00209575", "price": "3015.44000000", "time": "2025-07-14T15:10:40.772142Z", "fetched_at": "2025-07-14T15:10:49.470361+00:00", "symbol": "ETH-USD"}, {"trade_id": 666849165, "side": "buy", "size": "0.00249985", "price": "3015.29000000", "time": "2025-07-14T15:10:39.907988Z", "fetched_at": "2025-07-14T15:10:49.470361+00:00", "symbol": "ETH-USD"}, {"trade_id": 666849164, "side": "sell", "size": "0.01787963", "price": "3015.47000000", "time": "2025-07-14T15:10:39.745403Z", "fetched_at": "2025-07-14T15:10:49.470361+00:00", "symbol": "ETH-USD"}, {"trade_id": 666849163, "side": "sell", "size": "0.00100000", "price": "3015.30000000", "time": "2025-07-14T15:10:39.745403Z", "fetched_at": "2025-07-14T15:10:49.470361+00:00", "symbol": "ETH-USD"}, {"trade_id": 666849162, "side": "sell", "size": "0.00100000", "price": "3015.07000000", "time": "2025-07-14T15:10:39.745403Z", "fetched_at": "2025-07-14T15:10:49.470361+00:00", "symbol": "ETH-USD"}, {"trade_id": 666849161, "side": "sell", "size": "0.00010335", "price": "3014.97000000", "time": "2025-07-14T15:10:39.745403Z", "fetched_at": "2025-07-14T15:10:49.470361+00:00", "symbol": "ETH-USD"}, {"trade_id": 666849160, "side": "sell", "size": "0.00038015", "price": "3014.89000000", "time": "2025-07-14T15:10:39.745403Z", "fetched_at": "2025-07-14T15:10:49.470361+00:00", "symbol": "ETH-USD"}, {"trade_id": 666849159, "side": "sell", "size": "0.00038006", "price": "3014.89000000", "time": "2025-07-14T15:10:39.745403Z", "fetched_at": "2025-07-14T15:10:49.470361+00:00", "symbol": "ETH-USD"}, {"trade_id": 666849158, "side": "sell", "size": "0.00006854", "price": "3014.89000000", "time": "2025-07-14T15:10:39.745403Z", "fetched_at": "2025-07-14T15:10:49.470361+00:00", "symbol": "ETH-USD"}, {"trade_id": 666849157, "side": "sell", "size": "0.16840511", "price": "3014.73000000", "time": "2025-07-14T15:10:39.546856Z", "fetched_at": "2025-07-14T15:10:49.470361+00:00", "symbol": "ETH-USD"}, {"trade_id": 666849156, "side": "sell", "size": "2.42081796", "price": "3014.73000000", "time": "2025-07-14T15:10:39.546856Z", "fetched_at": "2025-07-14T15:10:49.470361+00:00", "symbol": "ETH-USD"}, {"trade_id": 666849155, "side": "sell", "size": "0.60421783", "price": "3014.73000000", "time": "2025-07-14T15:10:39.546788Z", "fetched_at": "2025-07-14T15:10:49.470361+00:00", "symbol": "ETH-USD"}, {"trade_id": 666849154, "side": "sell", "size": "0.91073806", "price": "3014.73000000", "time": "2025-07-14T15:10:39.546774Z", "fetched_at": "2025-07-14T15:10:49.470361+00:00", "symbol": "ETH-USD"}, {"trade_id": 666849153, "side": "sell", "size": "1.42393602", "price": "3014.73000000", "time": "2025-07-14T15:10:39.546667Z", "fetched_at": "2025-07-14T15:10:49.470361+00:00", "symbol": "ETH-USD"}, {"trade_id": 666849152, "side": "sell", "size": "3.05234144", "price": "3014.73000000", "time": "2025-07-14T15:10:39.546197Z", "fetched_at": "2025-07-14T15:10:49.470361+00:00", "symbol": "ETH-USD"}, {"trade_id": 666849151, "side": "sell", "size": "1.58794869", "price": "3014.73000000", "time": "2025-07-14T15:10:39.521462Z", "fetched_at": "2025-07-14T15:10:49.470361+00:00", "symbol": "ETH-USD"}, {"trade_id": 666849150, "side": "buy", "size": "0.12645000", "price": "3014.69000000", "time": "2025-07-14T15:10:39.422935Z", "fetched_at": "2025-07-14T15:10:49.470361+00:00", "symbol": "ETH-USD"}, {"trade_id": 666849149, "side": "sell", "size": "0.13014645", "price": "3014.70000000", "time": "2025-07-14T15:10:39.406354Z", "fetched_at": "2025-07-14T15:10:49.470361+00:00", "symbol": "ETH-USD"}, {"trade_id": 666849148, "side": "sell", "size": "0.03570788", "price": "3014.67000000", "time": "2025-07-14T15:10:39.406354Z", "fetched_at": "2025-07-14T15:10:49.470361+00:00", "symbol": "ETH-USD"}, {"trade_id": 666849147, "side": "buy", "size": "0.12645000", "price": "3014.67000000", "time": "2025-07-14T15:10:39.262602Z", "fetched_at": "2025-07-14T15:10:49.470361+00:00", "symbol": "ETH-USD"}, {"trade_id": 666849146, "side": "sell", "size": "0.00163975", "price": "3014.68000000", "time": "2025-07-14T15:10:39.253311Z", "fetched_at": "2025-07-14T15:10:49.470361+00:00", "symbol": "ETH-USD"}, {"trade_id": 666849145, "side": "buy", "size": "0.12645000", "price": "3014.67000000", "time": "2025-07-14T15:10:39.166591Z", "fetched_at": "2025-07-14T15:10:49.470361+00:00", "symbol": "ETH-USD"}, {"trade_id": 666849144, "side": "buy", "size": "0.00276498", "price": "3014.67000000", "time": "2025-07-14T15:10:39.166591Z", "fetched_at": "2025-07-14T15:10:49.470361+00:00", "symbol": "ETH-USD"}, {"trade_id": 666849143, "side": "buy", "size": "0.12645000", "price": "3014.67000000", "time": "2025-07-14T15:10:39.134592Z", "fetched_at": "2025-07-14T15:10:49.470361+00:00", "symbol": "ETH-USD"}, {"trade_id": 666849142, "side": "buy", "size": "0.00276508", "price": "3014.56000000", "time": "2025-07-14T15:10:39.095167Z", "fetched_at": "2025-07-14T15:10:49.470361+00:00", "symbol": "ETH-USD"}, {"trade_id": 666849141, "side": "buy", "size": "0.12645000", "price": "3014.56000000", "time": "2025-07-14T15:10:39.095167Z", "fetched_at": "2025-07-14T15:10:49.470361+00:00", "symbol": "ETH-USD"}, {"trade_id": 666849140, "side": "buy", "size": "0.12645000", "price": "3014.52000000", "time": "2025-07-14T15:10:39.062800Z", "fetched_at": "2025-07-14T15:10:49.470361+00:00", "symbol": "ETH-USD"}, {"trade_id": 666849139, "side": "buy", "size": "0.00438544", "price": "3014.52000000", "time": "2025-07-14T15:10:39.062800Z", "fetched_at": "2025-07-14T15:10:49.470361+00:00", "symbol": "ETH-USD"}, {"trade_id": 666849138, "side": "buy", "size": "0.00276512", "price": "3014.52000000", "time": "2025-07-14T15:10:39.015260Z", "fetched_at": "2025-07-14T15:10:49.470361+00:00", "symbol": "ETH-USD"}, {"trade_id": 666849137, "side": "buy", "size": "0.12645000", "price": "3014.52000000", "time": "2025-07-14T15:10:39.015260Z", "fetched_at": "2025-07-14T15:10:49.470361+00:00", "symbol": "ETH-USD"}, {"trade_id": 666849136, "side": "buy", "size": "0.12645000", "price": "3014.52000000", "time": "2025-07-14T15:10:38.983156Z", "fetched_at": "2025-07-14T15:10:49.470361+00:00", "symbol": "ETH-USD"}, {"trade_id": 666849135, "side": "buy", "size": "1.30439829", "price": "3014.18000000", "time": "2025-07-14T15:10:38.900756Z", "fetched_at": "2025-07-14T15:10:49.470361+00:00", "symbol": "ETH-USD"}, {"trade_id": 666849134, "side": "buy", "size": "1.09596919", "price": "3014.24000000", "time": "2025-07-14T15:10:38.897592Z", "fetched_at": "2025-07-14T15:10:49.470361+00:00", "symbol": "ETH-USD"}, {"trade_id": 666849133, "side": "buy", "size": "0.80439829", "price": "3014.24000000", "time": "2025-07-14T15:10:38.897443Z", "fetched_at": "2025-07-14T15:10:49.470361+00:00", "symbol": "ETH-USD"}, {"trade_id": 666849132, "side": "buy", "size": "0.50000000", "price": "3014.24000000", "time": "2025-07-14T15:10:38.897443Z", "fetched_at": "2025-07-14T15:10:49.470361+00:00", "symbol": "ETH-USD"}, {"trade_id": 666849131, "side": "buy", "size": "0.00276501", "price": "3014.64000000", "time": "2025-07-14T15:10:38.896987Z", "fetched_at": "2025-07-14T15:10:49.470361+00:00", "symbol": "ETH-USD"}, {"trade_id": 666849130, "side": "sell", "size": "0.03719913", "price": "3014.65000000", "time": "2025-07-14T15:10:38.864815Z", "fetched_at": "2025-07-14T15:10:49.470361+00:00", "symbol": "ETH-USD"}, {"trade_id": 666849129, "side": "sell", "size": "0.00032836", "price": "3014.74000000", "time": "2025-07-14T15:10:38.607728Z", "fetched_at": "2025-07-14T15:10:49.470361+00:00", "symbol": "ETH-USD"}, {"trade_id": 666849128, "side": "buy", "size": "0.34238042", "price": "3014.25000000", "time": "2025-07-14T15:10:38.529966Z", "fetched_at": "2025-07-14T15:10:49.470361+00:00", "symbol": "ETH-USD"}, {"trade_id": 666849127, "side": "buy", "size": "0.39000000", "price": "3014.25000000", "time": "2025-07-14T15:10:38.529966Z", "fetched_at": "2025-07-14T15:10:49.470361+00:00", "symbol": "ETH-USD"}, {"trade_id": 666849126, "side": "buy", "size": "0.15860001", "price": "3014.35000000", "time": "2025-07-14T15:10:38.529966Z", "fetched_at": "2025-07-14T15:10:49.470361+00:00", "symbol": "ETH-USD"}, {"trade_id": 666849125, "side": "buy", "size": "0.00063232", "price": "3014.36000000", "time": "2025-07-14T15:10:38.529966Z", "fetched_at": "2025-07-14T15:10:49.470361+00:00", "symbol": "ETH-USD"}, {"trade_id": 666849124, "side": "buy", "size": "0.00000663", "price": "3014.36000000", "time": "2025-07-14T15:10:38.529966Z", "fetched_at": "2025-07-14T15:10:49.470361+00:00", "symbol": "ETH-USD"}, {"trade_id": 666849123, "side": "buy", "size": "0.12645000", "price": "3014.74000000", "time": "2025-07-14T15:10:38.528858Z", "fetched_at": "2025-07-14T15:10:49.470361+00:00", "symbol": "ETH-USD"}, {"trade_id": 666849122, "side": "buy", "size": "0.39336474", "price": "3014.35000000", "time": "2025-07-14T15:10:38.215270Z", "fetched_at": "2025-07-14T15:10:49.470361+00:00", "symbol": "ETH-USD"}, {"trade_id": 666849121, "side": "buy", "size": "0.00063232", "price": "3014.36000000", "time": "2025-07-14T15:10:38.215270Z", "fetched_at": "2025-07-14T15:10:49.470361+00:00", "symbol": "ETH-USD"}, {"trade_id": 666849120, "side": "buy", "size": "0.00001326", "price": "3014.62000000", "time": "2025-07-14T15:10:38.215270Z", "fetched_at": "2025-07-14T15:10:49.470361+00:00", "symbol": "ETH-USD"}, {"trade_id": 666849119, "side": "buy", "size": "0.00613012", "price": "3014.62000000", "time": "2025-07-14T15:10:38.215270Z", "fetched_at": "2025-07-14T15:10:49.470361+00:00", "symbol": "ETH-USD"}, {"trade_id": 666849118, "side": "buy", "size": "0.19149345", "price": "3014.62000000", "time": "2025-07-14T15:10:38.215270Z", "fetched_at": "2025-07-14T15:10:49.470361+00:00", "symbol": "ETH-USD"}, {"trade_id": 666849117, "side": "buy", "size": "0.00757320", "price": "3014.62000000", "time": "2025-07-14T15:10:38.215270Z", "fetched_at": "2025-07-14T15:10:49.470361+00:00", "symbol": "ETH-USD"}, {"trade_id": 666849116, "side": "buy", "size": "0.00287587", "price": "3014.62000000", "time": "2025-07-14T15:10:37.904561Z", "fetched_at": "2025-07-14T15:10:49.470361+00:00", "symbol": "ETH-USD"}, {"trade_id": 666849115, "side": "buy", "size": "0.00060715", "price": "3014.63000000", "time": "2025-07-14T15:10:37.904561Z", "fetched_at": "2025-07-14T15:10:49.470361+00:00", "symbol": "ETH-USD"}, {"trade_id": 666849114, "side": "buy", "size": "0.00060710", "price": "3014.88000000", "time": "2025-07-14T15:10:37.794196Z", "fetched_at": "2025-07-14T15:10:49.470361+00:00", "symbol": "ETH-USD"}, {"trade_id": 666849113, "side": "sell", "size": "0.07000000", "price": "3014.69000000", "time": "2025-07-14T15:10:37.582433Z", "fetched_at": "2025-07-14T15:10:49.470361+00:00", "symbol": "ETH-USD"}, {"trade_id": 666849112, "side": "sell", "size": "0.21542979", "price": "3014.85000000", "time": "2025-07-14T15:10:37.242808Z", "fetched_at": "2025-07-14T15:10:49.470361+00:00", "symbol": "ETH-USD"}, {"trade_id": 666849111, "side": "sell", "size": "0.03333891", "price": "3014.84000000", "time": "2025-07-14T15:10:37.242808Z", "fetched_at": "2025-07-14T15:10:49.470361+00:00", "symbol": "ETH-USD"}, {"trade_id": 666849110, "side": "sell", "size": "0.01562587", "price": "3014.90000000", "time": "2025-07-14T15:10:36.819498Z", "fetched_at": "2025-07-14T15:10:49.470361+00:00", "symbol": "ETH-USD"}, {"trade_id": 666849109, "side": "sell", "size": "0.00009988", "price": "3014.68000000", "time": "2025-07-14T15:10:36.819498Z", "fetched_at": "2025-07-14T15:10:49.470361+00:00", "symbol": "ETH-USD"}, {"trade_id": 666849108, "side": "sell", "size": "0.01170000", "price": "3014.68000000", "time": "2025-07-14T15:10:36.422255Z", "fetched_at": "2025-07-14T15:10:49.470361+00:00", "symbol": "ETH-USD"}, {"trade_id": 666849107, "side": "buy", "size": "0.09618646", "price": "3014.46000000", "time": "2025-07-14T15:10:34.426631Z", "fetched_at": "2025-07-14T15:10:49.470361+00:00", "symbol": "ETH-USD"}, {"trade_id": 666849106, "side": "buy", "size": "0.56026918", "price": "3014.49000000", "time": "2025-07-14T15:10:34.426631Z", "fetched_at": "2025-07-14T15:10:49.470361+00:00", "symbol": "ETH-USD"}, {"trade_id": 666849105, "side": "buy", "size": "0.21709436", "price": "3014.50000000", "time": "2025-07-14T15:10:34.426631Z", "fetched_at": "2025-07-14T15:10:49.470361+00:00", "symbol": "ETH-USD"}, {"trade_id": 666849104, "side": "buy", "size": "0.12645000", "price": "3015.01000000", "time": "2025-07-14T15:10:34.426631Z", "fetched_at": "2025-07-14T15:10:49.470361+00:00", "symbol": "ETH-USD"}, {"trade_id": 666849103, "side": "buy", "size": "0.32967686", "price": "3014.50000000", "time": "2025-07-14T15:10:34.397826Z", "fetched_at": "2025-07-14T15:10:49.470361+00:00", "symbol": "ETH-USD"}, {"trade_id": 666849102, "side": "buy", "size": "0.19999147", "price": "3014.57000000", "time": "2025-07-14T15:10:34.397826Z", "fetched_at": "2025-07-14T15:10:49.470361+00:00", "symbol": "ETH-USD"}, {"trade_id": 666849101, "side": "buy", "size": "0.00033167", "price": "3015.02000000", "time": "2025-07-14T15:10:34.397826Z", "fetched_at": "2025-07-14T15:10:49.470361+00:00", "symbol": "ETH-USD"}, {"trade_id": 666849100, "side": "sell", "size": "0.00352934", "price": "3015.03000000", "time": "2025-07-14T15:10:34.238641Z", "fetched_at": "2025-07-14T15:10:49.470361+00:00", "symbol": "ETH-USD"}, {"trade_id": 666849099, "side": "sell", "size": "0.00647542", "price": "3015.16000000", "time": "2025-07-14T15:10:33.242387Z", "fetched_at": "2025-07-14T15:10:49.470361+00:00", "symbol": "ETH-USD"}, {"trade_id": 666849098, "side": "buy", "size": "0.19123155", "price": "3014.82000000", "time": "2025-07-14T15:10:32.225056Z", "fetched_at": "2025-07-14T15:10:49.470361+00:00", "symbol": "ETH-USD"}, {"trade_id": 666849097, "side": "buy", "size": "0.45214406", "price": "3014.90000000", "time": "2025-07-14T15:10:32.225056Z", "fetched_at": "2025-07-14T15:10:49.470361+00:00", "symbol": "ETH-USD"}, {"trade_id": 666849096, "side": "buy", "size": "0.12645000", "price": "3015.40000000", "time": "2025-07-14T15:10:32.225056Z", "fetched_at": "2025-07-14T15:10:49.470361+00:00", "symbol": "ETH-USD"}, {"trade_id": 666849095, "side": "buy", "size": "0.03385594", "price": "3014.90000000", "time": "2025-07-14T15:10:32.192714Z", "fetched_at": "2025-07-14T15:10:49.470361+00:00", "symbol": "ETH-USD"}, {"trade_id": 666849094, "side": "buy", "size": "0.15000000", "price": "3014.91000000", "time": "2025-07-14T15:10:32.192714Z", "fetched_at": "2025-07-14T15:10:49.470361+00:00", "symbol": "ETH-USD"}, {"trade_id": 666849093, "side": "buy", "size": "0.10000000", "price": "3015.02000000", "time": "2025-07-14T15:10:32.192714Z", "fetched_at": "2025-07-14T15:10:49.470361+00:00", "symbol": "ETH-USD"}, {"trade_id": 666849092, "side": "buy", "size": "0.12645000", "price": "3015.46000000", "time": "2025-07-14T15:10:32.192714Z", "fetched_at": "2025-07-14T15:10:49.470361+00:00", "symbol": "ETH-USD"}, {"trade_id": 666849091, "side": "buy", "size": "0.50930957", "price": "3014.81000000", "time": "2025-07-14T15:10:32.164683Z", "fetched_at": "2025-07-14T15:10:49.470361+00:00", "symbol": "ETH-USD"}, {"trade_id": 666849090, "side": "buy", "size": "0.15000000", "price": "3014.82000000", "time": "2025-07-14T15:10:32.164683Z", "fetched_at": "2025-07-14T15:10:49.470361+00:00", "symbol": "ETH-USD"}, {"trade_id": 666849089, "side": "buy", "size": "0.37280043", "price": "3014.90000000", "time": "2025-07-14T15:10:32.164683Z", "fetched_at": "2025-07-14T15:10:49.470361+00:00", "symbol": "ETH-USD"}, {"trade_id": 666849088, "side": "buy", "size": "0.16538673", "price": "3014.81000000", "time": "2025-07-14T15:10:32.163786Z", "fetched_at": "2025-07-14T15:10:49.470361+00:00", "symbol": "ETH-USD"}, {"trade_id": 666849087, "side": "buy", "size": "0.14220545", "price": "3014.88000000", "time": "2025-07-14T15:10:32.163786Z", "fetched_at": "2025-07-14T15:10:49.470361+00:00", "symbol": "ETH-USD"}, {"trade_id": 666849086, "side": "buy", "size": "0.48600000", "price": "3015.10000000", "time": "2025-07-14T15:10:32.163786Z", "fetched_at": "2025-07-14T15:10:49.470361+00:00", "symbol": "ETH-USD"}, {"trade_id": 666849085, "side": "buy", "size": "0.12032000", "price": "3014.88000000", "time": "2025-07-14T15:10:32.160113Z", "fetched_at": "2025-07-14T15:10:49.470361+00:00", "symbol": "ETH-USD"}, {"trade_id": 666849084, "side": "buy", "size": "0.20880860", "price": "3014.88000000", "time": "2025-07-14T15:10:32.159721Z", "fetched_at": "2025-07-14T15:10:49.470361+00:00", "symbol": "ETH-USD"}, {"trade_id": 666849083, "side": "buy", "size": "0.15000000", "price": "3014.89000000", "time": "2025-07-14T15:10:32.159721Z", "fetched_at": "2025-07-14T15:10:49.470361+00:00", "symbol": "ETH-USD"}, {"trade_id": 666849082, "side": "buy", "size": "0.37280043", "price": "3014.90000000", "time": "2025-07-14T15:10:32.159721Z", "fetched_at": "2025-07-14T15:10:49.470361+00:00", "symbol": "ETH-USD"}, {"trade_id": 666849081, "side": "buy", "size": "0.10000000", "price": "3015.02000000", "time": "2025-07-14T15:10:32.159721Z", "fetched_at": "2025-07-14T15:10:49.470361+00:00", "symbol": "ETH-USD"}, {"trade_id": 666849080, "side": "buy", "size": "1.03211000", "price": "3015.41000000", "time": "2025-07-14T15:10:32.159721Z", "fetched_at": "2025-07-14T15:10:49.470361+00:00", "symbol": "ETH-USD"}, {"trade_id": 666849079, "side": "buy", "size": "0.12032000", "price": "3015.41000000", "time": "2025-07-14T15:10:32.159721Z", "fetched_at": "2025-07-14T15:10:49.470361+00:00", "symbol": "ETH-USD"}, {"trade_id": 666849078, "side": "buy", "size": "0.12645000", "price": "3015.41000000", "time": "2025-07-14T15:10:32.159721Z", "fetched_at": "2025-07-14T15:10:49.470361+00:00", "symbol": "ETH-USD"}, {"trade_id": 666849077, "side": "sell", "size": "1.48208136", "price": "3015.22000000", "time": "2025-07-14T15:10:32.067827Z", "fetched_at": "2025-07-14T15:10:49.470361+00:00", "symbol": "ETH-USD"}, {"trade_id": 666849076, "side": "sell", "size": "0.00047154", "price": "3015.02000000", "time": "2025-07-14T15:10:32.067827Z", "fetched_at": "2025-07-14T15:10:49.470361+00:00", "symbol": "ETH-USD"}, {"trade_id": 666849075, "side": "sell", "size": "0.22703809", "price": "3015.03000000", "time": "2025-07-14T15:10:31.380658Z", "fetched_at": "2025-07-14T15:10:49.470361+00:00", "symbol": "ETH-USD"}, {"trade_id": 666849074, "side": "sell", "size": "0.00008503", "price": "3015.02000000", "time": "2025-07-14T15:10:31.380658Z", "fetched_at": "2025-07-14T15:10:49.470361+00:00", "symbol": "ETH-USD"}, {"trade_id": 666849073, "side": "sell", "size": "0.07132344", "price": "3014.97000000", "time": "2025-07-14T15:10:31.380658Z", "fetched_at": "2025-07-14T15:10:49.470361+00:00", "symbol": "ETH-USD"}, {"trade_id": 666849072, "side": "sell", "size": "0.00276452", "price": "3014.96000000", "time": "2025-07-14T15:10:31.380658Z", "fetched_at": "2025-07-14T15:10:49.470361+00:00", "symbol": "ETH-USD"}, {"trade_id": 666849071, "side": "sell", "size": "0.08381065", "price": "3015.03000000", "time": "2025-07-14T15:10:31.208793Z", "fetched_at": "2025-07-14T15:10:49.470361+00:00", "symbol": "ETH-USD"}, {"trade_id": 666849070, "side": "sell", "size": "0.00141990", "price": "3015.03000000", "time": "2025-07-14T15:10:31.208793Z", "fetched_at": "2025-07-14T15:10:49.470361+00:00", "symbol": "ETH-USD"}, {"trade_id": 666849069, "side": "sell", "size": "0.00276386", "price": "3015.02000000", "time": "2025-07-14T15:10:31.208793Z", "fetched_at": "2025-07-14T15:10:49.470361+00:00", "symbol": "ETH-USD"}, {"trade_id": 666849068, "side": "sell", "size": "0.01897127", "price": "3015.01000000", "time": "2025-07-14T15:10:31.208793Z", "fetched_at": "2025-07-14T15:10:49.470361+00:00", "symbol": "ETH-USD"}, {"trade_id": 666849067, "side": "sell", "size": "8.62637888", "price": "3015.03000000", "time": "2025-07-14T15:10:30.754419Z", "fetched_at": "2025-07-14T15:10:49.470361+00:00", "symbol": "ETH-USD"}, {"trade_id": 666849066, "side": "sell", "size": "1.37220000", "price": "3015.03000000", "time": "2025-07-14T15:10:30.754419Z", "fetched_at": "2025-07-14T15:10:49.470361+00:00", "symbol": "ETH-USD"}, {"trade_id": 666849065, "side": "sell", "size": "2.83083447", "price": "3015.02000000", "time": "2025-07-14T15:10:30.754419Z", "fetched_at": "2025-07-14T15:10:49.470361+00:00", "symbol": "ETH-USD"}, {"trade_id": 666849064, "side": "sell", "size": "0.15000000", "price": "3015.01000000", "time": "2025-07-14T15:10:30.754419Z", "fetched_at": "2025-07-14T15:10:49.470361+00:00", "symbol": "ETH-USD"}, {"trade_id": 666849063, "side": "sell", "size": "0.48600000", "price": "3015.01000000", "time": "2025-07-14T15:10:30.754419Z", "fetched_at": "2025-07-14T15:10:49.470361+00:00", "symbol": "ETH-USD"}, {"trade_id": 666849062, "side": "sell", "size": "0.00276386", "price": "3015.01000000", "time": "2025-07-14T15:10:30.754419Z", "fetched_at": "2025-07-14T15:10:49.470361+00:00", "symbol": "ETH-USD"}, {"trade_id": 666849061, "side": "sell", "size": "2.64343996", "price": "3015.02000000", "time": "2025-07-14T15:10:30.715509Z", "fetched_at": "2025-07-14T15:10:49.470361+00:00", "symbol": "ETH-USD"}, {"trade_id": 666849060, "side": "sell", "size": "0.30000000", "price": "3015.01000000", "time": "2025-07-14T15:10:30.715509Z", "fetched_at": "2025-07-14T15:10:49.470361+00:00", "symbol": "ETH-USD"}, {"trade_id": 666849059, "side": "sell", "size": "0.00276386", "price": "3015.00000000", "time": "2025-07-14T15:10:30.715509Z", "fetched_at": "2025-07-14T15:10:49.470361+00:00", "symbol": "ETH-USD"}, {"trade_id": 666849058, "side": "sell", "size": "0.16584022", "price": "3014.95000000", "time": "2025-07-14T15:10:30.715509Z", "fetched_at": "2025-07-14T15:10:49.470361+00:00", "symbol": "ETH-USD"}, {"trade_id": 666849057, "side": "sell", "size": "0.26097758", "price": "3014.90000000", "time": "2025-07-14T15:10:30.715509Z", "fetched_at": "2025-07-14T15:10:49.470361+00:00", "symbol": "ETH-USD"}, {"trade_id": 666849056, "side": "buy", "size": "0.12645000", "price": "3014.89000000", "time": "2025-07-14T15:10:30.704970Z", "fetched_at": "2025-07-14T15:10:49.470361+00:00", "symbol": "ETH-USD"}, {"trade_id": 666849055, "side": "buy", "size": "0.12645000", "price": "3014.87000000", "time": "2025-07-14T15:10:30.583217Z", "fetched_at": "2025-07-14T15:10:49.470361+00:00", "symbol": "ETH-USD"}, {"trade_id": 666849054, "side": "buy", "size": "0.04724619", "price": "3013.66000000", "time": "2025-07-14T15:10:30.422235Z", "fetched_at": "2025-07-14T15:10:49.470361+00:00", "symbol": "ETH-USD"}, {"trade_id": 666849053, "side": "buy", "size": "0.52225966", "price": "3013.68000000", "time": "2025-07-14T15:10:30.422235Z", "fetched_at": "2025-07-14T15:10:49.470361+00:00", "symbol": "ETH-USD"}, {"trade_id": 666849052, "side": "buy", "size": "0.11567666", "price": "3013.68000000", "time": "2025-07-14T15:10:30.422235Z", "fetched_at": "2025-07-14T15:10:49.470361+00:00", "symbol": "ETH-USD"}, {"trade_id": 666849051, "side": "buy", "size": "0.00100000", "price": "3013.69000000", "time": "2025-07-14T15:10:30.422235Z", "fetched_at": "2025-07-14T15:10:49.470361+00:00", "symbol": "ETH-USD"}, {"trade_id": 666849050, "side": "buy", "size": "0.48820000", "price": "3013.69000000", "time": "2025-07-14T15:10:30.422235Z", "fetched_at": "2025-07-14T15:10:49.470361+00:00", "symbol": "ETH-USD"}, {"trade_id": 666849049, "side": "buy", "size": "0.61012572", "price": "3013.69000000", "time": "2025-07-14T15:10:30.422235Z", "fetched_at": "2025-07-14T15:10:49.470361+00:00", "symbol": "ETH-USD"}, {"trade_id": 666849048, "side": "buy", "size": "0.41297254", "price": "3013.72000000", "time": "2025-07-14T15:10:30.422235Z", "fetched_at": "2025-07-14T15:10:49.470361+00:00", "symbol": "ETH-USD"}, {"trade_id": 666849047, "side": "buy", "size": "0.49737601", "price": "3013.72000000", "time": "2025-07-14T15:10:30.421523Z", "fetched_at": "2025-07-14T15:10:49.470361+00:00", "symbol": "ETH-USD"}, {"trade_id": 666849046, "side": "buy", "size": "0.23421641", "price": "3013.72000000", "time": "2025-07-14T15:10:30.421161Z", "fetched_at": "2025-07-14T15:10:49.470361+00:00", "symbol": "ETH-USD"}, {"trade_id": 666849045, "side": "buy", "size": "0.05551586", "price": "3013.73000000", "time": "2025-07-14T15:10:30.421161Z", "fetched_at": "2025-07-14T15:10:49.470361+00:00", "symbol": "ETH-USD"}, {"trade_id": 666849044, "side": "buy", "size": "0.00199852", "price": "3013.74000000", "time": "2025-07-14T15:10:30.421161Z", "fetched_at": "2025-07-14T15:10:49.470361+00:00", "symbol": "ETH-USD"}, {"trade_id": 666849043, "side": "buy", "size": "0.00696804", "price": "3013.76000000", "time": "2025-07-14T15:10:30.421161Z", "fetched_at": "2025-07-14T15:10:49.470361+00:00", "symbol": "ETH-USD"}, {"trade_id": 666849042, "side": "buy", "size": "0.00097550", "price": "3013.87000000", "time": "2025-07-14T15:10:30.421161Z", "fetched_at": "2025-07-14T15:10:49.470361+00:00", "symbol": "ETH-USD"}, {"trade_id": 666849041, "side": "buy", "size": "0.00331800", "price": "3013.87000000", "time": "2025-07-14T15:10:30.421161Z", "fetched_at": "2025-07-14T15:10:49.470361+00:00", "symbol": "ETH-USD"}, {"trade_id": 666849040, "side": "buy", "size": "0.00100000", "price": "3013.92000000", "time": "2025-07-14T15:10:30.421161Z", "fetched_at": "2025-07-14T15:10:49.470361+00:00", "symbol": "ETH-USD"}, {"trade_id": 666849039, "side": "buy", "size": "0.05469673", "price": "3013.95000000", "time": "2025-07-14T15:10:30.421161Z", "fetched_at": "2025-07-14T15:10:49.470361+00:00", "symbol": "ETH-USD"}, {"trade_id": 666849038, "side": "buy", "size": "0.00034996", "price": "3013.96000000", "time": "2025-07-14T15:10:30.421161Z", "fetched_at": "2025-07-14T15:10:49.470361+00:00", "symbol": "ETH-USD"}, {"trade_id": 666849037, "side": "buy", "size": "0.00049750", "price": "3013.96000000", "time": "2025-07-14T15:10:30.421161Z", "fetched_at": "2025-07-14T15:10:49.470361+00:00", "symbol": "ETH-USD"}, {"trade_id": 666849036, "side": "buy", "size": "0.00040000", "price": "3013.99000000", "time": "2025-07-14T15:10:30.421161Z", "fetched_at": "2025-07-14T15:10:49.470361+00:00", "symbol": "ETH-USD"}, {"trade_id": 666849035, "side": "buy", "size": "0.02163541", "price": "3013.99000000", "time": "2025-07-14T15:10:30.421161Z", "fetched_at": "2025-07-14T15:10:49.470361+00:00", "symbol": "ETH-USD"}, {"trade_id": 666849034, "side": "buy", "size": "0.03222461", "price": "3014.00000000", "time": "2025-07-14T15:10:30.421161Z", "fetched_at": "2025-07-14T15:10:49.470361+00:00", "symbol": "ETH-USD"}, {"trade_id": 666849033, "side": "buy", "size": "0.49459793", "price": "3014.03000000", "time": "2025-07-14T15:10:30.421161Z", "fetched_at": "2025-07-14T15:10:49.470361+00:00", "symbol": "ETH-USD"}, {"trade_id": 666849032, "side": "buy", "size": "0.79173846", "price": "3014.04000000", "time": "2025-07-14T15:10:30.421161Z", "fetched_at": "2025-07-14T15:10:49.470361+00:00", "symbol": "ETH-USD"}, {"trade_id": 666849031, "side": "buy", "size": "0.16587061", "price": "3014.39000000", "time": "2025-07-14T15:10:30.421161Z", "fetched_at": "2025-07-14T15:10:49.470361+00:00", "symbol": "ETH-USD"}, {"trade_id": 666849030, "side": "buy", "size": "0.03771271", "price": "3014.04000000", "time": "2025-07-14T15:10:30.420881Z", "fetched_at": "2025-07-14T15:10:49.470361+00:00", "symbol": "ETH-USD"}, {"trade_id": 666849029, "side": "buy", "size": "0.49737601", "price": "3014.09000000", "time": "2025-07-14T15:10:30.420881Z", "fetched_at": "2025-07-14T15:10:49.470361+00:00", "symbol": "ETH-USD"}, {"trade_id": 666849028, "side": "buy", "size": "0.51055426", "price": "3014.17000000", "time": "2025-07-14T15:10:30.420881Z", "fetched_at": "2025-07-14T15:10:49.470361+00:00", "symbol": "ETH-USD"}, {"trade_id": 666849027, "side": "buy", "size": "0.54469886", "price": "3014.20000000", "time": "2025-07-14T15:10:30.420881Z", "fetched_at": "2025-07-14T15:10:49.470361+00:00", "symbol": "ETH-USD"}, {"trade_id": 666849026, "side": "buy", "size": "0.63315187", "price": "3014.21000000", "time": "2025-07-14T15:10:30.420881Z", "fetched_at": "2025-07-14T15:10:49.470361+00:00", "symbol": "ETH-USD"}, {"trade_id": 666849025, "side": "buy", "size": "0.33297424", "price": "3014.49000000", "time": "2025-07-14T15:10:30.420881Z", "fetched_at": "2025-07-14T15:10:49.470361+00:00", "symbol": "ETH-USD"}, {"trade_id": 666849024, "side": "buy", "size": "0.49740210", "price": "3014.22000000", "time": "2025-07-14T15:10:30.405246Z", "fetched_at": "2025-07-14T15:10:49.470361+00:00", "symbol": "ETH-USD"}, {"trade_id": 666849023, "side": "buy", "size": "0.38248047", "price": "3014.26000000", "time": "2025-07-14T15:10:30.405246Z", "fetched_at": "2025-07-14T15:10:49.470361+00:00", "symbol": "ETH-USD"}, {"trade_id": 666849022, "side": "buy", "size": "0.18861852", "price": "3014.26000000", "time": "2025-07-14T15:10:30.405090Z", "fetched_at": "2025-07-14T15:10:49.470361+00:00", "symbol": "ETH-USD"}, {"trade_id": 666849021, "side": "buy", "size": "0.82684000", "price": "3014.31000000", "time": "2025-07-14T15:10:30.405090Z", "fetched_at": "2025-07-14T15:10:49.470361+00:00", "symbol": "ETH-USD"}, {"trade_id": 666849020, "side": "buy", "size": "0.48600000", "price": "3014.38000000", "time": "2025-07-14T15:10:30.405090Z", "fetched_at": "2025-07-14T15:10:49.470361+00:00", "symbol": "ETH-USD"}, {"trade_id": 666849019, "side": "buy", "size": "0.39388257", "price": "3014.39000000", "time": "2025-07-14T15:10:30.405090Z", "fetched_at": "2025-07-14T15:10:49.470361+00:00", "symbol": "ETH-USD"}, {"trade_id": 666849018, "side": "buy", "size": "0.43546998", "price": "3014.39000000", "time": "2025-07-14T15:10:30.404884Z", "fetched_at": "2025-07-14T15:10:49.470361+00:00", "symbol": "ETH-USD"}, {"trade_id": 666849017, "side": "buy", "size": "1.01843571", "price": "3014.40000000", "time": "2025-07-14T15:10:30.404884Z", "fetched_at": "2025-07-14T15:10:49.470361+00:00", "symbol": "ETH-USD"}, {"trade_id": 666849016, "side": "buy", "size": "0.31793921", "price": "3014.40000000", "time": "2025-07-14T15:10:30.404645Z", "fetched_at": "2025-07-14T15:10:49.470361+00:00", "symbol": "ETH-USD"}, {"trade_id": 666849015, "side": "buy", "size": "0.36453030", "price": "3014.52000000", "time": "2025-07-14T15:10:30.404645Z", "fetched_at": "2025-07-14T15:10:49.470361+00:00", "symbol": "ETH-USD"}, {"trade_id": 666849014, "side": "buy", "size": "0.90271000", "price": "3014.53000000", "time": "2025-07-14T15:10:30.404645Z", "fetched_at": "2025-07-14T15:10:49.470361+00:00", "symbol": "ETH-USD"}, {"trade_id": 666849013, "side": "buy", "size": "0.76055098", "price": "3014.54000000", "time": "2025-07-14T15:10:30.404645Z", "fetched_at": "2025-07-14T15:10:49.470361+00:00", "symbol": "ETH-USD"}, {"trade_id": 666849012, "side": "buy", "size": "0.16586220", "price": "3014.55000000", "time": "2025-07-14T15:10:30.404645Z", "fetched_at": "2025-07-14T15:10:49.470361+00:00", "symbol": "ETH-USD"}, {"trade_id": 666849011, "side": "buy", "size": "0.15000000", "price": "3014.55000000", "time": "2025-07-14T15:10:30.404645Z", "fetched_at": "2025-07-14T15:10:49.470361+00:00", "symbol": "ETH-USD"}, {"trade_id": 666849010, "side": "buy", "size": "0.00100000", "price": "3014.61000000", "time": "2025-07-14T15:10:30.404645Z", "fetched_at": "2025-07-14T15:10:49.470361+00:00", "symbol": "ETH-USD"}, {"trade_id": 666849009, "side": "buy", "size": "0.12645000", "price": "3014.81000000", "time": "2025-07-14T15:10:30.404645Z", "fetched_at": "2025-07-14T15:10:49.470361+00:00", "symbol": "ETH-USD"}, {"trade_id": 666849008, "side": "buy", "size": "0.04839257", "price": "3014.21000000", "time": "2025-07-14T15:10:29.893468Z", "fetched_at": "2025-07-14T15:10:49.470361+00:00", "symbol": "ETH-USD"}, {"trade_id": 666849007, "side": "buy", "size": "0.32712642", "price": "3014.25000000", "time": "2025-07-14T15:10:29.893468Z", "fetched_at": "2025-07-14T15:10:49.470361+00:00", "symbol": "ETH-USD"}, {"trade_id": 666849006, "side": "buy", "size": "0.30399511", "price": "3014.26000000", "time": "2025-07-14T15:10:29.893468Z", "fetched_at": "2025-07-14T15:10:49.470361+00:00", "symbol": "ETH-USD"}, {"trade_id": 666849005, "side": "buy", "size": "0.37867292", "price": "3014.27000000", "time": "2025-07-14T15:10:29.893468Z", "fetched_at": "2025-07-14T15:10:49.470361+00:00", "symbol": "ETH-USD"}, {"trade_id": 666849004, "side": "buy", "size": "0.11785687", "price": "3014.28000000", "time": "2025-07-14T15:10:29.893468Z", "fetched_at": "2025-07-14T15:10:49.470361+00:00", "symbol": "ETH-USD"}, {"trade_id": 666849003, "side": "buy", "size": "0.82934885", "price": "3014.41000000", "time": "2025-07-14T15:10:29.893468Z", "fetched_at": "2025-07-14T15:10:49.470361+00:00", "symbol": "ETH-USD"}, {"trade_id": 666849002, "side": "buy", "size": "0.00791538", "price": "3014.42000000", "time": "2025-07-14T15:10:29.893468Z", "fetched_at": "2025-07-14T15:10:49.470361+00:00", "symbol": "ETH-USD"}, {"trade_id": 666849001, "side": "buy", "size": "0.20702323", "price": "3014.42000000", "time": "2025-07-14T15:10:29.893455Z", "fetched_at": "2025-07-14T15:10:49.470361+00:00", "symbol": "ETH-USD"}, {"trade_id": 666849000, "side": "buy", "size": "0.63877681", "price": "3014.69000000", "time": "2025-07-14T15:10:29.893455Z", "fetched_at": "2025-07-14T15:10:49.470361+00:00", "symbol": "ETH-USD"}, {"trade_id": 666848999, "side": "buy", "size": "0.28247080", "price": "3014.42000000", "time": "2025-07-14T15:10:29.893038Z", "fetched_at": "2025-07-14T15:10:49.470361+00:00", "symbol": "ETH-USD"}, {"trade_id": 666848998, "side": "buy", "size": "0.56772188", "price": "3014.42000000", "time": "2025-07-14T15:10:29.893038Z", "fetched_at": "2025-07-14T15:10:49.470361+00:00", "symbol": "ETH-USD"}, {"trade_id": 666848997, "side": "buy", "size": "0.13531729", "price": "3014.55000000", "time": "2025-07-14T15:10:29.893038Z", "fetched_at": "2025-07-14T15:10:49.470361+00:00", "symbol": "ETH-USD"}, {"trade_id": 666848996, "side": "buy", "size": "0.82931073", "price": "3014.55000000", "time": "2025-07-14T15:10:29.893038Z", "fetched_at": "2025-07-14T15:10:49.470361+00:00", "symbol": "ETH-USD"}, {"trade_id": 666848995, "side": "buy", "size": "0.82640000", "price": "3014.72000000", "time": "2025-07-14T15:10:29.893038Z", "fetched_at": "2025-07-14T15:10:49.470361+00:00", "symbol": "ETH-USD"}, {"trade_id": 666848994, "side": "buy", "size": "0.52481927", "price": "3014.73000000", "time": "2025-07-14T15:10:29.893038Z", "fetched_at": "2025-07-14T15:10:49.470361+00:00", "symbol": "ETH-USD"}, {"trade_id": 666848993, "side": "buy", "size": "0.81073156", "price": "3014.74000000", "time": "2025-07-14T15:10:29.893038Z", "fetched_at": "2025-07-14T15:10:49.470361+00:00", "symbol": "ETH-USD"}, {"trade_id": 666848992, "side": "buy", "size": "0.16584102", "price": "3014.93000000", "time": "2025-07-14T15:10:29.893038Z", "fetched_at": "2025-07-14T15:10:49.470361+00:00", "symbol": "ETH-USD"}, {"trade_id": 666848991, "side": "buy", "size": "0.32043564", "price": "3015.11000000", "time": "2025-07-14T15:10:29.893038Z", "fetched_at": "2025-07-14T15:10:49.470361+00:00", "symbol": "ETH-USD"}, {"trade_id": 666848990, "side": "buy", "size": "0.00034338", "price": "3015.12000000", "time": "2025-07-14T15:10:29.893038Z", "fetched_at": "2025-07-14T15:10:49.470361+00:00", "symbol": "ETH-USD"}, {"trade_id": 666848989, "side": "buy", "size": "0.00003316", "price": "3015.54000000", "time": "2025-07-14T15:10:29.893038Z", "fetched_at": "2025-07-14T15:10:49.470361+00:00", "symbol": "ETH-USD"}, {"trade_id": 666848988, "side": "buy", "size": "0.00177745", "price": "3015.54000000", "time": "2025-07-14T15:10:29.893038Z", "fetched_at": "2025-07-14T15:10:49.470361+00:00", "symbol": "ETH-USD"}, {"trade_id": 666848987, "side": "buy", "size": "0.00038032", "price": "3015.54000000", "time": "2025-07-14T15:10:29.423356Z", "fetched_at": "2025-07-14T15:10:49.470361+00:00", "symbol": "ETH-USD"}, {"trade_id": 666848986, "side": "buy", "size": "0.33248858", "price": "3014.51000000", "time": "2025-07-14T15:10:29.279079Z", "fetched_at": "2025-07-14T15:10:49.470361+00:00", "symbol": "ETH-USD"}, {"trade_id": 666848985, "side": "buy", "size": "0.90271000", "price": "3014.53000000", "time": "2025-07-14T15:10:29.279079Z", "fetched_at": "2025-07-14T15:10:49.470361+00:00", "symbol": "ETH-USD"}, {"trade_id": 666848984, "side": "buy", "size": "0.66542477", "price": "3014.54000000", "time": "2025-07-14T15:10:29.279079Z", "fetched_at": "2025-07-14T15:10:49.470361+00:00", "symbol": "ETH-USD"}, {"trade_id": 666848983, "side": "buy", "size": "0.16780123", "price": "3014.54000000", "time": "2025-07-14T15:10:29.276881Z", "fetched_at": "2025-07-14T15:10:49.470361+00:00", "symbol": "ETH-USD"}, {"trade_id": 666848982, "side": "buy", "size": "0.54981801", "price": "3014.63000000", "time": "2025-07-14T15:10:29.276881Z", "fetched_at": "2025-07-14T15:10:49.470361+00:00", "symbol": "ETH-USD"}, {"trade_id": 666848981, "side": "buy", "size": "0.49741486", "price": "3014.64000000", "time": "2025-07-14T15:10:29.276881Z", "fetched_at": "2025-07-14T15:10:49.470361+00:00", "symbol": "ETH-USD"}, {"trade_id": 666848980, "side": "buy", "size": "0.53211885", "price": "3014.69000000", "time": "2025-07-14T15:10:29.276881Z", "fetched_at": "2025-07-14T15:10:49.470361+00:00", "symbol": "ETH-USD"}, {"trade_id": 666848979, "side": "buy", "size": "0.83155918", "price": "3014.70000000", "time": "2025-07-14T15:10:29.276881Z", "fetched_at": "2025-07-14T15:10:49.470361+00:00", "symbol": "ETH-USD"}, {"trade_id": 666848978, "side": "buy", "size": "0.21516022", "price": "3014.71000000", "time": "2025-07-14T15:10:29.276881Z", "fetched_at": "2025-07-14T15:10:49.470361+00:00", "symbol": "ETH-USD"}, {"trade_id": 666848977, "side": "buy", "size": "0.00100000", "price": "3014.84000000", "time": "2025-07-14T15:10:29.276881Z", "fetched_at": "2025-07-14T15:10:49.470361+00:00", "symbol": "ETH-USD"}, {"trade_id": 666848976, "side": "buy", "size": "0.00049737", "price": "3014.87000000", "time": "2025-07-14T15:10:29.276881Z", "fetched_at": "2025-07-14T15:10:49.470361+00:00", "symbol": "ETH-USD"}, {"trade_id": 666848975, "side": "buy", "size": "0.82920025", "price": "3014.95000000", "time": "2025-07-14T15:10:29.276881Z", "fetched_at": "2025-07-14T15:10:49.470361+00:00", "symbol": "ETH-USD"}, {"trade_id": 666848974, "side": "buy", "size": "0.00100000", "price": "3015.07000000", "time": "2025-07-14T15:10:29.276881Z", "fetched_at": "2025-07-14T15:10:49.470361+00:00", "symbol": "ETH-USD"}, {"trade_id": 666848973, "side": "buy", "size": "0.49749174", "price": "3015.13000000", "time": "2025-07-14T15:10:29.276881Z", "fetched_at": "2025-07-14T15:10:49.470361+00:00", "symbol": "ETH-USD"}, {"trade_id": 666848972, "side": "buy", "size": "0.35774074", "price": "3015.20000000", "time": "2025-07-14T15:10:29.276881Z", "fetched_at": "2025-07-14T15:10:49.470361+00:00", "symbol": "ETH-USD"}, {"trade_id": 666848971, "side": "buy", "size": "0.06381955", "price": "3015.22000000", "time": "2025-07-14T15:10:29.276881Z", "fetched_at": "2025-07-14T15:10:49.470361+00:00", "symbol": "ETH-USD"}, {"trade_id": 666848970, "side": "buy", "size": "0.00100000", "price": "3015.30000000", "time": "2025-07-14T15:10:29.276881Z", "fetched_at": "2025-07-14T15:10:49.470361+00:00", "symbol": "ETH-USD"}, {"trade_id": 666848969, "side": "buy", "size": "0.09999999", "price": "3015.70000000", "time": "2025-07-14T15:10:29.270845Z", "fetched_at": "2025-07-14T15:10:49.470361+00:00", "symbol": "ETH-USD"}, {"trade_id": 666848968, "side": "buy", "size": "0.02857881", "price": "3015.87000000", "time": "2025-07-14T15:10:29.214982Z", "fetched_at": "2025-07-14T15:10:49.470361+00:00", "symbol": "ETH-USD"}, {"trade_id": 666848967, "side": "buy", "size": "0.00355452", "price": "3015.87000000", "time": "2025-07-14T15:10:29.214982Z", "fetched_at": "2025-07-14T15:10:49.470361+00:00", "symbol": "ETH-USD"}, {"trade_id": 666848966, "side": "buy", "size": "0.00038012", "price": "3015.87000000", "time": "2025-07-14T15:10:29.214982Z", "fetched_at": "2025-07-14T15:10:49.470361+00:00", "symbol": "ETH-USD"}, {"trade_id": 666848965, "side": "sell", "size": "0.03197227", "price": "3015.88000000", "time": "2025-07-14T15:10:28.427132Z", "fetched_at": "2025-07-14T15:10:49.470361+00:00", "symbol": "ETH-USD"}, {"trade_id": 666848964, "side": "sell", "size": "0.00025146", "price": "3015.88000000", "time": "2025-07-14T15:10:28.427132Z", "fetched_at": "2025-07-14T15:10:49.470361+00:00", "symbol": "ETH-USD"}, {"trade_id": 666848963, "side": "buy", "size": "0.00042676", "price": "3015.95000000", "time": "2025-07-14T15:10:28.114365Z", "fetched_at": "2025-07-14T15:10:49.470361+00:00", "symbol": "ETH-USD"}, {"trade_id": 666848962, "side": "sell", "size": "0.03603705", "price": "3015.96000000", "time": "2025-07-14T15:10:28.104415Z", "fetched_at": "2025-07-14T15:10:49.470361+00:00", "symbol": "ETH-USD"}, {"trade_id": 666848961, "side": "sell", "size": "0.00012155", "price": "3015.88000000", "time": "2025-07-14T15:10:28.104415Z", "fetched_at": "2025-07-14T15:10:49.470361+00:00", "symbol": "ETH-USD"}, {"trade_id": 666848960, "side": "buy", "size": "0.14392019", "price": "3015.87000000", "time": "2025-07-14T15:10:27.909239Z", "fetched_at": "2025-07-14T15:10:49.470361+00:00", "symbol": "ETH-USD"}, {"trade_id": 666848959, "side": "buy", "size": "0.00563353", "price": "3015.87000000", "time": "2025-07-14T15:10:27.909239Z", "fetched_at": "2025-07-14T15:10:49.470361+00:00", "symbol": "ETH-USD"}, {"trade_id": 666848958, "side": "buy", "size": "0.00044628", "price": "3015.87000000", "time": "2025-07-14T15:10:27.909239Z", "fetched_at": "2025-07-14T15:10:49.470361+00:00", "symbol": "ETH-USD"}, {"trade_id": 666848957, "side": "buy", "size": "0.31532504", "price": "3015.58000000", "time": "2025-07-14T15:10:27.572657Z", "fetched_at": "2025-07-14T15:10:49.470361+00:00", "symbol": "ETH-USD"}, {"trade_id": 666848956, "side": "buy", "size": "0.00044628", "price": "3015.87000000", "time": "2025-07-14T15:10:27.572657Z", "fetched_at": "2025-07-14T15:10:49.470361+00:00", "symbol": "ETH-USD"}, {"trade_id": 666848955, "side": "buy", "size": "0.12645000", "price": "3015.87000000", "time": "2025-07-14T15:10:27.124886Z", "fetched_at": "2025-07-14T15:10:49.470361+00:00", "symbol": "ETH-USD"}, {"trade_id": 666848954, "side": "sell", "size": "0.00031521", "price": "3015.88000000", "time": "2025-07-14T15:10:27.042504Z", "fetched_at": "2025-07-14T15:10:49.470361+00:00", "symbol": "ETH-USD"}, {"trade_id": 666848953, "side": "sell", "size": "0.30000000", "price": "3015.80000000", "time": "2025-07-14T15:10:26.924067Z", "fetched_at": "2025-07-14T15:10:49.470361+00:00", "symbol": "ETH-USD"}, {"trade_id": 666848952, "side": "sell", "size": "0.00100000", "price": "3015.76000000", "time": "2025-07-14T15:10:26.924067Z", "fetched_at": "2025-07-14T15:10:49.470361+00:00", "symbol": "ETH-USD"}, {"trade_id": 666848951, "side": "sell", "size": "0.00100000", "price": "3015.53000000", "time": "2025-07-14T15:10:26.924067Z", "fetched_at": "2025-07-14T15:10:49.470361+00:00", "symbol": "ETH-USD"}, {"trade_id": 666848950, "side": "sell", "size": "0.00001409", "price": "3015.53000000", "time": "2025-07-14T15:10:26.924067Z", "fetched_at": "2025-07-14T15:10:49.470361+00:00", "symbol": "ETH-USD"}, {"trade_id": 666848949, "side": "sell", "size": "0.00007841", "price": "3015.53000000", "time": "2025-07-14T15:10:26.924067Z", "fetched_at": "2025-07-14T15:10:49.470361+00:00", "symbol": "ETH-USD"}, {"trade_id": 666848948, "side": "sell", "size": "0.00009082", "price": "3015.53000000", "time": "2025-07-14T15:10:26.924067Z", "fetched_at": "2025-07-14T15:10:49.470361+00:00", "symbol": "ETH-USD"}, {"trade_id": 666848947, "side": "sell", "size": "1.37220122", "price": "3015.47000000", "time": "2025-07-14T15:10:26.733608Z", "fetched_at": "2025-07-14T15:10:49.470361+00:00", "symbol": "ETH-USD"}, {"trade_id": 666848946, "side": "sell", "size": "0.00263260", "price": "3014.82000000", "time": "2025-07-14T15:10:26.058303Z", "fetched_at": "2025-07-14T15:10:49.470361+00:00", "symbol": "ETH-USD"}, {"trade_id": 666848945, "side": "sell", "size": "0.00000331", "price": "3014.90000000", "time": "2025-07-14T15:10:25.979966Z", "fetched_at": "2025-07-14T15:10:49.470361+00:00", "symbol": "ETH-USD"}, {"trade_id": 666848944, "side": "sell", "size": "0.00000663", "price": "3014.90000000", "time": "2025-07-14T15:10:25.963327Z", "fetched_at": "2025-07-14T15:10:49.470361+00:00", "symbol": "ETH-USD"}, {"trade_id": 666848943, "side": "sell", "size": "0.00763618", "price": "3014.90000000", "time": "2025-07-14T15:10:25.945055Z", "fetched_at": "2025-07-14T15:10:49.470361+00:00", "symbol": "ETH-USD"}, {"trade_id": 666848942, "side": "sell", "size": "0.01923296", "price": "3014.89000000", "time": "2025-07-14T15:10:25.945055Z", "fetched_at": "2025-07-14T15:10:49.470361+00:00", "symbol": "ETH-USD"}, {"trade_id": 666848941, "side": "buy", "size": "0.00618963", "price": "3014.38000000", "time": "2025-07-14T15:10:25.933586Z", "fetched_at": "2025-07-14T15:10:49.470361+00:00", "symbol": "ETH-USD"}, {"trade_id": 666848940, "side": "buy", "size": "0.12645000", "price": "3014.63000000", "time": "2025-07-14T15:10:25.933586Z", "fetched_at": "2025-07-14T15:10:49.470361+00:00", "symbol": "ETH-USD"}, {"trade_id": 666848939, "side": "sell", "size": "0.05600000", "price": "3014.89000000", "time": "2025-07-14T15:10:25.920775Z", "fetched_at": "2025-07-14T15:10:49.470361+00:00", "symbol": "ETH-USD"}, {"trade_id": 666848938, "side": "sell", "size": "0.11736493", "price": "3014.88000000", "time": "2025-07-14T15:10:25.672626Z", "fetched_at": "2025-07-14T15:10:49.470361+00:00", "symbol": "ETH-USD"}, {"trade_id": 666848937, "side": "sell", "size": "0.09664012", "price": "3014.71000000", "time": "2025-07-14T15:10:25.672626Z", "fetched_at": "2025-07-14T15:10:49.470361+00:00", "symbol": "ETH-USD"}, {"trade_id": 666848936, "side": "sell", "size": "0.19389849", "price": "3014.72000000", "time": "2025-07-14T15:10:25.652765Z", "fetched_at": "2025-07-14T15:10:49.470361+00:00", "symbol": "ETH-USD"}, {"trade_id": 666848935, "side": "buy", "size": "0.73916611", "price": "3014.09000000", "time": "2025-07-14T15:10:25.577159Z", "fetched_at": "2025-07-14T15:10:49.470361+00:00", "symbol": "ETH-USD"}, {"trade_id": 666848934, "side": "buy", "size": "0.82943745", "price": "3014.09000000", "time": "2025-07-14T15:10:25.577159Z", "fetched_at": "2025-07-14T15:10:49.470361+00:00", "symbol": "ETH-USD"}, {"trade_id": 666848933, "side": "buy", "size": "0.19223362", "price": "3014.10000000", "time": "2025-07-14T15:10:25.577159Z", "fetched_at": "2025-07-14T15:10:49.470361+00:00", "symbol": "ETH-USD"}, {"trade_id": 666848932, "side": "buy", "size": "0.00100000", "price": "3014.15000000", "time": "2025-07-14T15:10:25.577159Z", "fetched_at": "2025-07-14T15:10:49.470361+00:00", "symbol": "ETH-USD"}, {"trade_id": 666848931, "side": "buy", "size": "0.62124217", "price": "3014.21000000", "time": "2025-07-14T15:10:25.577159Z", "fetched_at": "2025-07-14T15:10:49.470361+00:00", "symbol": "ETH-USD"}, {"trade_id": 666848930, "side": "buy", "size": "1.86469450", "price": "3014.38000000", "time": "2025-07-14T15:10:25.577159Z", "fetched_at": "2025-07-14T15:10:49.470361+00:00", "symbol": "ETH-USD"}, {"trade_id": 666848929, "side": "buy", "size": "0.00100000", "price": "3014.38000000", "time": "2025-07-14T15:10:25.577159Z", "fetched_at": "2025-07-14T15:10:49.470361+00:00", "symbol": "ETH-USD"}, {"trade_id": 666848928, "side": "buy", "size": "0.90099477", "price": "3014.39000000", "time": "2025-07-14T15:10:25.577159Z", "fetched_at": "2025-07-14T15:10:49.470361+00:00", "symbol": "ETH-USD"}, {"trade_id": 666848927, "side": "buy", "size": "0.07185605", "price": "3014.40000000", "time": "2025-07-14T15:10:25.577159Z", "fetched_at": "2025-07-14T15:10:49.470361+00:00", "symbol": "ETH-USD"}, {"trade_id": 666848926, "side": "buy", "size": "0.21842193", "price": "3014.39000000", "time": "2025-07-14T15:10:25.574556Z", "fetched_at": "2025-07-14T15:10:49.470361+00:00", "symbol": "ETH-USD"}, {"trade_id": 666848925, "side": "buy", "size": "0.32550081", "price": "3014.73000000", "time": "2025-07-14T15:10:25.573094Z", "fetched_at": "2025-07-14T15:10:49.470361+00:00", "symbol": "ETH-USD"}, {"trade_id": 666848924, "side": "buy", "size": "0.15000000", "price": "3014.74000000", "time": "2025-07-14T15:10:25.573094Z", "fetched_at": "2025-07-14T15:10:49.470361+00:00", "symbol": "ETH-USD"}, {"trade_id": 666848923, "side": "buy", "size": "0.00100000", "price": "3014.84000000", "time": "2025-07-14T15:10:25.573094Z", "fetched_at": "2025-07-14T15:10:49.470361+00:00", "symbol": "ETH-USD"}, {"trade_id": 666848922, "side": "buy", "size": "0.02693118", "price": "3015.00000000", "time": "2025-07-14T15:10:25.572235Z", "fetched_at": "2025-07-14T15:10:49.470361+00:00", "symbol": "ETH-USD"}, {"trade_id": 666848921, "side": "buy", "size": "0.00002320", "price": "3015.00000000", "time": "2025-07-14T15:10:25.572235Z", "fetched_at": "2025-07-14T15:10:49.470361+00:00", "symbol": "ETH-USD"}, {"trade_id": 666848920, "side": "buy", "size": "0.19146755", "price": "3015.08000000", "time": "2025-07-14T15:10:25.572235Z", "fetched_at": "2025-07-14T15:10:49.470361+00:00", "symbol": "ETH-USD"}, {"trade_id": 666848919, "side": "buy", "size": "0.03394456", "price": "3015.21000000", "time": "2025-07-14T15:10:25.452003Z", "fetched_at": "2025-07-14T15:10:49.470361+00:00", "symbol": "ETH-USD"}, {"trade_id": 666848918, "side": "sell", "size": "0.08700512", "price": "3015.25000000", "time": "2025-07-14T15:10:25.261293Z", "fetched_at": "2025-07-14T15:10:49.470361+00:00", "symbol": "ETH-USD"}, {"trade_id": 666848917, "side": "sell", "size": "0.04090000", "price": "3015.44000000", "time": "2025-07-14T15:10:24.173695Z", "fetched_at": "2025-07-14T15:10:49.470361+00:00", "symbol": "ETH-USD"}, {"trade_id": 666848916, "side": "buy", "size": "0.24896823", "price": "3014.32000000", "time": "2025-07-14T15:10:23.946588Z", "fetched_at": "2025-07-14T15:10:49.470361+00:00", "symbol": "ETH-USD"}, {"trade_id": 666848915, "side": "buy", "size": "0.03415139", "price": "3014.34000000", "time": "2025-07-14T15:10:23.946588Z", "fetched_at": "2025-07-14T15:10:49.470361+00:00", "symbol": "ETH-USD"}, {"trade_id": 666848914, "side": "buy", "size": "0.69485263", "price": "3014.37000000", "time": "2025-07-14T15:10:23.946588Z", "fetched_at": "2025-07-14T15:10:49.470361+00:00", "symbol": "ETH-USD"}, {"trade_id": 666848913, "side": "buy", "size": "0.49740007", "price": "3014.38000000", "time": "2025-07-14T15:10:23.946588Z", "fetched_at": "2025-07-14T15:10:49.470361+00:00", "symbol": "ETH-USD"}, {"trade_id": 666848912, "side": "buy", "size": "0.00100000", "price": "3014.38000000", "time": "2025-07-14T15:10:23.946588Z", "fetched_at": "2025-07-14T15:10:49.470361+00:00", "symbol": "ETH-USD"}, {"trade_id": 666848911, "side": "buy", "size": "0.83889000", "price": "3014.40000000", "time": "2025-07-14T15:10:23.946588Z", "fetched_at": "2025-07-14T15:10:49.470361+00:00", "symbol": "ETH-USD"}, {"trade_id": 666848910, "side": "buy", "size": "0.01574098", "price": "3014.43000000", "time": "2025-07-14T15:10:23.946588Z", "fetched_at": "2025-07-14T15:10:49.470361+00:00", "symbol": "ETH-USD"}, {"trade_id": 666848909, "side": "buy", "size": "0.01463577", "price": "3014.48000000", "time": "2025-07-14T15:10:23.946588Z", "fetched_at": "2025-07-14T15:10:49.470361+00:00", "symbol": "ETH-USD"}, {"trade_id": 666848908, "side": "buy", "size": "0.30399511", "price": "3014.50000000", "time": "2025-07-14T15:10:23.946588Z", "fetched_at": "2025-07-14T15:10:49.470361+00:00", "symbol": "ETH-USD"}, {"trade_id": 666848907, "side": "buy", "size": "0.50095253", "price": "3014.50000000", "time": "2025-07-14T15:10:23.946588Z", "fetched_at": "2025-07-14T15:10:49.470361+00:00", "symbol": "ETH-USD"}, {"trade_id": 666848906, "side": "buy", "size": "1.04282063", "price": "3014.55000000", "time": "2025-07-14T15:10:23.946588Z", "fetched_at": "2025-07-14T15:10:49.470361+00:00", "symbol": "ETH-USD"}, {"trade_id": 666848905, "side": "buy", "size": "0.82930734", "price": "3014.56000000", "time": "2025-07-14T15:10:23.946588Z", "fetched_at": "2025-07-14T15:10:49.470361+00:00", "symbol": "ETH-USD"}, {"trade_id": 666848904, "side": "buy", "size": "0.23431113", "price": "3014.57000000", "time": "2025-07-14T15:10:23.946588Z", "fetched_at": "2025-07-14T15:10:49.470361+00:00", "symbol": "ETH-USD"}, {"trade_id": 666848903, "side": "buy", "size": "0.00100000", "price": "3014.61000000", "time": "2025-07-14T15:10:23.946588Z", "fetched_at": "2025-07-14T15:10:49.470361+00:00", "symbol": "ETH-USD"}, {"trade_id": 666848902, "side": "buy", "size": "0.56631046", "price": "3014.62000000", "time": "2025-07-14T15:10:23.946588Z", "fetched_at": "2025-07-14T15:10:49.470361+00:00", "symbol": "ETH-USD"}, {"trade_id": 666848901, "side": "buy", "size": "0.82826213", "price": "3014.69000000", "time": "2025-07-14T15:10:23.946588Z", "fetched_at": "2025-07-14T15:10:49.470361+00:00", "symbol": "ETH-USD"}, {"trade_id": 666848900, "side": "buy", "size": "0.82295000", "price": "3014.72000000", "time": "2025-07-14T15:10:23.946588Z", "fetched_at": "2025-07-14T15:10:49.470361+00:00", "symbol": "ETH-USD"}, {"trade_id": 666848899, "side": "buy", "size": "0.62716679", "price": "3014.74000000", "time": "2025-07-14T15:10:23.946588Z", "fetched_at": "2025-07-14T15:10:49.470361+00:00", "symbol": "ETH-USD"}, {"trade_id": 666848898, "side": "buy", "size": "0.00100000", "price": "3014.84000000", "time": "2025-07-14T15:10:23.946588Z", "fetched_at": "2025-07-14T15:10:49.470361+00:00", "symbol": "ETH-USD"}, {"trade_id": 666848897, "side": "buy", "size": "0.47033611", "price": "3014.85000000", "time": "2025-07-14T15:10:23.946588Z", "fetched_at": "2025-07-14T15:10:49.470361+00:00", "symbol": "ETH-USD"}, {"trade_id": 666848896, "side": "buy", "size": "0.00049737", "price": "3014.87000000", "time": "2025-07-14T15:10:23.946588Z", "fetched_at": "2025-07-14T15:10:49.470361+00:00", "symbol": "ETH-USD"}, {"trade_id": 666848895, "side": "buy", "size": "0.34566308", "price": "3014.90000000", "time": "2025-07-14T15:10:23.946588Z", "fetched_at": "2025-07-14T15:10:49.470361+00:00", "symbol": "ETH-USD"}, {"trade_id": 666848894, "side": "buy", "size": "0.48989794", "price": "3014.91000000", "time": "2025-07-14T15:10:23.946588Z", "fetched_at": "2025-07-14T15:10:49.470361+00:00", "symbol": "ETH-USD"}, {"trade_id": 666848893, "side": "buy", "size": "0.12523680", "price": "3015.00000000", "time": "2025-07-14T15:10:23.946588Z", "fetched_at": "2025-07-14T15:10:49.470361+00:00", "symbol": "ETH-USD"}, {"trade_id": 666848892, "side": "buy", "size": "0.00016908", "price": "3015.00000000", "time": "2025-07-14T15:10:23.946588Z", "fetched_at": "2025-07-14T15:10:49.470361+00:00", "symbol": "ETH-USD"}, {"trade_id": 666848891, "side": "buy", "size": "0.00003315", "price": "3015.00000000", "time": "2025-07-14T15:10:23.946588Z", "fetched_at": "2025-07-14T15:10:49.470361+00:00", "symbol": "ETH-USD"}, {"trade_id": 666848890, "side": "buy", "size": "0.15000000", "price": "3015.01000000", "time": "2025-07-14T15:10:23.946588Z", "fetched_at": "2025-07-14T15:10:49.470361+00:00", "symbol": "ETH-USD"}, {"trade_id": 666848889, "side": "buy", "size": "0.02772800", "price": "3015.02000000", "time": "2025-07-14T15:10:23.946588Z", "fetched_at": "2025-07-14T15:10:49.470361+00:00", "symbol": "ETH-USD"}, {"trade_id": 666848888, "side": "buy", "size": "0.00100000", "price": "3015.07000000", "time": "2025-07-14T15:10:23.946588Z", "fetched_at": "2025-07-14T15:10:49.470361+00:00", "symbol": "ETH-USD"}, {"trade_id": 666848887, "side": "buy", "size": "0.00173140", "price": "3015.08000000", "time": "2025-07-14T15:10:23.946588Z", "fetched_at": "2025-07-14T15:10:49.470361+00:00", "symbol": "ETH-USD"}, {"trade_id": 666848886, "side": "buy", "size": "0.02698767", "price": "3015.08000000", "time": "2025-07-14T15:10:23.946588Z", "fetched_at": "2025-07-14T15:10:49.470361+00:00", "symbol": "ETH-USD"}, {"trade_id": 666848885, "side": "buy", "size": "0.11038378", "price": "3015.08000000", "time": "2025-07-14T15:10:23.946588Z", "fetched_at": "2025-07-14T15:10:49.470361+00:00", "symbol": "ETH-USD"}, {"trade_id": 666848884, "side": "buy", "size": "0.44339080", "price": "3015.21000000", "time": "2025-07-14T15:10:23.946588Z", "fetched_at": "2025-07-14T15:10:49.470361+00:00", "symbol": "ETH-USD"}, {"trade_id": 666848883, "side": "buy", "size": "0.01704006", "price": "3015.21000000", "time": "2025-07-14T15:10:23.834815Z", "fetched_at": "2025-07-14T15:10:49.470361+00:00", "symbol": "ETH-USD"}, {"trade_id": 666848882, "side": "buy", "size": "0.01645822", "price": "3015.21000000", "time": "2025-07-14T15:10:23.834815Z", "fetched_at": "2025-07-14T15:10:49.470361+00:00", "symbol": "ETH-USD"}, {"trade_id": 666848881, "side": "buy", "size": "0.51341016", "price": "3015.37000000", "time": "2025-07-14T15:10:23.730618Z", "fetched_at": "2025-07-14T15:10:49.470361+00:00", "symbol": "ETH-USD"}, {"trade_id": 666848880, "side": "sell", "size": "0.00269159", "price": "3015.68000000", "time": "2025-07-14T15:10:23.546645Z", "fetched_at": "2025-07-14T15:10:49.470361+00:00", "symbol": "ETH-USD"}, {"trade_id": 666848879, "side": "sell", "size": "0.00011178", "price": "3015.55000000", "time": "2025-07-14T15:10:23.546645Z", "fetched_at": "2025-07-14T15:10:49.470361+00:00", "symbol": "ETH-USD"}, {"trade_id": 666848878, "side": "sell", "size": "0.00062006", "price": "3015.55000000", "time": "2025-07-14T15:10:23.546645Z", "fetched_at": "2025-07-14T15:10:49.470361+00:00", "symbol": "ETH-USD"}, {"trade_id": 666848877, "side": "sell", "size": "0.00010349", "price": "3015.55000000", "time": "2025-07-14T15:10:23.546645Z", "fetched_at": "2025-07-14T15:10:49.470361+00:00", "symbol": "ETH-USD"}, {"trade_id": 666848876, "side": "sell", "size": "0.00276424", "price": "3015.54000000", "time": "2025-07-14T15:10:23.546645Z", "fetched_at": "2025-07-14T15:10:49.470361+00:00", "symbol": "ETH-USD"}, {"trade_id": 666848875, "side": "buy", "size": "0.00904008", "price": "3015.37000000", "time": "2025-07-14T15:10:23.521569Z", "fetched_at": "2025-07-14T15:10:49.470361+00:00", "symbol": "ETH-USD"}, {"trade_id": 666848874, "side": "buy", "size": "0.12645000", "price": "3015.87000000", "time": "2025-07-14T15:10:22.884983Z", "fetched_at": "2025-07-14T15:10:49.470361+00:00", "symbol": "ETH-USD"}, {"trade_id": 666848873, "side": "buy", "size": "0.00038776", "price": "3015.37000000", "time": "2025-07-14T15:10:22.453565Z", "fetched_at": "2025-07-14T15:10:49.470361+00:00", "symbol": "ETH-USD"}, {"trade_id": 666848872, "side": "buy", "size": "0.04079235", "price": "3015.72000000", "time": "2025-07-14T15:10:22.222521Z", "fetched_at": "2025-07-14T15:10:49.470361+00:00", "symbol": "ETH-USD"}, {"trade_id": 666848871, "side": "buy", "size": "0.00764460", "price": "3015.87000000", "time": "2025-07-14T15:10:22.200085Z", "fetched_at": "2025-07-14T15:10:49.470361+00:00", "symbol": "ETH-USD"}, {"trade_id": 666848870, "side": "sell", "size": "0.05888452", "price": "3015.88000000", "time": "2025-07-14T15:10:22.035141Z", "fetched_at": "2025-07-14T15:10:49.470361+00:00", "symbol": "ETH-USD"}, {"trade_id": 666848869, "side": "sell", "size": "0.00276414", "price": "3015.87000000", "time": "2025-07-14T15:10:22.035141Z", "fetched_at": "2025-07-14T15:10:49.470361+00:00", "symbol": "ETH-USD"}, {"trade_id": 666848868, "side": "sell", "size": "0.15000000", "price": "3015.87000000", "time": "2025-07-14T15:10:22.035141Z", "fetched_at": "2025-07-14T15:10:49.470361+00:00", "symbol": "ETH-USD"}, {"trade_id": 666848867, "side": "sell", "size": "0.00100000", "price": "3015.76000000", "time": "2025-07-14T15:10:22.035141Z", "fetched_at": "2025-07-14T15:10:49.470361+00:00", "symbol": "ETH-USD"}, {"trade_id": 666848866, "side": "sell", "size": "0.00006879", "price": "3015.74000000", "time": "2025-07-14T15:10:22.035141Z", "fetched_at": "2025-07-14T15:10:49.470361+00:00", "symbol": "ETH-USD"}, {"trade_id": 666848865, "side": "sell", "size": "0.00038138", "price": "3015.74000000", "time": "2025-07-14T15:10:22.035141Z", "fetched_at": "2025-07-14T15:10:49.470361+00:00", "symbol": "ETH-USD"}, {"trade_id": 666848864, "side": "sell", "size": "0.00010319", "price": "3015.74000000", "time": "2025-07-14T15:10:22.035141Z", "fetched_at": "2025-07-14T15:10:49.470361+00:00", "symbol": "ETH-USD"}, {"trade_id": 666848863, "side": "buy", "size": "0.50247027", "price": "3015.72000000", "time": "2025-07-14T15:10:21.576347Z", "fetched_at": "2025-07-14T15:10:49.470361+00:00", "symbol": "ETH-USD"}, {"trade_id": 666848862, "side": "buy", "size": "0.05605147", "price": "3015.38000000", "time": "2025-07-14T15:10:20.807895Z", "fetched_at": "2025-07-14T15:10:49.470361+00:00", "symbol": "ETH-USD"}, {"trade_id": 666848861, "side": "buy", "size": "0.00039816", "price": "3015.39000000", "time": "2025-07-14T15:10:20.807895Z", "fetched_at": "2025-07-14T15:10:49.470361+00:00", "symbol": "ETH-USD"}, {"trade_id": 666848860, "side": "buy", "size": "0.48374489", "price": "3015.47000000", "time": "2025-07-14T15:10:20.807895Z", "fetched_at": "2025-07-14T15:10:49.470361+00:00", "symbol": "ETH-USD"}, {"trade_id": 666848859, "side": "sell", "size": "0.00000015", "price": "3015.17000000", "time": "2025-07-14T15:10:19.813728Z", "fetched_at": "2025-07-14T15:10:49.470361+00:00", "symbol": "ETH-USD"}, {"trade_id": 666848858, "side": "sell", "size": "0.09870961", "price": "3015.14000000", "time": "2025-07-14T15:10:19.554801Z", "fetched_at": "2025-07-14T15:10:49.470361+00:00", "symbol": "ETH-USD"}, {"trade_id": 666848857, "side": "sell", "size": "0.15000000", "price": "3015.13000000", "time": "2025-07-14T15:10:19.554801Z", "fetched_at": "2025-07-14T15:10:49.470361+00:00", "symbol": "ETH-USD"}, {"trade_id": 666848856, "side": "buy", "size": "0.08634731", "price": "3015.08000000", "time": "2025-07-14T15:10:18.958531Z", "fetched_at": "2025-07-14T15:10:49.470361+00:00", "symbol": "ETH-USD"}, {"trade_id": 666848855, "side": "buy", "size": "0.00041858", "price": "3015.09000000", "time": "2025-07-14T15:10:18.958531Z", "fetched_at": "2025-07-14T15:10:49.470361+00:00", "symbol": "ETH-USD"}, {"trade_id": 666848854, "side": "buy", "size": "0.00033167", "price": "3015.09000000", "time": "2025-07-14T15:10:18.958531Z", "fetched_at": "2025-07-14T15:10:49.470361+00:00", "symbol": "ETH-USD"}, {"trade_id": 666848853, "side": "sell", "size": "0.00157275", "price": "3015.10000000", "time": "2025-07-14T15:10:18.874478Z", "fetched_at": "2025-07-14T15:10:49.470361+00:00", "symbol": "ETH-USD"}, {"trade_id": 666848852, "side": "buy", "size": "0.00041856", "price": "3015.24000000", "time": "2025-07-14T15:10:18.577981Z", "fetched_at": "2025-07-14T15:10:49.470361+00:00", "symbol": "ETH-USD"}, {"trade_id": 666848851, "side": "buy", "size": "0.12645000", "price": "3015.25000000", "time": "2025-07-14T15:10:18.445138Z", "fetched_at": "2025-07-14T15:10:49.470361+00:00", "symbol": "ETH-USD"}, {"trade_id": 666848850, "side": "sell", "size": "0.16582592", "price": "3015.21000000", "time": "2025-07-14T15:10:18.078054Z", "fetched_at": "2025-07-14T15:10:49.470361+00:00", "symbol": "ETH-USD"}, {"trade_id": 666848849, "side": "sell", "size": "0.03294792", "price": "3015.21000000", "time": "2025-07-14T15:10:17.299829Z", "fetched_at": "2025-07-14T15:10:49.470361+00:00", "symbol": "ETH-USD"}, {"trade_id": 666848848, "side": "sell", "size": "0.00000994", "price": "3015.20000000", "time": "2025-07-14T15:10:17.216745Z", "fetched_at": "2025-07-14T15:10:49.470361+00:00", "symbol": "ETH-USD"}, {"trade_id": 666848847, "side": "buy", "size": "0.03297821", "price": "3014.52000000", "time": "2025-07-14T15:10:16.960145Z", "fetched_at": "2025-07-14T15:10:49.470361+00:00", "symbol": "ETH-USD"}, {"trade_id": 666848846, "side": "buy", "size": "0.81673000", "price": "3014.58000000", "time": "2025-07-14T15:10:16.960145Z", "fetched_at": "2025-07-14T15:10:49.470361+00:00", "symbol": "ETH-USD"}, {"trade_id": 666848845, "side": "buy", "size": "0.49965000", "price": "3014.61000000", "time": "2025-07-14T15:10:16.960145Z", "fetched_at": "2025-07-14T15:10:49.470361+00:00", "symbol": "ETH-USD"}, {"trade_id": 666848844, "side": "buy", "size": "0.33310501", "price": "3014.95000000", "time": "2025-07-14T15:10:16.960145Z", "fetched_at": "2025-07-14T15:10:49.470361+00:00", "symbol": "ETH-USD"}, {"trade_id": 666848843, "side": "buy", "size": "0.15000000", "price": "3014.96000000", "time": "2025-07-14T15:10:16.960145Z", "fetched_at": "2025-07-14T15:10:49.470361+00:00", "symbol": "ETH-USD"}, {"trade_id": 666848842, "side": "buy", "size": "0.41715983", "price": "3015.00000000", "time": "2025-07-14T15:10:16.960145Z", "fetched_at": "2025-07-14T15:10:49.470361+00:00", "symbol": "ETH-USD"}, {"trade_id": 666848841, "side": "buy", "size": "0.00055699", "price": "3015.00000000", "time": "2025-07-14T15:10:16.960145Z", "fetched_at": "2025-07-14T15:10:49.470361+00:00", "symbol": "ETH-USD"}, {"trade_id": 666848840, "side": "buy", "size": "0.00001326", "price": "3015.00000000", "time": "2025-07-14T15:10:16.960145Z", "fetched_at": "2025-07-14T15:10:49.470361+00:00", "symbol": "ETH-USD"}, {"trade_id": 666848839, "side": "buy", "size": "0.00043781", "price": "3015.01000000", "time": "2025-07-14T15:10:16.960145Z", "fetched_at": "2025-07-14T15:10:49.470361+00:00", "symbol": "ETH-USD"}, {"trade_id": 666848838, "side": "buy", "size": "0.01653355", "price": "3015.08000000", "time": "2025-07-14T15:10:16.960145Z", "fetched_at": "2025-07-14T15:10:49.470361+00:00", "symbol": "ETH-USD"}, {"trade_id": 666848837, "side": "buy", "size": "0.00001326", "price": "3015.08000000", "time": "2025-07-14T15:10:16.960145Z", "fetched_at": "2025-07-14T15:10:49.470361+00:00", "symbol": "ETH-USD"}, {"trade_id": 666848836, "side": "buy", "size": "0.16495416", "price": "3015.08000000", "time": "2025-07-14T15:10:16.960145Z", "fetched_at": "2025-07-14T15:10:49.470361+00:00", "symbol": "ETH-USD"}, {"trade_id": 666848835, "side": "sell", "size": "0.01247433", "price": "3015.47000000", "time": "2025-07-14T15:10:16.120579Z", "fetched_at": "2025-07-14T15:10:49.470361+00:00", "symbol": "ETH-USD"}, {"trade_id": 666848834, "side": "sell", "size": "0.00002984", "price": "3015.44000000", "time": "2025-07-14T15:10:16.077984Z", "fetched_at": "2025-07-14T15:10:49.470361+00:00", "symbol": "ETH-USD"}, {"trade_id": 666848833, "side": "sell", "size": "0.00282734", "price": "3015.09000000", "time": "2025-07-14T15:10:15.976794Z", "fetched_at": "2025-07-14T15:10:49.470361+00:00", "symbol": "ETH-USD"}, {"trade_id": 666848832, "side": "sell", "size": "0.00000015", "price": "3015.74000000", "time": "2025-07-14T15:10:14.433309Z", "fetched_at": "2025-07-14T15:10:49.470361+00:00", "symbol": "ETH-USD"}, {"trade_id": 666848831, "side": "sell", "size": "0.16255039", "price": "3015.88000000", "time": "2025-07-14T15:10:14.105661Z", "fetched_at": "2025-07-14T15:10:49.470361+00:00", "symbol": "ETH-USD"}, {"trade_id": 666848830, "side": "sell", "size": "0.00100000", "price": "3015.76000000", "time": "2025-07-14T15:10:14.105661Z", "fetched_at": "2025-07-14T15:10:49.470361+00:00", "symbol": "ETH-USD"}, {"trade_id": 666848829, "side": "sell", "size": "0.00010334", "price": "3015.74000000", "time": "2025-07-14T15:10:14.105661Z", "fetched_at": "2025-07-14T15:10:49.470361+00:00", "symbol": "ETH-USD"}, {"trade_id": 666848828, "side": "sell", "size": "0.00282734", "price": "3015.57000000", "time": "2025-07-14T15:10:14.105661Z", "fetched_at": "2025-07-14T15:10:49.470361+00:00", "symbol": "ETH-USD"}, {"trade_id": 666848827, "side": "sell", "size": "0.82901754", "price": "3015.62000000", "time": "2025-07-14T15:10:14.103198Z", "fetched_at": "2025-07-14T15:10:49.470361+00:00", "symbol": "ETH-USD"}, {"trade_id": 666848826, "side": "sell", "size": "4.45911233", "price": "3015.60000000", "time": "2025-07-14T15:10:14.098185Z", "fetched_at": "2025-07-14T15:10:49.470361+00:00", "symbol": "ETH-USD"}, {"trade_id": 666848825, "side": "sell", "size": "0.54088767", "price": "3015.60000000", "time": "2025-07-14T15:10:14.098103Z", "fetched_at": "2025-07-14T15:10:49.470361+00:00", "symbol": "ETH-USD"}, {"trade_id": 666848824, "side": "sell", "size": "0.06863048", "price": "3015.58000000", "time": "2025-07-14T15:10:14.098103Z", "fetched_at": "2025-07-14T15:10:49.470361+00:00", "symbol": "ETH-USD"}, {"trade_id": 666848823, "side": "sell", "size": "0.00282734", "price": "3015.57000000", "time": "2025-07-14T15:10:14.098103Z", "fetched_at": "2025-07-14T15:10:49.470361+00:00", "symbol": "ETH-USD"}, {"trade_id": 666848822, "side": "sell", "size": "0.00100000", "price": "3015.53000000", "time": "2025-07-14T15:10:14.098103Z", "fetched_at": "2025-07-14T15:10:49.470361+00:00", "symbol": "ETH-USD"}, {"trade_id": 666848821, "side": "sell", "size": "0.17142879", "price": "3015.29000000", "time": "2025-07-14T15:10:14.096833Z", "fetched_at": "2025-07-14T15:10:49.470361+00:00", "symbol": "ETH-USD"}, {"trade_id": 666848820, "side": "sell", "size": "0.65768084", "price": "3015.29000000", "time": "2025-07-14T15:10:14.096603Z", "fetched_at": "2025-07-14T15:10:49.470361+00:00", "symbol": "ETH-USD"}, {"trade_id": 666848819, "side": "sell", "size": "0.16582373", "price": "3015.25000000", "time": "2025-07-14T15:10:14.096603Z", "fetched_at": "2025-07-14T15:10:49.470361+00:00", "symbol": "ETH-USD"}, {"trade_id": 666848818, "side": "sell", "size": "0.00007103", "price": "3015.09000000", "time": "2025-07-14T15:10:14.096603Z", "fetched_at": "2025-07-14T15:10:49.470361+00:00", "symbol": "ETH-USD"}, {"trade_id": 666848817, "side": "sell", "size": "0.00039405", "price": "3015.09000000", "time": "2025-07-14T15:10:14.096603Z", "fetched_at": "2025-07-14T15:10:49.470361+00:00", "symbol": "ETH-USD"}, {"trade_id": 666848816, "side": "sell", "size": "0.00003182", "price": "3015.09000000", "time": "2025-07-14T15:10:14.096603Z", "fetched_at": "2025-07-14T15:10:49.470361+00:00", "symbol": "ETH-USD"}, {"trade_id": 666848815, "side": "buy", "size": "0.22203028", "price": "3015.08000000", "time": "2025-07-14T15:10:13.711715Z", "fetched_at": "2025-07-14T15:10:49.470361+00:00", "symbol": "ETH-USD"}, {"trade_id": 666848814, "side": "buy", "size": "0.00038794", "price": "3015.08000000", "time": "2025-07-14T15:10:13.146528Z", "fetched_at": "2025-07-14T15:10:49.470361+00:00", "symbol": "ETH-USD"}, {"trade_id": 666848813, "side": "buy", "size": "0.06967674", "price": "3014.51000000", "time": "2025-07-14T15:10:12.062716Z", "fetched_at": "2025-07-14T15:10:49.470361+00:00", "symbol": "ETH-USD"}, {"trade_id": 666848812, "side": "buy", "size": "0.51761303", "price": "3014.51000000", "time": "2025-07-14T15:10:12.062716Z", "fetched_at": "2025-07-14T15:10:49.470361+00:00", "symbol": "ETH-USD"}, {"trade_id": 666848811, "side": "buy", "size": "0.00100000", "price": "3014.61000000", "time": "2025-07-14T15:10:12.062716Z", "fetched_at": "2025-07-14T15:10:49.470361+00:00", "symbol": "ETH-USD"}, {"trade_id": 666848810, "side": "buy", "size": "0.48600000", "price": "3014.70000000", "time": "2025-07-14T15:10:12.062716Z", "fetched_at": "2025-07-14T15:10:49.470361+00:00", "symbol": "ETH-USD"}, {"trade_id": 666848809, "side": "buy", "size": "0.90271000", "price": "3014.71000000", "time": "2025-07-14T15:10:12.062716Z", "fetched_at": "2025-07-14T15:10:49.470361+00:00", "symbol": "ETH-USD"}, {"trade_id": 666848808, "side": "buy", "size": "0.83322600", "price": "3014.72000000", "time": "2025-07-14T15:10:12.062716Z", "fetched_at": "2025-07-14T15:10:49.470361+00:00", "symbol": "ETH-USD"}, {"trade_id": 666848807, "side": "buy", "size": "0.08203784", "price": "3014.78000000", "time": "2025-07-14T15:10:12.062716Z", "fetched_at": "2025-07-14T15:10:49.470361+00:00", "symbol": "ETH-USD"}, {"trade_id": 666848806, "side": "buy", "size": "0.00100000", "price": "3014.84000000", "time": "2025-07-14T15:10:12.062716Z", "fetched_at": "2025-07-14T15:10:49.470361+00:00", "symbol": "ETH-USD"}, {"trade_id": 666848805, "side": "buy", "size": "0.00722268", "price": "3014.88000000", "time": "2025-07-14T15:10:12.062716Z", "fetched_at": "2025-07-14T15:10:49.470361+00:00", "symbol": "ETH-USD"}, {"trade_id": 666848804, "side": "buy", "size": "1.38927513", "price": "3015.00000000", "time": "2025-07-14T15:10:12.062716Z", "fetched_at": "2025-07-14T15:10:49.470361+00:00", "symbol": "ETH-USD"}, {"trade_id": 666848803, "side": "buy", "size": "0.00185332", "price": "3015.00000000", "time": "2025-07-14T15:10:12.062716Z", "fetched_at": "2025-07-14T15:10:49.470361+00:00", "symbol": "ETH-USD"}, {"trade_id": 666848802, "side": "buy", "size": "0.00000331", "price": "3015.00000000", "time": "2025-07-14T15:10:12.062716Z", "fetched_at": "2025-07-14T15:10:49.470361+00:00", "symbol": "ETH-USD"}, {"trade_id": 666848801, "side": "buy", "size": "1.89639168", "price": "3015.00000000", "time": "2025-07-14T15:10:12.062716Z", "fetched_at": "2025-07-14T15:10:49.470361+00:00", "symbol": "ETH-USD"}, {"trade_id": 666848800, "side": "buy", "size": "1.97684767", "price": "3015.01000000", "time": "2025-07-14T15:10:12.062716Z", "fetched_at": "2025-07-14T15:10:49.470361+00:00", "symbol": "ETH-USD"}, {"trade_id": 666848799, "side": "buy", "size": "0.16377646", "price": "3015.08000000", "time": "2025-07-14T15:10:12.062716Z", "fetched_at": "2025-07-14T15:10:49.470361+00:00", "symbol": "ETH-USD"}, {"trade_id": 666848798, "side": "buy", "size": "0.16496411", "price": "3015.08000000", "time": "2025-07-14T15:10:12.062716Z", "fetched_at": "2025-07-14T15:10:49.470361+00:00", "symbol": "ETH-USD"}, {"trade_id": 666848797, "side": "buy", "size": "0.02481857", "price": "3015.08000000", "time": "2025-07-14T15:10:12.062716Z", "fetched_at": "2025-07-14T15:10:49.470361+00:00", "symbol": "ETH-USD"}, {"trade_id": 666848796, "side": "buy", "size": "0.12645000", "price": "3015.08000000", "time": "2025-07-14T15:10:12.062716Z", "fetched_at": "2025-07-14T15:10:49.470361+00:00", "symbol": "ETH-USD"}, {"trade_id": 666848795, "side": "sell", "size": "0.08239323", "price": "3015.09000000", "time": "2025-07-14T15:10:12.010889Z", "fetched_at": "2025-07-14T15:10:49.470361+00:00", "symbol": "ETH-USD"}, {"trade_id": 666848794, "side": "sell", "size": "0.00048001", "price": "3015.02000000", "time": "2025-07-14T15:10:12.010889Z", "fetched_at": "2025-07-14T15:10:49.470361+00:00", "symbol": "ETH-USD"}, {"trade_id": 666848793, "side": "sell", "size": "0.16583637", "price": "3015.02000000", "time": "2025-07-14T15:10:12.010889Z", "fetched_at": "2025-07-14T15:10:49.470361+00:00", "symbol": "ETH-USD"}, {"trade_id": 666848792, "side": "buy", "size": "0.00099432", "price": "3015.01000000", "time": "2025-07-14T15:10:11.819534Z", "fetched_at": "2025-07-14T15:10:49.470361+00:00", "symbol": "ETH-USD"}, {"trade_id": 666848791, "side": "sell", "size": "0.00109627", "price": "3015.10000000", "time": "2025-07-14T15:10:10.875497Z", "fetched_at": "2025-07-14T15:10:49.470361+00:00", "symbol": "ETH-USD"}, {"trade_id": 666848790, "side": "sell", "size": "0.00282734", "price": "3015.09000000", "time": "2025-07-14T15:10:10.875497Z", "fetched_at": "2025-07-14T15:10:49.470361+00:00", "symbol": "ETH-USD"}, {"trade_id": 666848789, "side": "sell", "size": "0.00024002", "price": "3015.02000000", "time": "2025-07-14T15:10:10.875497Z", "fetched_at": "2025-07-14T15:10:49.470361+00:00", "symbol": "ETH-USD"}, {"trade_id": 666848788, "side": "sell", "size": "0.16583637", "price": "3015.02000000", "time": "2025-07-14T15:10:10.875497Z", "fetched_at": "2025-07-14T15:10:49.470361+00:00", "symbol": "ETH-USD"}, {"trade_id": 666848787, "side": "sell", "size": "0.02792226", "price": "3015.10000000", "time": "2025-07-14T15:10:10.454157Z", "fetched_at": "2025-07-14T15:10:49.470361+00:00", "symbol": "ETH-USD"}, {"trade_id": 666848786, "side": "buy", "size": "0.07000000", "price": "3015.02000000", "time": "2025-07-14T15:10:10.130975Z", "fetched_at": "2025-07-14T15:10:49.470361+00:00", "symbol": "ETH-USD"}, {"trade_id": 666848785, "side": "buy", "size": "0.94134843", "price": "3015.01000000", "time": "2025-07-14T15:10:10.022484Z", "fetched_at": "2025-07-14T15:10:49.470361+00:00", "symbol": "ETH-USD"}, {"trade_id": 666848784, "side": "buy", "size": "0.00100000", "price": "3015.07000000", "time": "2025-07-14T15:10:10.022484Z", "fetched_at": "2025-07-14T15:10:49.470361+00:00", "symbol": "ETH-USD"}, {"trade_id": 666848783, "side": "buy", "size": "0.05730726", "price": "3015.15000000", "time": "2025-07-14T15:10:10.022484Z", "fetched_at": "2025-07-14T15:10:49.470361+00:00", "symbol": "ETH-USD"}, {"trade_id": 666848782, "side": "buy", "size": "0.00598311", "price": "3015.15000000", "time": "2025-07-14T15:10:10.022484Z", "fetched_at": "2025-07-14T15:10:49.470361+00:00", "symbol": "ETH-USD"}, {"trade_id": 666848781, "side": "buy", "size": "0.00000331", "price": "3015.15000000", "time": "2025-07-14T15:10:10.022484Z", "fetched_at": "2025-07-14T15:10:49.470361+00:00", "symbol": "ETH-USD"}, {"trade_id": 666848780, "side": "buy", "size": "0.00000663", "price": "3015.15000000", "time": "2025-07-14T15:10:10.022484Z", "fetched_at": "2025-07-14T15:10:49.470361+00:00", "symbol": "ETH-USD"}, {"trade_id": 666848779, "side": "buy", "size": "0.00000331", "price": "3015.15000000", "time": "2025-07-14T15:10:10.022484Z", "fetched_at": "2025-07-14T15:10:49.470361+00:00", "symbol": "ETH-USD"}, {"trade_id": 666848778, "side": "buy", "size": "0.00100000", "price": "3015.30000000", "time": "2025-07-14T15:10:10.021943Z", "fetched_at": "2025-07-14T15:10:49.470361+00:00", "symbol": "ETH-USD"}, {"trade_id": 666848777, "side": "sell", "size": "0.08034681", "price": "3015.66000000", "time": "2025-07-14T15:10:08.598320Z", "fetched_at": "2025-07-14T15:10:49.470361+00:00", "symbol": "ETH-USD"}, {"trade_id": 666848776, "side": "sell", "size": "0.00319987", "price": "3015.60000000", "time": "2025-07-14T15:10:08.506264Z", "fetched_at": "2025-07-14T15:10:49.470361+00:00", "symbol": "ETH-USD"}, {"trade_id": 666848775, "side": "sell", "size": "0.00000081", "price": "3015.42000000", "time": "2025-07-14T15:10:07.631186Z", "fetched_at": "2025-07-14T15:10:49.470361+00:00", "symbol": "ETH-USD"}, {"trade_id": 666848774, "side": "sell", "size": "0.00613098", "price": "3015.47000000", "time": "2025-07-14T15:10:07.262599Z", "fetched_at": "2025-07-14T15:10:49.470361+00:00", "symbol": "ETH-USD"}, {"trade_id": 666848773, "side": "sell", "size": "0.15000000", "price": "3015.46000000", "time": "2025-07-14T15:10:07.262599Z", "fetched_at": "2025-07-14T15:10:49.470361+00:00", "symbol": "ETH-USD"}, {"trade_id": 666848772, "side": "sell", "size": "0.16581463", "price": "3015.42000000", "time": "2025-07-14T15:10:07.262599Z", "fetched_at": "2025-07-14T15:10:49.470361+00:00", "symbol": "ETH-USD"}, {"trade_id": 666848771, "side": "buy", "size": "0.00100000", "price": "3015.30000000", "time": "2025-07-14T15:10:06.985407Z", "fetched_at": "2025-07-14T15:10:49.470361+00:00", "symbol": "ETH-USD"}, {"trade_id": 666848770, "side": "buy", "size": "0.01395373", "price": "3015.68000000", "time": "2025-07-14T15:10:06.965819Z", "fetched_at": "2025-07-14T15:10:49.470361+00:00", "symbol": "ETH-USD"}, {"trade_id": 666848769, "side": "sell", "size": "0.03717605", "price": "3015.88000000", "time": "2025-07-14T15:10:06.128402Z", "fetched_at": "2025-07-14T15:10:49.470361+00:00", "symbol": "ETH-USD"}, {"trade_id": 666848768, "side": "sell", "size": "0.00031135", "price": "3015.57000000", "time": "2025-07-14T15:10:06.128402Z", "fetched_at": "2025-07-14T15:10:49.470361+00:00", "symbol": "ETH-USD"}, {"trade_id": 666848767, "side": "sell", "size": "0.00005613", "price": "3015.57000000", "time": "2025-07-14T15:10:06.128402Z", "fetched_at": "2025-07-14T15:10:49.470361+00:00", "symbol": "ETH-USD"}, {"trade_id": 666848766, "side": "sell", "size": "0.00010334", "price": "3015.57000000", "time": "2025-07-14T15:10:06.128402Z", "fetched_at": "2025-07-14T15:10:49.470361+00:00", "symbol": "ETH-USD"}, {"trade_id": 666848765, "side": "buy", "size": "0.00001698", "price": "3015.56000000", "time": "2025-07-14T15:10:05.973373Z", "fetched_at": "2025-07-14T15:10:49.470361+00:00", "symbol": "ETH-USD"}, {"trade_id": 666848764, "side": "buy", "size": "0.08292081", "price": "3015.15000000", "time": "2025-07-14T15:10:04.301125Z", "fetched_at": "2025-07-14T15:10:49.470361+00:00", "symbol": "ETH-USD"}, {"trade_id": 666848763, "side": "buy", "size": "0.00038629", "price": "3015.23000000", "time": "2025-07-14T15:10:04.284167Z", "fetched_at": "2025-07-14T15:10:49.470361+00:00", "symbol": "ETH-USD"}, {"trade_id": 666848762, "side": "buy", "size": "0.00038654", "price": "3015.56000000", "time": "2025-07-14T15:10:04.234113Z", "fetched_at": "2025-07-14T15:10:49.470361+00:00", "symbol": "ETH-USD"}, {"trade_id": 666848761, "side": "buy", "size": "0.00304506", "price": "3015.15000000", "time": "2025-07-14T15:10:04.223835Z", "fetched_at": "2025-07-14T15:10:49.470361+00:00", "symbol": "ETH-USD"}, {"trade_id": 666848760, "side": "buy", "size": "0.00003571", "price": "3015.15000000", "time": "2025-07-14T15:10:04.223835Z", "fetched_at": "2025-07-14T15:10:49.470361+00:00", "symbol": "ETH-USD"}, {"trade_id": 666848759, "side": "buy", "size": "0.00038923", "price": "3015.56000000", "time": "2025-07-14T15:10:04.223835Z", "fetched_at": "2025-07-14T15:10:49.470361+00:00", "symbol": "ETH-USD"}, {"trade_id": 666848758, "side": "buy", "size": "0.00038406", "price": "3015.59000000", "time": "2025-07-14T15:10:04.015211Z", "fetched_at": "2025-07-14T15:10:49.470361+00:00", "symbol": "ETH-USD"}, {"trade_id": 666848757, "side": "buy", "size": "0.00977258", "price": "3015.59000000", "time": "2025-07-14T15:10:04.015211Z", "fetched_at": "2025-07-14T15:10:49.470361+00:00", "symbol": "ETH-USD"}, {"trade_id": 666848756, "side": "buy", "size": "0.00219854", "price": "3015.59000000", "time": "2025-07-14T15:10:03.991314Z", "fetched_at": "2025-07-14T15:10:49.470361+00:00", "symbol": "ETH-USD"}, {"trade_id": 666848755, "side": "sell", "size": "0.00037217", "price": "3015.88000000", "time": "2025-07-14T15:10:03.405073Z", "fetched_at": "2025-07-14T15:10:49.470361+00:00", "symbol": "ETH-USD"}, {"trade_id": 666848754, "side": "sell", "size": "0.00282723", "price": "3015.60000000", "time": "2025-07-14T15:10:03.405073Z", "fetched_at": "2025-07-14T15:10:49.470361+00:00", "symbol": "ETH-USD"}, {"trade_id": 666848753, "side": "sell", "size": "0.06401857", "price": "3015.60000000", "time": "2025-07-14T15:10:03.120303Z", "fetched_at": "2025-07-14T15:10:49.470361+00:00", "symbol": "ETH-USD"}, {"trade_id": 666848752, "side": "sell", "size": "0.00282723", "price": "3015.53000000", "time": "2025-07-14T15:10:03.120303Z", "fetched_at": "2025-07-14T15:10:49.470361+00:00", "symbol": "ETH-USD"}, {"trade_id": 666848751, "side": "sell", "size": "0.30000000", "price": "3015.30000000", "time": "2025-07-14T15:10:02.964020Z", "fetched_at": "2025-07-14T15:10:49.470361+00:00", "symbol": "ETH-USD"}, {"trade_id": 666848750, "side": "sell", "size": "0.00282723", "price": "3015.16000000", "time": "2025-07-14T15:10:02.964020Z", "fetched_at": "2025-07-14T15:10:49.470361+00:00", "symbol": "ETH-USD"}, {"trade_id": 666848749, "side": "buy", "size": "0.00600603", "price": "3015.30000000", "time": "2025-07-14T15:10:02.398434Z", "fetched_at": "2025-07-14T15:10:49.470361+00:00", "symbol": "ETH-USD"}, {"trade_id": 666848748, "side": "buy", "size": "0.00067323", "price": "3015.30000000", "time": "2025-07-14T15:10:02.398434Z", "fetched_at": "2025-07-14T15:10:49.470361+00:00", "symbol": "ETH-USD"}, {"trade_id": 666848747, "side": "buy", "size": "0.00100000", "price": "3015.30000000", "time": "2025-07-14T15:10:02.398434Z", "fetched_at": "2025-07-14T15:10:49.470361+00:00", "symbol": "ETH-USD"}, {"trade_id": 666848746, "side": "sell", "size": "0.93477316", "price": "3015.39000000", "time": "2025-07-14T15:10:02.236444Z", "fetched_at": "2025-07-14T15:10:49.470361+00:00", "symbol": "ETH-USD"}, {"trade_id": 666848745, "side": "sell", "size": "0.16581922", "price": "3015.34000000", "time": "2025-07-14T15:10:02.236444Z", "fetched_at": "2025-07-14T15:10:49.470361+00:00", "symbol": "ETH-USD"}, {"trade_id": 666848744, "side": "sell", "size": "0.15000000", "price": "3015.31000000", "time": "2025-07-14T15:10:02.236444Z", "fetched_at": "2025-07-14T15:10:49.470361+00:00", "symbol": "ETH-USD"}, {"trade_id": 666848743, "side": "sell", "size": "0.00282590", "price": "3015.31000000", "time": "2025-07-14T15:10:02.236444Z", "fetched_at": "2025-07-14T15:10:49.470361+00:00", "symbol": "ETH-USD"}, {"trade_id": 666848742, "side": "buy", "size": "0.00036656", "price": "3015.60000000", "time": "2025-07-14T15:10:01.805223Z", "fetched_at": "2025-07-14T15:10:49.470361+00:00", "symbol": "ETH-USD"}, {"trade_id": 666848741, "side": "buy", "size": "0.00036656", "price": "3015.61000000", "time": "2025-07-14T15:10:01.778199Z", "fetched_at": "2025-07-14T15:10:49.470361+00:00", "symbol": "ETH-USD"}, {"trade_id": 666848740, "side": "buy", "size": "0.00100000", "price": "3015.53000000", "time": "2025-07-14T15:10:01.761644Z", "fetched_at": "2025-07-14T15:10:49.470361+00:00", "symbol": "ETH-USD"}, {"trade_id": 666848739, "side": "buy", "size": "0.00595234", "price": "3015.62000000", "time": "2025-07-14T15:10:01.761644Z", "fetched_at": "2025-07-14T15:10:49.470361+00:00", "symbol": "ETH-USD"}, {"trade_id": 666848738, "side": "buy", "size": "0.00036656", "price": "3015.67000000", "time": "2025-07-14T15:10:01.738476Z", "fetched_at": "2025-07-14T15:10:49.470361+00:00", "symbol": "ETH-USD"}, {"trade_id": 666848737, "side": "sell", "size": "0.01477078", "price": "3015.69000000", "time": "2025-07-14T15:10:01.641937Z", "fetched_at": "2025-07-14T15:10:49.470361+00:00", "symbol": "ETH-USD"}, {"trade_id": 666848736, "side": "buy", "size": "0.00036653", "price": "3015.88000000", "time": "2025-07-14T15:10:01.435042Z", "fetched_at": "2025-07-14T15:10:49.470361+00:00", "symbol": "ETH-USD"}, {"trade_id": 666848735, "side": "buy", "size": "0.32030411", "price": "3015.78000000", "time": "2025-07-14T15:10:01.360293Z", "fetched_at": "2025-07-14T15:10:49.470361+00:00", "symbol": "ETH-USD"}, {"trade_id": 666848734, "side": "buy", "size": "0.00036654", "price": "3015.79000000", "time": "2025-07-14T15:10:01.360293Z", "fetched_at": "2025-07-14T15:10:49.470361+00:00", "symbol": "ETH-USD"}, {"trade_id": 666848733, "side": "buy", "size": "0.00100000", "price": "3015.99000000", "time": "2025-07-14T15:10:01.356737Z", "fetched_at": "2025-07-14T15:10:49.470361+00:00", "symbol": "ETH-USD"}, {"trade_id": 666848732, "side": "buy", "size": "0.00100000", "price": "3016.22000000", "time": "2025-07-14T15:10:01.296814Z", "fetched_at": "2025-07-14T15:10:49.470361+00:00", "symbol": "ETH-USD"}, {"trade_id": 666848731, "side": "buy", "size": "0.00036648", "price": "3016.26000000", "time": "2025-07-14T15:10:01.273085Z", "fetched_at": "2025-07-14T15:10:49.470361+00:00", "symbol": "ETH-USD"}, {"trade_id": 666848730, "side": "buy", "size": "0.00066970", "price": "3016.26000000", "time": "2025-07-14T15:10:01.273085Z", "fetched_at": "2025-07-14T15:10:49.470361+00:00", "symbol": "ETH-USD"}, {"trade_id": 666848729, "side": "buy", "size": "0.00036646", "price": "3016.49000000", "time": "2025-07-14T15:10:01.218939Z", "fetched_at": "2025-07-14T15:10:49.470361+00:00", "symbol": "ETH-USD"}, {"trade_id": 666848728, "side": "buy", "size": "0.00036751", "price": "3016.55000000", "time": "2025-07-14T15:10:01.155617Z", "fetched_at": "2025-07-14T15:10:49.470361+00:00", "symbol": "ETH-USD"}, {"trade_id": 666848727, "side": "buy", "size": "0.00037837", "price": "3016.73000000", "time": "2025-07-14T15:10:01.093425Z", "fetched_at": "2025-07-14T15:10:49.470361+00:00", "symbol": "ETH-USD"}, {"trade_id": 666848726, "side": "buy", "size": "0.19138779", "price": "3016.65000000", "time": "2025-07-14T15:10:01.055871Z", "fetched_at": "2025-07-14T15:10:49.470361+00:00", "symbol": "ETH-USD"}, {"trade_id": 666848725, "side": "buy", "size": "0.00824755", "price": "3016.65000000", "time": "2025-07-14T15:10:01.055871Z", "fetched_at": "2025-07-14T15:10:49.470361+00:00", "symbol": "ETH-USD"}, {"trade_id": 666848724, "side": "buy", "size": "0.00037000", "price": "3016.66000000", "time": "2025-07-14T15:10:01.055871Z", "fetched_at": "2025-07-14T15:10:49.470361+00:00", "symbol": "ETH-USD"}, {"trade_id": 666848723, "side": "buy", "size": "0.00036994", "price": "3017.11000000", "time": "2025-07-14T15:10:00.954253Z", "fetched_at": "2025-07-14T15:10:49.470361+00:00", "symbol": "ETH-USD"}, {"trade_id": 666848722, "side": "buy", "size": "0.00037087", "price": "3017.13000000", "time": "2025-07-14T15:10:00.906874Z", "fetched_at": "2025-07-14T15:10:49.470361+00:00", "symbol": "ETH-USD"}, {"trade_id": 666848721, "side": "buy", "size": "0.12645000", "price": "3017.13000000", "time": "2025-07-14T15:10:00.874057Z", "fetched_at": "2025-07-14T15:10:49.470361+00:00", "symbol": "ETH-USD"}, {"trade_id": 666848720, "side": "buy", "size": "0.14790993", "price": "3016.72000000", "time": "2025-07-14T15:10:00.846595Z", "fetched_at": "2025-07-14T15:10:49.470361+00:00", "symbol": "ETH-USD"}, {"trade_id": 666848719, "side": "buy", "size": "0.15000000", "price": "3016.73000000", "time": "2025-07-14T15:10:00.846595Z", "fetched_at": "2025-07-14T15:10:49.470361+00:00", "symbol": "ETH-USD"}, {"trade_id": 666848718, "side": "buy", "size": "0.12645000", "price": "3017.12000000", "time": "2025-07-14T15:10:00.846595Z", "fetched_at": "2025-07-14T15:10:49.470361+00:00", "symbol": "ETH-USD"}, {"trade_id": 666848717, "side": "buy", "size": "0.00035716", "price": "3017.13000000", "time": "2025-07-14T15:10:00.832624Z", "fetched_at": "2025-07-14T15:10:49.470361+00:00", "symbol": "ETH-USD"}, {"trade_id": 666848716, "side": "buy", "size": "0.00036133", "price": "3017.13000000", "time": "2025-07-14T15:10:00.800721Z", "fetched_at": "2025-07-14T15:10:49.470361+00:00", "symbol": "ETH-USD"}, {"trade_id": 666848715, "side": "buy", "size": "0.00036133", "price": "3017.13000000", "time": "2025-07-14T15:10:00.768413Z", "fetched_at": "2025-07-14T15:10:49.470361+00:00", "symbol": "ETH-USD"}, {"trade_id": 666848714, "side": "buy", "size": "0.12645000", "price": "3017.13000000", "time": "2025-07-14T15:10:00.761692Z", "fetched_at": "2025-07-14T15:10:49.470361+00:00", "symbol": "ETH-USD"}, {"trade_id": 666848713, "side": "buy", "size": "0.00036133", "price": "3017.13000000", "time": "2025-07-14T15:10:00.729486Z", "fetched_at": "2025-07-14T15:10:49.470361+00:00", "symbol": "ETH-USD"}, {"trade_id": 666848712, "side": "buy", "size": "0.12645000", "price": "3017.13000000", "time": "2025-07-14T15:10:00.698206Z", "fetched_at": "2025-07-14T15:10:49.470361+00:00", "symbol": "ETH-USD"}, {"trade_id": 666848711, "side": "buy", "size": "0.00037533", "price": "3017.13000000", "time": "2025-07-14T15:10:00.690946Z", "fetched_at": "2025-07-14T15:10:49.470361+00:00", "symbol": "ETH-USD"}, {"trade_id": 666848710, "side": "buy", "size": "0.00037533", "price": "3017.13000000", "time": "2025-07-14T15:10:00.657801Z", "fetched_at": "2025-07-14T15:10:49.470361+00:00", "symbol": "ETH-USD"}, {"trade_id": 666848709, "side": "buy", "size": "0.12616799", "price": "3017.13000000", "time": "2025-07-14T15:10:00.625210Z", "fetched_at": "2025-07-14T15:10:49.470361+00:00", "symbol": "ETH-USD"}, {"trade_id": 666848708, "side": "buy", "size": "0.00028201", "price": "3017.13000000", "time": "2025-07-14T15:10:00.622855Z", "fetched_at": "2025-07-14T15:10:49.470361+00:00", "symbol": "ETH-USD"}, {"trade_id": 666848707, "side": "buy", "size": "0.00037533", "price": "3017.13000000", "time": "2025-07-14T15:10:00.622855Z", "fetched_at": "2025-07-14T15:10:49.470361+00:00", "symbol": "ETH-USD"}