[{"trade_id": 666763804, "side": "buy", "size": "0.20345329", "price": "3041.73000000", "time": "2025-07-14T12:42:24.119362Z", "fetched_at": "2025-07-14T12:42:30.425207+00:00", "symbol": "ETH-USD"}, {"trade_id": 666763803, "side": "buy", "size": "0.05617198", "price": "3041.73000000", "time": "2025-07-14T12:42:24.119362Z", "fetched_at": "2025-07-14T12:42:30.425207+00:00", "symbol": "ETH-USD"}, {"trade_id": 666763802, "side": "buy", "size": "0.06406551", "price": "3041.73000000", "time": "2025-07-14T12:42:24.119362Z", "fetched_at": "2025-07-14T12:42:30.425207+00:00", "symbol": "ETH-USD"}, {"trade_id": 666763801, "side": "buy", "size": "0.19964818", "price": "3041.73000000", "time": "2025-07-14T12:42:24.119362Z", "fetched_at": "2025-07-14T12:42:30.425207+00:00", "symbol": "ETH-USD"}, {"trade_id": 666763800, "side": "buy", "size": "0.00035133", "price": "3041.73000000", "time": "2025-07-14T12:42:23.495433Z", "fetched_at": "2025-07-14T12:42:30.425207+00:00", "symbol": "ETH-USD"}, {"trade_id": 666763799, "side": "buy", "size": "0.79804031", "price": "3041.84000000", "time": "2025-07-14T12:42:21.520202Z", "fetched_at": "2025-07-14T12:42:30.425207+00:00", "symbol": "ETH-USD"}, {"trade_id": 666763798, "side": "buy", "size": "0.00083494", "price": "3041.84000000", "time": "2025-07-14T12:42:21.520202Z", "fetched_at": "2025-07-14T12:42:30.425207+00:00", "symbol": "ETH-USD"}, {"trade_id": 666763797, "side": "buy", "size": "0.00069880", "price": "3041.85000000", "time": "2025-07-14T12:42:21.520202Z", "fetched_at": "2025-07-14T12:42:30.425207+00:00", "symbol": "ETH-USD"}, {"trade_id": 666763796, "side": "buy", "size": "0.10630162", "price": "3041.88000000", "time": "2025-07-14T12:42:21.503638Z", "fetched_at": "2025-07-14T12:42:30.425207+00:00", "symbol": "ETH-USD"}, {"trade_id": 666763795, "side": "buy", "size": "0.00033993", "price": "3041.88000000", "time": "2025-07-14T12:42:21.503638Z", "fetched_at": "2025-07-14T12:42:30.425207+00:00", "symbol": "ETH-USD"}, {"trade_id": 666763794, "side": "buy", "size": "0.19999883", "price": "3041.91000000", "time": "2025-07-14T12:42:21.503638Z", "fetched_at": "2025-07-14T12:42:30.425207+00:00", "symbol": "ETH-USD"}, {"trade_id": 666763793, "side": "buy", "size": "0.02372506", "price": "3041.93000000", "time": "2025-07-14T12:42:21.503638Z", "fetched_at": "2025-07-14T12:42:30.425207+00:00", "symbol": "ETH-USD"}, {"trade_id": 666763792, "side": "buy", "size": "0.09488384", "price": "3041.93000000", "time": "2025-07-14T12:42:21.503638Z", "fetched_at": "2025-07-14T12:42:30.425207+00:00", "symbol": "ETH-USD"}, {"trade_id": 666763791, "side": "buy", "size": "0.28467453", "price": "3041.93000000", "time": "2025-07-14T12:42:21.503638Z", "fetched_at": "2025-07-14T12:42:30.425207+00:00", "symbol": "ETH-USD"}, {"trade_id": 666763790, "side": "sell", "size": "0.01232726", "price": "3042.13000000", "time": "2025-07-14T12:42:19.593065Z", "fetched_at": "2025-07-14T12:42:30.425207+00:00", "symbol": "ETH-USD"}, {"trade_id": 666763789, "side": "sell", "size": "0.37360000", "price": "3042.16000000", "time": "2025-07-14T12:42:16.900825Z", "fetched_at": "2025-07-14T12:42:30.425207+00:00", "symbol": "ETH-USD"}, {"trade_id": 666763788, "side": "buy", "size": "0.16603595", "price": "3042.00000000", "time": "2025-07-14T12:42:16.868102Z", "fetched_at": "2025-07-14T12:42:30.425207+00:00", "symbol": "ETH-USD"}, {"trade_id": 666763787, "side": "sell", "size": "0.07830265", "price": "3042.17000000", "time": "2025-07-14T12:42:16.781178Z", "fetched_at": "2025-07-14T12:42:30.425207+00:00", "symbol": "ETH-USD"}, {"trade_id": 666763786, "side": "sell", "size": "0.00159851", "price": "3042.17000000", "time": "2025-07-14T12:42:16.571257Z", "fetched_at": "2025-07-14T12:42:30.425207+00:00", "symbol": "ETH-USD"}, {"trade_id": 666763785, "side": "sell", "size": "0.78812001", "price": "3041.98000000", "time": "2025-07-14T12:42:15.170037Z", "fetched_at": "2025-07-14T12:42:30.425207+00:00", "symbol": "ETH-USD"}, {"trade_id": 666763784, "side": "sell", "size": "0.00100000", "price": "3041.98000000", "time": "2025-07-14T12:42:15.170037Z", "fetched_at": "2025-07-14T12:42:30.425207+00:00", "symbol": "ETH-USD"}, {"trade_id": 666763783, "side": "sell", "size": "0.30000000", "price": "3041.90000000", "time": "2025-07-14T12:42:15.137837Z", "fetched_at": "2025-07-14T12:42:30.425207+00:00", "symbol": "ETH-USD"}, {"trade_id": 666763782, "side": "sell", "size": "0.00312768", "price": "3041.89000000", "time": "2025-07-14T12:42:15.137837Z", "fetched_at": "2025-07-14T12:42:30.425207+00:00", "symbol": "ETH-USD"}, {"trade_id": 666763781, "side": "sell", "size": "0.30000000", "price": "3041.80000000", "time": "2025-07-14T12:42:15.130703Z", "fetched_at": "2025-07-14T12:42:30.425207+00:00", "symbol": "ETH-USD"}, {"trade_id": 666763780, "side": "sell", "size": "0.00100000", "price": "3041.75000000", "time": "2025-07-14T12:42:15.130703Z", "fetched_at": "2025-07-14T12:42:30.425207+00:00", "symbol": "ETH-USD"}, {"trade_id": 666763779, "side": "sell", "size": "0.62764001", "price": "3041.73000000", "time": "2025-07-14T12:42:15.123247Z", "fetched_at": "2025-07-14T12:42:30.425207+00:00", "symbol": "ETH-USD"}, {"trade_id": 666763778, "side": "sell", "size": "0.00100000", "price": "3041.52000000", "time": "2025-07-14T12:42:14.938439Z", "fetched_at": "2025-07-14T12:42:30.425207+00:00", "symbol": "ETH-USD"}, {"trade_id": 666763777, "side": "sell", "size": "0.14017144", "price": "3041.51000000", "time": "2025-07-14T12:42:14.938439Z", "fetched_at": "2025-07-14T12:42:30.425207+00:00", "symbol": "ETH-USD"}, {"trade_id": 666763776, "side": "sell", "size": "0.00061999", "price": "3041.51000000", "time": "2025-07-14T12:42:14.938439Z", "fetched_at": "2025-07-14T12:42:30.425207+00:00", "symbol": "ETH-USD"}, {"trade_id": 666763775, "side": "sell", "size": "0.00024001", "price": "3041.51000000", "time": "2025-07-14T12:42:14.938439Z", "fetched_at": "2025-07-14T12:42:30.425207+00:00", "symbol": "ETH-USD"}, {"trade_id": 666763774, "side": "sell", "size": "0.00011177", "price": "3041.51000000", "time": "2025-07-14T12:42:14.938439Z", "fetched_at": "2025-07-14T12:42:30.425207+00:00", "symbol": "ETH-USD"}, {"trade_id": 666763773, "side": "sell", "size": "0.00010334", "price": "3041.51000000", "time": "2025-07-14T12:42:14.938439Z", "fetched_at": "2025-07-14T12:42:30.425207+00:00", "symbol": "ETH-USD"}, {"trade_id": 666763772, "side": "sell", "size": "0.34713267", "price": "3041.50000000", "time": "2025-07-14T12:42:14.938439Z", "fetched_at": "2025-07-14T12:42:30.425207+00:00", "symbol": "ETH-USD"}, {"trade_id": 666763771, "side": "sell", "size": "0.66028001", "price": "3041.44000000", "time": "2025-07-14T12:42:14.931018Z", "fetched_at": "2025-07-14T12:42:30.425207+00:00", "symbol": "ETH-USD"}, {"trade_id": 666763770, "side": "sell", "size": "0.02570752", "price": "3041.50000000", "time": "2025-07-14T12:42:14.337439Z", "fetched_at": "2025-07-14T12:42:30.425207+00:00", "symbol": "ETH-USD"}, {"trade_id": 666763769, "side": "sell", "size": "0.60000000", "price": "3041.14000000", "time": "2025-07-14T12:42:14.259726Z", "fetched_at": "2025-07-14T12:42:30.425207+00:00", "symbol": "ETH-USD"}, {"trade_id": 666763768, "side": "sell", "size": "0.69632001", "price": "3041.13000000", "time": "2025-07-14T12:42:14.259726Z", "fetched_at": "2025-07-14T12:42:30.425207+00:00", "symbol": "ETH-USD"}, {"trade_id": 666763767, "side": "sell", "size": "0.16442122", "price": "3040.97000000", "time": "2025-07-14T12:42:14.165151Z", "fetched_at": "2025-07-14T12:42:30.425207+00:00", "symbol": "ETH-USD"}, {"trade_id": 666763766, "side": "sell", "size": "0.80964570", "price": "3041.00000000", "time": "2025-07-14T12:42:14.159309Z", "fetched_at": "2025-07-14T12:42:30.425207+00:00", "symbol": "ETH-USD"}, {"trade_id": 666763765, "side": "sell", "size": "0.09894236", "price": "3040.97000000", "time": "2025-07-14T12:42:14.159309Z", "fetched_at": "2025-07-14T12:42:30.425207+00:00", "symbol": "ETH-USD"}, {"trade_id": 666763764, "side": "sell", "size": "0.44413292", "price": "3040.90000000", "time": "2025-07-14T12:42:14.152643Z", "fetched_at": "2025-07-14T12:42:30.425207+00:00", "symbol": "ETH-USD"}, {"trade_id": 666763763, "side": "sell", "size": "0.31950709", "price": "3040.90000000", "time": "2025-07-14T12:42:13.976742Z", "fetched_at": "2025-07-14T12:42:30.425207+00:00", "symbol": "ETH-USD"}, {"trade_id": 666763762, "side": "buy", "size": "0.04000000", "price": "3040.89000000", "time": "2025-07-14T12:42:13.857841Z", "fetched_at": "2025-07-14T12:42:30.425207+00:00", "symbol": "ETH-USD"}, {"trade_id": 666763761, "side": "buy", "size": "0.00887972", "price": "3040.89000000", "time": "2025-07-14T12:42:12.802057Z", "fetched_at": "2025-07-14T12:42:30.425207+00:00", "symbol": "ETH-USD"}, {"trade_id": 666763760, "side": "buy", "size": "0.00235315", "price": "3040.84000000", "time": "2025-07-14T12:42:12.127894Z", "fetched_at": "2025-07-14T12:42:30.425207+00:00", "symbol": "ETH-USD"}, {"trade_id": 666763759, "side": "buy", "size": "0.00074530", "price": "3040.89000000", "time": "2025-07-14T12:42:12.127894Z", "fetched_at": "2025-07-14T12:42:30.425207+00:00", "symbol": "ETH-USD"}, {"trade_id": 666763758, "side": "buy", "size": "1.94162095", "price": "3041.03000000", "time": "2025-07-14T12:42:11.433827Z", "fetched_at": "2025-07-14T12:42:30.425207+00:00", "symbol": "ETH-USD"}, {"trade_id": 666763757, "side": "buy", "size": "0.10139009", "price": "3041.10000000", "time": "2025-07-14T12:42:11.433827Z", "fetched_at": "2025-07-14T12:42:30.425207+00:00", "symbol": "ETH-USD"}, {"trade_id": 666763756, "side": "buy", "size": "0.09860960", "price": "3041.10000000", "time": "2025-07-14T12:42:11.351078Z", "fetched_at": "2025-07-14T12:42:30.425207+00:00", "symbol": "ETH-USD"}, {"trade_id": 666763755, "side": "buy", "size": "0.17393959", "price": "3041.30000000", "time": "2025-07-14T12:42:11.270517Z", "fetched_at": "2025-07-14T12:42:30.425207+00:00", "symbol": "ETH-USD"}, {"trade_id": 666763754, "side": "buy", "size": "0.00079992", "price": "3041.34000000", "time": "2025-07-14T12:42:11.270517Z", "fetched_at": "2025-07-14T12:42:30.425207+00:00", "symbol": "ETH-USD"}, {"trade_id": 666763753, "side": "buy", "size": "0.02372638", "price": "3041.34000000", "time": "2025-07-14T12:42:11.270517Z", "fetched_at": "2025-07-14T12:42:30.425207+00:00", "symbol": "ETH-USD"}, {"trade_id": 666763752, "side": "buy", "size": "0.14237145", "price": "3041.34000000", "time": "2025-07-14T12:42:11.270517Z", "fetched_at": "2025-07-14T12:42:30.425207+00:00", "symbol": "ETH-USD"}, {"trade_id": 666763751, "side": "buy", "size": "0.05454290", "price": "3041.34000000", "time": "2025-07-14T12:42:11.270517Z", "fetched_at": "2025-07-14T12:42:30.425207+00:00", "symbol": "ETH-USD"}, {"trade_id": 666763750, "side": "sell", "size": "0.07000000", "price": "3041.35000000", "time": "2025-07-14T12:42:10.762643Z", "fetched_at": "2025-07-14T12:42:30.425207+00:00", "symbol": "ETH-USD"}, {"trade_id": 666763749, "side": "buy", "size": "0.04060594", "price": "3041.34000000", "time": "2025-07-14T12:42:10.435736Z", "fetched_at": "2025-07-14T12:42:30.425207+00:00", "symbol": "ETH-USD"}, {"trade_id": 666763748, "side": "sell", "size": "0.00154569", "price": "3041.35000000", "time": "2025-07-14T12:42:10.228735Z", "fetched_at": "2025-07-14T12:42:30.425207+00:00", "symbol": "ETH-USD"}, {"trade_id": 666763747, "side": "sell", "size": "0.00553943", "price": "3041.35000000", "time": "2025-07-14T12:42:10.133142Z", "fetched_at": "2025-07-14T12:42:30.425207+00:00", "symbol": "ETH-USD"}, {"trade_id": 666763746, "side": "sell", "size": "0.00357949", "price": "3041.35000000", "time": "2025-07-14T12:42:06.260597Z", "fetched_at": "2025-07-14T12:42:30.425207+00:00", "symbol": "ETH-USD"}, {"trade_id": 666763745, "side": "buy", "size": "0.02975264", "price": "3041.09000000", "time": "2025-07-14T12:42:05.330686Z", "fetched_at": "2025-07-14T12:42:30.425207+00:00", "symbol": "ETH-USD"}, {"trade_id": 666763744, "side": "buy", "size": "0.09770863", "price": "3041.10000000", "time": "2025-07-14T12:42:05.330686Z", "fetched_at": "2025-07-14T12:42:30.425207+00:00", "symbol": "ETH-USD"}, {"trade_id": 666763743, "side": "buy", "size": "0.48600000", "price": "3041.19000000", "time": "2025-07-14T12:42:05.330686Z", "fetched_at": "2025-07-14T12:42:30.425207+00:00", "symbol": "ETH-USD"}, {"trade_id": 666763742, "side": "buy", "size": "0.35050831", "price": "3041.20000000", "time": "2025-07-14T12:42:05.330686Z", "fetched_at": "2025-07-14T12:42:30.425207+00:00", "symbol": "ETH-USD"}, {"trade_id": 666763741, "side": "buy", "size": "0.19999907", "price": "3041.26000000", "time": "2025-07-14T12:42:05.330686Z", "fetched_at": "2025-07-14T12:42:30.425207+00:00", "symbol": "ETH-USD"}, {"trade_id": 666763740, "side": "buy", "size": "0.00047325", "price": "3041.27000000", "time": "2025-07-14T12:42:05.330686Z", "fetched_at": "2025-07-14T12:42:30.425207+00:00", "symbol": "ETH-USD"}, {"trade_id": 666763739, "side": "buy", "size": "0.01264836", "price": "3041.50000000", "time": "2025-07-14T12:42:05.330686Z", "fetched_at": "2025-07-14T12:42:30.425207+00:00", "symbol": "ETH-USD"}, {"trade_id": 666763738, "side": "buy", "size": "0.58491533", "price": "3041.50000000", "time": "2025-07-14T12:42:05.330686Z", "fetched_at": "2025-07-14T12:42:30.425207+00:00", "symbol": "ETH-USD"}, {"trade_id": 666763737, "side": "buy", "size": "0.05799441", "price": "3041.50000000", "time": "2025-07-14T12:42:05.330686Z", "fetched_at": "2025-07-14T12:42:30.425207+00:00", "symbol": "ETH-USD"}, {"trade_id": 666763736, "side": "sell", "size": "0.06390919", "price": "3041.51000000", "time": "2025-07-14T12:42:04.319131Z", "fetched_at": "2025-07-14T12:42:30.425207+00:00", "symbol": "ETH-USD"}, {"trade_id": 666763735, "side": "sell", "size": "0.03480000", "price": "3041.51000000", "time": "2025-07-14T12:42:04.181221Z", "fetched_at": "2025-07-14T12:42:30.425207+00:00", "symbol": "ETH-USD"}, {"trade_id": 666763734, "side": "buy", "size": "0.04000000", "price": "3041.50000000", "time": "2025-07-14T12:42:02.889272Z", "fetched_at": "2025-07-14T12:42:30.425207+00:00", "symbol": "ETH-USD"}, {"trade_id": 666763733, "side": "sell", "size": "0.42100639", "price": "3042.11000000", "time": "2025-07-14T12:42:02.130680Z", "fetched_at": "2025-07-14T12:42:30.425207+00:00", "symbol": "ETH-USD"}, {"trade_id": 666763732, "side": "sell", "size": "0.08086659", "price": "3042.05000000", "time": "2025-07-14T12:42:02.130680Z", "fetched_at": "2025-07-14T12:42:30.425207+00:00", "symbol": "ETH-USD"}, {"trade_id": 666763731, "side": "sell", "size": "0.68721314", "price": "3042.03000000", "time": "2025-07-14T12:42:02.130680Z", "fetched_at": "2025-07-14T12:42:30.425207+00:00", "symbol": "ETH-USD"}, {"trade_id": 666763730, "side": "sell", "size": "0.14882522", "price": "3041.87000000", "time": "2025-07-14T12:42:02.130680Z", "fetched_at": "2025-07-14T12:42:30.425207+00:00", "symbol": "ETH-USD"}, {"trade_id": 666763729, "side": "sell", "size": "0.11510122", "price": "3041.87000000", "time": "2025-07-14T12:42:02.130680Z", "fetched_at": "2025-07-14T12:42:30.425207+00:00", "symbol": "ETH-USD"}, {"trade_id": 666763728, "side": "sell", "size": "0.27740542", "price": "3041.76000000", "time": "2025-07-14T12:42:02.130680Z", "fetched_at": "2025-07-14T12:42:30.425207+00:00", "symbol": "ETH-USD"}, {"trade_id": 666763727, "side": "sell", "size": "0.59160001", "price": "3041.75000000", "time": "2025-07-14T12:42:02.130680Z", "fetched_at": "2025-07-14T12:42:30.425207+00:00", "symbol": "ETH-USD"}, {"trade_id": 666763726, "side": "sell", "size": "0.52140326", "price": "3041.74000000", "time": "2025-07-14T12:42:02.130680Z", "fetched_at": "2025-07-14T12:42:30.425207+00:00", "symbol": "ETH-USD"}, {"trade_id": 666763725, "side": "sell", "size": "0.00062004", "price": "3041.66000000", "time": "2025-07-14T12:42:02.130680Z", "fetched_at": "2025-07-14T12:42:30.425207+00:00", "symbol": "ETH-USD"}, {"trade_id": 666763724, "side": "sell", "size": "0.00011177", "price": "3041.66000000", "time": "2025-07-14T12:42:02.130680Z", "fetched_at": "2025-07-14T12:42:30.425207+00:00", "symbol": "ETH-USD"}, {"trade_id": 666763723, "side": "sell", "size": "0.00024001", "price": "3041.66000000", "time": "2025-07-14T12:42:02.130680Z", "fetched_at": "2025-07-14T12:42:30.425207+00:00", "symbol": "ETH-USD"}, {"trade_id": 666763722, "side": "sell", "size": "0.00010335", "price": "3041.66000000", "time": "2025-07-14T12:42:02.130680Z", "fetched_at": "2025-07-14T12:42:30.425207+00:00", "symbol": "ETH-USD"}, {"trade_id": 666763721, "side": "sell", "size": "0.00150358", "price": "3041.58000000", "time": "2025-07-14T12:42:02.130680Z", "fetched_at": "2025-07-14T12:42:30.425207+00:00", "symbol": "ETH-USD"}, {"trade_id": 666763720, "side": "buy", "size": "0.00312681", "price": "3041.76000000", "time": "2025-07-14T12:42:02.023452Z", "fetched_at": "2025-07-14T12:42:30.425207+00:00", "symbol": "ETH-USD"}, {"trade_id": 666763719, "side": "buy", "size": "0.23112000", "price": "3041.48000000", "time": "2025-07-14T12:42:02.001141Z", "fetched_at": "2025-07-14T12:42:30.425207+00:00", "symbol": "ETH-USD"}, {"trade_id": 666763718, "side": "sell", "size": "0.01151155", "price": "3042.05000000", "time": "2025-07-14T12:42:01.990223Z", "fetched_at": "2025-07-14T12:42:30.425207+00:00", "symbol": "ETH-USD"}, {"trade_id": 666763717, "side": "buy", "size": "0.09407431", "price": "3041.58000000", "time": "2025-07-14T12:42:01.980464Z", "fetched_at": "2025-07-14T12:42:30.425207+00:00", "symbol": "ETH-USD"}, {"trade_id": 666763716, "side": "buy", "size": "0.08914057", "price": "3041.58000000", "time": "2025-07-14T12:42:01.980464Z", "fetched_at": "2025-07-14T12:42:30.425207+00:00", "symbol": "ETH-USD"}, {"trade_id": 666763715, "side": "buy", "size": "1.42870886", "price": "3041.00000000", "time": "2025-07-14T12:42:01.972013Z", "fetched_at": "2025-07-14T12:42:30.425207+00:00", "symbol": "ETH-USD"}, {"trade_id": 666763714, "side": "buy", "size": "0.00100000", "price": "3041.06000000", "time": "2025-07-14T12:42:01.972013Z", "fetched_at": "2025-07-14T12:42:30.425207+00:00", "symbol": "ETH-USD"}, {"trade_id": 666763713, "side": "buy", "size": "0.48600000", "price": "3041.06000000", "time": "2025-07-14T12:42:01.972013Z", "fetched_at": "2025-07-14T12:42:30.425207+00:00", "symbol": "ETH-USD"}, {"trade_id": 666763712, "side": "buy", "size": "4.20145989", "price": "3041.12000000", "time": "2025-07-14T12:42:01.972013Z", "fetched_at": "2025-07-14T12:42:30.425207+00:00", "symbol": "ETH-USD"}, {"trade_id": 666763711, "side": "buy", "size": "0.02674204", "price": "3041.14000000", "time": "2025-07-14T12:42:01.972013Z", "fetched_at": "2025-07-14T12:42:30.425207+00:00", "symbol": "ETH-USD"}, {"trade_id": 666763710, "side": "buy", "size": "0.25675605", "price": "3041.20000000", "time": "2025-07-14T12:42:01.972013Z", "fetched_at": "2025-07-14T12:42:30.425207+00:00", "symbol": "ETH-USD"}, {"trade_id": 666763709, "side": "buy", "size": "0.00100000", "price": "3041.75000000", "time": "2025-07-14T12:42:01.971998Z", "fetched_at": "2025-07-14T12:42:30.425207+00:00", "symbol": "ETH-USD"}, {"trade_id": 666763708, "side": "buy", "size": "0.16435545", "price": "3042.18000000", "time": "2025-07-14T12:42:01.971998Z", "fetched_at": "2025-07-14T12:42:30.425207+00:00", "symbol": "ETH-USD"}, {"trade_id": 666763707, "side": "buy", "size": "0.26309600", "price": "3041.78000000", "time": "2025-07-14T12:42:01.971553Z", "fetched_at": "2025-07-14T12:42:30.425207+00:00", "symbol": "ETH-USD"}, {"trade_id": 666763706, "side": "buy", "size": "0.00852104", "price": "3041.48000000", "time": "2025-07-14T12:42:01.971185Z", "fetched_at": "2025-07-14T12:42:30.425207+00:00", "symbol": "ETH-USD"}, {"trade_id": 666763705, "side": "buy", "size": "2.25814406", "price": "3041.24000000", "time": "2025-07-14T12:42:01.970759Z", "fetched_at": "2025-07-14T12:42:30.425207+00:00", "symbol": "ETH-USD"}, {"trade_id": 666763704, "side": "buy", "size": "4.22820193", "price": "3041.24000000", "time": "2025-07-14T12:42:01.970650Z", "fetched_at": "2025-07-14T12:42:30.425207+00:00", "symbol": "ETH-USD"}, {"trade_id": 666763703, "side": "buy", "size": "0.48700000", "price": "3041.24000000", "time": "2025-07-14T12:42:01.970622Z", "fetched_at": "2025-07-14T12:42:30.425207+00:00", "symbol": "ETH-USD"}, {"trade_id": 666763702, "side": "buy", "size": "0.25675605", "price": "3041.24000000", "time": "2025-07-14T12:42:01.970604Z", "fetched_at": "2025-07-14T12:42:30.425207+00:00", "symbol": "ETH-USD"}, {"trade_id": 666763701, "side": "buy", "size": "2.86589796", "price": "3041.24000000", "time": "2025-07-14T12:42:01.970260Z", "fetched_at": "2025-07-14T12:42:30.425207+00:00", "symbol": "ETH-USD"}, {"trade_id": 666763700, "side": "buy", "size": "1.30000000", "price": "3041.29000000", "time": "2025-07-14T12:42:01.970220Z", "fetched_at": "2025-07-14T12:42:30.425207+00:00", "symbol": "ETH-USD"}, {"trade_id": 666763699, "side": "buy", "size": "0.00100000", "price": "3041.29000000", "time": "2025-07-14T12:42:01.970220Z", "fetched_at": "2025-07-14T12:42:30.425207+00:00", "symbol": "ETH-USD"}, {"trade_id": 666763698, "side": "buy", "size": "1.32105313", "price": "3041.36000000", "time": "2025-07-14T12:42:01.970220Z", "fetched_at": "2025-07-14T12:42:30.425207+00:00", "symbol": "ETH-USD"}, {"trade_id": 666763697, "side": "buy", "size": "0.25004027", "price": "3041.43000000", "time": "2025-07-14T12:42:01.970220Z", "fetched_at": "2025-07-14T12:42:30.425207+00:00", "symbol": "ETH-USD"}, {"trade_id": 666763696, "side": "buy", "size": "0.49299184", "price": "3041.44000000", "time": "2025-07-14T12:42:01.970220Z", "fetched_at": "2025-07-14T12:42:30.425207+00:00", "symbol": "ETH-USD"}, {"trade_id": 666763695, "side": "buy", "size": "1.67724578", "price": "3041.47000000", "time": "2025-07-14T12:42:01.970220Z", "fetched_at": "2025-07-14T12:42:30.425207+00:00", "symbol": "ETH-USD"}, {"trade_id": 666763694, "side": "buy", "size": "0.19717915", "price": "3042.07000000", "time": "2025-07-14T12:42:01.969104Z", "fetched_at": "2025-07-14T12:42:30.425207+00:00", "symbol": "ETH-USD"}, {"trade_id": 666763693, "side": "buy", "size": "0.48600000", "price": "3041.50000000", "time": "2025-07-14T12:42:01.966402Z", "fetched_at": "2025-07-14T12:42:30.425207+00:00", "symbol": "ETH-USD"}, {"trade_id": 666763692, "side": "buy", "size": "0.00100000", "price": "3041.52000000", "time": "2025-07-14T12:42:01.966402Z", "fetched_at": "2025-07-14T12:42:30.425207+00:00", "symbol": "ETH-USD"}, {"trade_id": 666763691, "side": "buy", "size": "4.11946000", "price": "3041.57000000", "time": "2025-07-14T12:42:01.966402Z", "fetched_at": "2025-07-14T12:42:30.425207+00:00", "symbol": "ETH-USD"}, {"trade_id": 666763690, "side": "buy", "size": "0.19999920", "price": "3041.57000000", "time": "2025-07-14T12:42:01.966402Z", "fetched_at": "2025-07-14T12:42:30.425207+00:00", "symbol": "ETH-USD"}, {"trade_id": 666763689, "side": "buy", "size": "0.20000000", "price": "3041.63000000", "time": "2025-07-14T12:42:01.966402Z", "fetched_at": "2025-07-14T12:42:30.425207+00:00", "symbol": "ETH-USD"}, {"trade_id": 666763688, "side": "buy", "size": "0.40000000", "price": "3041.63000000", "time": "2025-07-14T12:42:01.966402Z", "fetched_at": "2025-07-14T12:42:30.425207+00:00", "symbol": "ETH-USD"}, {"trade_id": 666763687, "side": "buy", "size": "0.45538000", "price": "3041.63000000", "time": "2025-07-14T12:42:01.966402Z", "fetched_at": "2025-07-14T12:42:30.425207+00:00", "symbol": "ETH-USD"}, {"trade_id": 666763686, "side": "buy", "size": "0.82191190", "price": "3041.68000000", "time": "2025-07-14T12:42:01.966402Z", "fetched_at": "2025-07-14T12:42:30.425207+00:00", "symbol": "ETH-USD"}, {"trade_id": 666763685, "side": "buy", "size": "0.00100000", "price": "3041.75000000", "time": "2025-07-14T12:42:01.966402Z", "fetched_at": "2025-07-14T12:42:30.425207+00:00", "symbol": "ETH-USD"}, {"trade_id": 666763684, "side": "buy", "size": "1.72035138", "price": "3041.78000000", "time": "2025-07-14T12:42:01.966402Z", "fetched_at": "2025-07-14T12:42:30.425207+00:00", "symbol": "ETH-USD"}, {"trade_id": 666763683, "side": "buy", "size": "0.11821287", "price": "3041.78000000", "time": "2025-07-14T12:42:01.966402Z", "fetched_at": "2025-07-14T12:42:30.425207+00:00", "symbol": "ETH-USD"}, {"trade_id": 666763682, "side": "buy", "size": "0.13078017", "price": "3041.90000000", "time": "2025-07-14T12:42:01.966402Z", "fetched_at": "2025-07-14T12:42:30.425207+00:00", "symbol": "ETH-USD"}, {"trade_id": 666763681, "side": "buy", "size": "0.36096691", "price": "3041.92000000", "time": "2025-07-14T12:42:01.966402Z", "fetched_at": "2025-07-14T12:42:30.425207+00:00", "symbol": "ETH-USD"}, {"trade_id": 666763680, "side": "buy", "size": "1.28341823", "price": "3041.95000000", "time": "2025-07-14T12:42:01.966402Z", "fetched_at": "2025-07-14T12:42:30.425207+00:00", "symbol": "ETH-USD"}, {"trade_id": 666763679, "side": "buy", "size": "0.30191998", "price": "3041.96000000", "time": "2025-07-14T12:42:01.966402Z", "fetched_at": "2025-07-14T12:42:30.425207+00:00", "symbol": "ETH-USD"}, {"trade_id": 666763678, "side": "buy", "size": "0.82183397", "price": "3041.97000000", "time": "2025-07-14T12:42:01.966402Z", "fetched_at": "2025-07-14T12:42:30.425207+00:00", "symbol": "ETH-USD"}, {"trade_id": 666763677, "side": "buy", "size": "0.81799409", "price": "3041.97000000", "time": "2025-07-14T12:42:01.966402Z", "fetched_at": "2025-07-14T12:42:30.425207+00:00", "symbol": "ETH-USD"}, {"trade_id": 666763676, "side": "buy", "size": "0.00100000", "price": "3041.98000000", "time": "2025-07-14T12:42:01.966402Z", "fetched_at": "2025-07-14T12:42:30.425207+00:00", "symbol": "ETH-USD"}, {"trade_id": 666763675, "side": "buy", "size": "0.06838034", "price": "3041.99000000", "time": "2025-07-14T12:42:01.966402Z", "fetched_at": "2025-07-14T12:42:30.425207+00:00", "symbol": "ETH-USD"}, {"trade_id": 666763674, "side": "buy", "size": "0.48600000", "price": "3042.00000000", "time": "2025-07-14T12:42:01.966402Z", "fetched_at": "2025-07-14T12:42:30.425207+00:00", "symbol": "ETH-USD"}, {"trade_id": 666763673, "side": "buy", "size": "0.57301877", "price": "3042.05000000", "time": "2025-07-14T12:42:01.966402Z", "fetched_at": "2025-07-14T12:42:30.425207+00:00", "symbol": "ETH-USD"}, {"trade_id": 666763672, "side": "buy", "size": "0.15354911", "price": "3042.14000000", "time": "2025-07-14T12:42:01.966402Z", "fetched_at": "2025-07-14T12:42:30.425207+00:00", "symbol": "ETH-USD"}, {"trade_id": 666763671, "side": "buy", "size": "0.31903950", "price": "3042.17000000", "time": "2025-07-14T12:42:01.966402Z", "fetched_at": "2025-07-14T12:42:30.425207+00:00", "symbol": "ETH-USD"}, {"trade_id": 666763670, "side": "buy", "size": "0.58106557", "price": "3042.29000000", "time": "2025-07-14T12:42:01.966402Z", "fetched_at": "2025-07-14T12:42:30.425207+00:00", "symbol": "ETH-USD"}, {"trade_id": 666763669, "side": "buy", "size": "0.13266322", "price": "3042.29000000", "time": "2025-07-14T12:42:01.966402Z", "fetched_at": "2025-07-14T12:42:30.425207+00:00", "symbol": "ETH-USD"}, {"trade_id": 666763668, "side": "buy", "size": "1.64349881", "price": "3042.29000000", "time": "2025-07-14T12:42:01.966402Z", "fetched_at": "2025-07-14T12:42:30.425207+00:00", "symbol": "ETH-USD"}, {"trade_id": 666763667, "side": "buy", "size": "0.15000000", "price": "3042.31000000", "time": "2025-07-14T12:42:01.966402Z", "fetched_at": "2025-07-14T12:42:30.425207+00:00", "symbol": "ETH-USD"}, {"trade_id": 666763666, "side": "buy", "size": "0.00312623", "price": "3042.33000000", "time": "2025-07-14T12:42:01.966402Z", "fetched_at": "2025-07-14T12:42:30.425207+00:00", "symbol": "ETH-USD"}, {"trade_id": 666763665, "side": "buy", "size": "0.54255723", "price": "3042.33000000", "time": "2025-07-14T12:42:01.966402Z", "fetched_at": "2025-07-14T12:42:30.425207+00:00", "symbol": "ETH-USD"}, {"trade_id": 666763664, "side": "buy", "size": "1.13533000", "price": "3042.33000000", "time": "2025-07-14T12:42:01.966402Z", "fetched_at": "2025-07-14T12:42:30.425207+00:00", "symbol": "ETH-USD"}, {"trade_id": 666763663, "side": "buy", "size": "0.48600000", "price": "3042.33000000", "time": "2025-07-14T12:42:01.966402Z", "fetched_at": "2025-07-14T12:42:30.425207+00:00", "symbol": "ETH-USD"}, {"trade_id": 666763662, "side": "buy", "size": "0.00206473", "price": "3042.33000000", "time": "2025-07-14T12:42:01.294235Z", "fetched_at": "2025-07-14T12:42:30.425207+00:00", "symbol": "ETH-USD"}, {"trade_id": 666763661, "side": "buy", "size": "2.84556305", "price": "3042.14000000", "time": "2025-07-14T12:42:00.939085Z", "fetched_at": "2025-07-14T12:42:30.425207+00:00", "symbol": "ETH-USD"}, {"trade_id": 666763660, "side": "buy", "size": "2.14327856", "price": "3042.15000000", "time": "2025-07-14T12:42:00.939085Z", "fetched_at": "2025-07-14T12:42:30.425207+00:00", "symbol": "ETH-USD"}, {"trade_id": 666763659, "side": "buy", "size": "0.19999920", "price": "3042.18000000", "time": "2025-07-14T12:42:00.939085Z", "fetched_at": "2025-07-14T12:42:30.425207+00:00", "symbol": "ETH-USD"}, {"trade_id": 666763658, "side": "buy", "size": "0.02072842", "price": "3042.20000000", "time": "2025-07-14T12:42:00.939085Z", "fetched_at": "2025-07-14T12:42:30.425207+00:00", "symbol": "ETH-USD"}, {"trade_id": 666763657, "side": "buy", "size": "0.14500032", "price": "3042.20000000", "time": "2025-07-14T12:42:00.939085Z", "fetched_at": "2025-07-14T12:42:30.425207+00:00", "symbol": "ETH-USD"}, {"trade_id": 666763656, "side": "buy", "size": "0.02371967", "price": "3042.20000000", "time": "2025-07-14T12:42:00.939085Z", "fetched_at": "2025-07-14T12:42:30.425207+00:00", "symbol": "ETH-USD"}, {"trade_id": 666763655, "side": "buy", "size": "1.13533000", "price": "3042.29000000", "time": "2025-07-14T12:42:00.939085Z", "fetched_at": "2025-07-14T12:42:30.425207+00:00", "symbol": "ETH-USD"}, {"trade_id": 666763654, "side": "buy", "size": "0.00312627", "price": "3042.29000000", "time": "2025-07-14T12:42:00.939085Z", "fetched_at": "2025-07-14T12:42:30.425207+00:00", "symbol": "ETH-USD"}, {"trade_id": 666763653, "side": "buy", "size": "0.15000000", "price": "3042.29000000", "time": "2025-07-14T12:42:00.939085Z", "fetched_at": "2025-07-14T12:42:30.425207+00:00", "symbol": "ETH-USD"}, {"trade_id": 666763652, "side": "buy", "size": "0.48600000", "price": "3042.29000000", "time": "2025-07-14T12:42:00.939085Z", "fetched_at": "2025-07-14T12:42:30.425207+00:00", "symbol": "ETH-USD"}, {"trade_id": 666763651, "side": "sell", "size": "0.04791315", "price": "3042.30000000", "time": "2025-07-14T12:42:00.714758Z", "fetched_at": "2025-07-14T12:42:30.425207+00:00", "symbol": "ETH-USD"}, {"trade_id": 666763650, "side": "buy", "size": "0.00312612", "price": "3042.44000000", "time": "2025-07-14T12:41:59.426067Z", "fetched_at": "2025-07-14T12:42:30.425207+00:00", "symbol": "ETH-USD"}, {"trade_id": 666763649, "side": "buy", "size": "0.00312610", "price": "3042.46000000", "time": "2025-07-14T12:41:59.398516Z", "fetched_at": "2025-07-14T12:42:30.425207+00:00", "symbol": "ETH-USD"}, {"trade_id": 666763648, "side": "sell", "size": "0.00040000", "price": "3042.47000000", "time": "2025-07-14T12:41:58.847864Z", "fetched_at": "2025-07-14T12:42:30.425207+00:00", "symbol": "ETH-USD"}, {"trade_id": 666763647, "side": "sell", "size": "0.00000322", "price": "3042.47000000", "time": "2025-07-14T12:41:58.750074Z", "fetched_at": "2025-07-14T12:42:30.425207+00:00", "symbol": "ETH-USD"}, {"trade_id": 666763646, "side": "buy", "size": "0.11777793", "price": "3042.21000000", "time": "2025-07-14T12:41:58.541106Z", "fetched_at": "2025-07-14T12:42:30.425207+00:00", "symbol": "ETH-USD"}, {"trade_id": 666763645, "side": "buy", "size": "0.30000000", "price": "3042.22000000", "time": "2025-07-14T12:41:58.541106Z", "fetched_at": "2025-07-14T12:42:30.425207+00:00", "symbol": "ETH-USD"}, {"trade_id": 666763644, "side": "buy", "size": "0.08780224", "price": "3042.23000000", "time": "2025-07-14T12:41:58.541106Z", "fetched_at": "2025-07-14T12:42:30.425207+00:00", "symbol": "ETH-USD"}, {"trade_id": 666763643, "side": "buy", "size": "0.30000000", "price": "3042.30000000", "time": "2025-07-14T12:41:58.541106Z", "fetched_at": "2025-07-14T12:42:30.425207+00:00", "symbol": "ETH-USD"}, {"trade_id": 666763642, "side": "buy", "size": "0.01623755", "price": "3042.33000000", "time": "2025-07-14T12:41:58.541106Z", "fetched_at": "2025-07-14T12:42:30.425207+00:00", "symbol": "ETH-USD"}, {"trade_id": 666763641, "side": "buy", "size": "0.18241207", "price": "3042.42000000", "time": "2025-07-14T12:41:58.541106Z", "fetched_at": "2025-07-14T12:42:30.425207+00:00", "symbol": "ETH-USD"}, {"trade_id": 666763640, "side": "buy", "size": "0.00291265", "price": "3042.43000000", "time": "2025-07-14T12:41:58.541106Z", "fetched_at": "2025-07-14T12:42:30.425207+00:00", "symbol": "ETH-USD"}, {"trade_id": 666763639, "side": "sell", "size": "0.31874638", "price": "3042.67000000", "time": "2025-07-14T12:41:57.433515Z", "fetched_at": "2025-07-14T12:42:30.425207+00:00", "symbol": "ETH-USD"}, {"trade_id": 666763638, "side": "sell", "size": "0.00067459", "price": "3042.67000000", "time": "2025-07-14T12:41:57.433515Z", "fetched_at": "2025-07-14T12:42:30.425207+00:00", "symbol": "ETH-USD"}, {"trade_id": 666763637, "side": "sell", "size": "0.00032541", "price": "3042.67000000", "time": "2025-07-14T12:41:56.630110Z", "fetched_at": "2025-07-14T12:42:30.425207+00:00", "symbol": "ETH-USD"}, {"trade_id": 666763636, "side": "sell", "size": "0.16433859", "price": "3042.50000000", "time": "2025-07-14T12:41:55.156242Z", "fetched_at": "2025-07-14T12:42:30.425207+00:00", "symbol": "ETH-USD"}, {"trade_id": 666763635, "side": "sell", "size": "0.00014112", "price": "3042.44000000", "time": "2025-07-14T12:41:55.156193Z", "fetched_at": "2025-07-14T12:42:30.425207+00:00", "symbol": "ETH-USD"}, {"trade_id": 666763634, "side": "sell", "size": "0.00005589", "price": "3042.44000000", "time": "2025-07-14T12:41:55.156193Z", "fetched_at": "2025-07-14T12:42:30.425207+00:00", "symbol": "ETH-USD"}, {"trade_id": 666763633, "side": "sell", "size": "0.00030998", "price": "3042.44000000", "time": "2025-07-14T12:41:55.156193Z", "fetched_at": "2025-07-14T12:42:30.425207+00:00", "symbol": "ETH-USD"}, {"trade_id": 666763632, "side": "sell", "size": "0.00043426", "price": "3042.33000000", "time": "2025-07-14T12:41:55.156193Z", "fetched_at": "2025-07-14T12:42:30.425207+00:00", "symbol": "ETH-USD"}, {"trade_id": 666763631, "side": "sell", "size": "0.25663602", "price": "3042.33000000", "time": "2025-07-14T12:41:55.156193Z", "fetched_at": "2025-07-14T12:42:30.425207+00:00", "symbol": "ETH-USD"}, {"trade_id": 666763630, "side": "sell", "size": "0.38525994", "price": "3042.33000000", "time": "2025-07-14T12:41:55.155964Z", "fetched_at": "2025-07-14T12:42:30.425207+00:00", "symbol": "ETH-USD"}, {"trade_id": 666763629, "side": "sell", "size": "0.08773672", "price": "3042.33000000", "time": "2025-07-14T12:41:53.824746Z", "fetched_at": "2025-07-14T12:42:30.425207+00:00", "symbol": "ETH-USD"}, {"trade_id": 666763628, "side": "sell", "size": "0.00159638", "price": "3042.33000000", "time": "2025-07-14T12:41:53.104080Z", "fetched_at": "2025-07-14T12:42:30.425207+00:00", "symbol": "ETH-USD"}, {"trade_id": 666763627, "side": "sell", "size": "0.00206473", "price": "3042.33000000", "time": "2025-07-14T12:41:51.726087Z", "fetched_at": "2025-07-14T12:42:30.425207+00:00", "symbol": "ETH-USD"}, {"trade_id": 666763626, "side": "sell", "size": "0.00325562", "price": "3042.33000000", "time": "2025-07-14T12:41:51.326036Z", "fetched_at": "2025-07-14T12:42:30.425207+00:00", "symbol": "ETH-USD"}, {"trade_id": 666763625, "side": "sell", "size": "0.04953060", "price": "3042.33000000", "time": "2025-07-14T12:41:49.171386Z", "fetched_at": "2025-07-14T12:42:30.425207+00:00", "symbol": "ETH-USD"}, {"trade_id": 666763624, "side": "buy", "size": "0.05045526", "price": "3042.43000000", "time": "2025-07-14T12:41:48.165049Z", "fetched_at": "2025-07-14T12:42:30.425207+00:00", "symbol": "ETH-USD"}, {"trade_id": 666763623, "side": "buy", "size": "0.30542691", "price": "3042.43000000", "time": "2025-07-14T12:41:48.165049Z", "fetched_at": "2025-07-14T12:42:30.425207+00:00", "symbol": "ETH-USD"}, {"trade_id": 666763622, "side": "buy", "size": "0.05011783", "price": "3042.43000000", "time": "2025-07-14T12:41:48.165049Z", "fetched_at": "2025-07-14T12:42:30.425207+00:00", "symbol": "ETH-USD"}, {"trade_id": 666763621, "side": "buy", "size": "0.00288491", "price": "3042.43000000", "time": "2025-07-14T12:41:45.847092Z", "fetched_at": "2025-07-14T12:42:30.425207+00:00", "symbol": "ETH-USD"}, {"trade_id": 666763620, "side": "sell", "size": "0.38990657", "price": "3042.44000000", "time": "2025-07-14T12:41:45.739273Z", "fetched_at": "2025-07-14T12:42:30.425207+00:00", "symbol": "ETH-USD"}, {"trade_id": 666763619, "side": "buy", "size": "0.04423523", "price": "3042.43000000", "time": "2025-07-14T12:41:45.652389Z", "fetched_at": "2025-07-14T12:42:30.425207+00:00", "symbol": "ETH-USD"}, {"trade_id": 666763618, "side": "buy", "size": "0.05184342", "price": "3042.43000000", "time": "2025-07-14T12:41:45.652389Z", "fetched_at": "2025-07-14T12:42:30.425207+00:00", "symbol": "ETH-USD"}, {"trade_id": 666763617, "side": "sell", "size": "0.02832422", "price": "3042.44000000", "time": "2025-07-14T12:41:43.452228Z", "fetched_at": "2025-07-14T12:42:30.425207+00:00", "symbol": "ETH-USD"}, {"trade_id": 666763616, "side": "sell", "size": "0.01516692", "price": "3042.44000000", "time": "2025-07-14T12:41:42.335118Z", "fetched_at": "2025-07-14T12:42:30.425207+00:00", "symbol": "ETH-USD"}, {"trade_id": 666763615, "side": "sell", "size": "0.00004580", "price": "3042.44000000", "time": "2025-07-14T12:41:42.335118Z", "fetched_at": "2025-07-14T12:42:30.425207+00:00", "symbol": "ETH-USD"}, {"trade_id": 666763614, "side": "sell", "size": "0.00006557", "price": "3042.44000000", "time": "2025-07-14T12:41:42.335118Z", "fetched_at": "2025-07-14T12:42:30.425207+00:00", "symbol": "ETH-USD"}, {"trade_id": 666763613, "side": "sell", "size": "0.00100000", "price": "3042.44000000", "time": "2025-07-14T12:41:42.335118Z", "fetched_at": "2025-07-14T12:42:30.425207+00:00", "symbol": "ETH-USD"}, {"trade_id": 666763612, "side": "buy", "size": "0.00821161", "price": "3042.43000000", "time": "2025-07-14T12:41:41.937841Z", "fetched_at": "2025-07-14T12:42:30.425207+00:00", "symbol": "ETH-USD"}, {"trade_id": 666763611, "side": "sell", "size": "0.00031001", "price": "3042.21000000", "time": "2025-07-14T12:41:41.792359Z", "fetched_at": "2025-07-14T12:42:30.425207+00:00", "symbol": "ETH-USD"}, {"trade_id": 666763610, "side": "sell", "size": "0.00048007", "price": "3042.21000000", "time": "2025-07-14T12:41:41.792359Z", "fetched_at": "2025-07-14T12:42:30.425207+00:00", "symbol": "ETH-USD"}, {"trade_id": 666763609, "side": "sell", "size": "0.00005588", "price": "3042.21000000", "time": "2025-07-14T12:41:41.792359Z", "fetched_at": "2025-07-14T12:42:30.425207+00:00", "symbol": "ETH-USD"}, {"trade_id": 666763608, "side": "sell", "size": "0.00010335", "price": "3042.21000000", "time": "2025-07-14T12:41:41.792359Z", "fetched_at": "2025-07-14T12:42:30.425207+00:00", "symbol": "ETH-USD"}, {"trade_id": 666763607, "side": "sell", "size": "0.01559460", "price": "3042.21000000", "time": "2025-07-14T12:41:41.786081Z", "fetched_at": "2025-07-14T12:42:30.425207+00:00", "symbol": "ETH-USD"}, {"trade_id": 666763606, "side": "sell", "size": "0.70945081", "price": "3042.21000000", "time": "2025-07-14T12:41:41.782089Z", "fetched_at": "2025-07-14T12:42:30.425207+00:00", "symbol": "ETH-USD"}, {"trade_id": 666763605, "side": "sell", "size": "0.00100000", "price": "3042.21000000", "time": "2025-07-14T12:41:41.782089Z", "fetched_at": "2025-07-14T12:42:30.425207+00:00", "symbol": "ETH-USD"}, {"trade_id": 666763604, "side": "sell", "size": "0.59641001", "price": "3041.98000000", "time": "2025-07-14T12:41:41.299540Z", "fetched_at": "2025-07-14T12:42:30.425207+00:00", "symbol": "ETH-USD"}, {"trade_id": 666763603, "side": "sell", "size": "0.07271000", "price": "3041.98000000", "time": "2025-07-14T12:41:41.294673Z", "fetched_at": "2025-07-14T12:42:30.425207+00:00", "symbol": "ETH-USD"}, {"trade_id": 666763602, "side": "sell", "size": "0.00100000", "price": "3041.98000000", "time": "2025-07-14T12:41:41.294673Z", "fetched_at": "2025-07-14T12:42:30.425207+00:00", "symbol": "ETH-USD"}, {"trade_id": 666763601, "side": "sell", "size": "0.70176001", "price": "3041.93000000", "time": "2025-07-14T12:41:41.214390Z", "fetched_at": "2025-07-14T12:42:30.425207+00:00", "symbol": "ETH-USD"}, {"trade_id": 666763600, "side": "sell", "size": "0.59758098", "price": "3041.64000000", "time": "2025-07-14T12:41:41.044820Z", "fetched_at": "2025-07-14T12:42:30.425207+00:00", "symbol": "ETH-USD"}, {"trade_id": 666763599, "side": "sell", "size": "0.72828001", "price": "3041.37000000", "time": "2025-07-14T12:41:40.774573Z", "fetched_at": "2025-07-14T12:42:30.425207+00:00", "symbol": "ETH-USD"}, {"trade_id": 666763598, "side": "sell", "size": "0.77520001", "price": "3041.14000000", "time": "2025-07-14T12:41:40.331747Z", "fetched_at": "2025-07-14T12:42:30.425207+00:00", "symbol": "ETH-USD"}, {"trade_id": 666763597, "side": "sell", "size": "0.00024004", "price": "3041.14000000", "time": "2025-07-14T12:41:40.331747Z", "fetched_at": "2025-07-14T12:42:30.425207+00:00", "symbol": "ETH-USD"}, {"trade_id": 666763596, "side": "sell", "size": "0.00041434", "price": "3041.14000000", "time": "2025-07-14T12:41:40.331747Z", "fetched_at": "2025-07-14T12:42:30.425207+00:00", "symbol": "ETH-USD"}, {"trade_id": 666763595, "side": "sell", "size": "0.00007482", "price": "3041.14000000", "time": "2025-07-14T12:41:40.331747Z", "fetched_at": "2025-07-14T12:42:30.425207+00:00", "symbol": "ETH-USD"}, {"trade_id": 666763594, "side": "sell", "size": "0.00010334", "price": "3041.14000000", "time": "2025-07-14T12:41:40.331747Z", "fetched_at": "2025-07-14T12:42:30.425207+00:00", "symbol": "ETH-USD"}, {"trade_id": 666763593, "side": "buy", "size": "0.26231004", "price": "3041.13000000", "time": "2025-07-14T12:41:39.967655Z", "fetched_at": "2025-07-14T12:42:30.425207+00:00", "symbol": "ETH-USD"}, {"trade_id": 666763592, "side": "sell", "size": "0.03195827", "price": "3041.12000000", "time": "2025-07-14T12:41:39.689103Z", "fetched_at": "2025-07-14T12:42:30.425207+00:00", "symbol": "ETH-USD"}, {"trade_id": 666763591, "side": "buy", "size": "0.01660814", "price": "3041.11000000", "time": "2025-07-14T12:41:36.881950Z", "fetched_at": "2025-07-14T12:42:30.425207+00:00", "symbol": "ETH-USD"}, {"trade_id": 666763590, "side": "sell", "size": "4.11946000", "price": "3041.21000000", "time": "2025-07-14T12:41:33.942942Z", "fetched_at": "2025-07-14T12:42:30.425207+00:00", "symbol": "ETH-USD"}, {"trade_id": 666763589, "side": "sell", "size": "0.00024001", "price": "3041.20000000", "time": "2025-07-14T12:41:33.942942Z", "fetched_at": "2025-07-14T12:42:30.425207+00:00", "symbol": "ETH-USD"}, {"trade_id": 666763588, "side": "sell", "size": "0.26471950", "price": "3041.19000000", "time": "2025-07-14T12:41:33.942813Z", "fetched_at": "2025-07-14T12:42:30.425207+00:00", "symbol": "ETH-USD"}, {"trade_id": 666763587, "side": "sell", "size": "0.48600000", "price": "3041.10000000", "time": "2025-07-14T12:41:33.942813Z", "fetched_at": "2025-07-14T12:42:30.425207+00:00", "symbol": "ETH-USD"}, {"trade_id": 666763586, "side": "sell", "size": "0.31136781", "price": "3041.07000000", "time": "2025-07-14T12:41:33.942386Z", "fetched_at": "2025-07-14T12:42:30.425207+00:00", "symbol": "ETH-USD"}, {"trade_id": 666763585, "side": "sell", "size": "0.31382741", "price": "3041.04000000", "time": "2025-07-14T12:41:33.942386Z", "fetched_at": "2025-07-14T12:42:30.425207+00:00", "symbol": "ETH-USD"}, {"trade_id": 666763584, "side": "sell", "size": "0.82209177", "price": "3041.03000000", "time": "2025-07-14T12:41:33.942386Z", "fetched_at": "2025-07-14T12:42:30.425207+00:00", "symbol": "ETH-USD"}, {"trade_id": 666763583, "side": "sell", "size": "0.37176381", "price": "3041.02000000", "time": "2025-07-14T12:41:33.942386Z", "fetched_at": "2025-07-14T12:42:30.425207+00:00", "symbol": "ETH-USD"}, {"trade_id": 666763582, "side": "sell", "size": "0.85325506", "price": "3041.02000000", "time": "2025-07-14T12:41:33.942386Z", "fetched_at": "2025-07-14T12:42:30.425207+00:00", "symbol": "ETH-USD"}, {"trade_id": 666763581, "side": "sell", "size": "0.00260655", "price": "3041.01000000", "time": "2025-07-14T12:41:33.942386Z", "fetched_at": "2025-07-14T12:42:30.425207+00:00", "symbol": "ETH-USD"}, {"trade_id": 666763580, "side": "sell", "size": "0.84259415", "price": "3040.88000000", "time": "2025-07-14T12:41:33.942279Z", "fetched_at": "2025-07-14T12:42:30.425207+00:00", "symbol": "ETH-USD"}, {"trade_id": 666763579, "side": "sell", "size": "0.00010338", "price": "3040.84000000", "time": "2025-07-14T12:41:33.942279Z", "fetched_at": "2025-07-14T12:42:30.425207+00:00", "symbol": "ETH-USD"}, {"trade_id": 666763578, "side": "sell", "size": "0.00003696", "price": "3040.79000000", "time": "2025-07-14T12:41:33.942279Z", "fetched_at": "2025-07-14T12:42:30.425207+00:00", "symbol": "ETH-USD"}, {"trade_id": 666763577, "side": "sell", "size": "0.00020569", "price": "3040.79000000", "time": "2025-07-14T12:41:33.942279Z", "fetched_at": "2025-07-14T12:42:30.425207+00:00", "symbol": "ETH-USD"}, {"trade_id": 666763576, "side": "sell", "size": "0.65328353", "price": "3040.78000000", "time": "2025-07-14T12:41:33.942279Z", "fetched_at": "2025-07-14T12:42:30.425207+00:00", "symbol": "ETH-USD"}, {"trade_id": 666763575, "side": "sell", "size": "0.16887611", "price": "3040.78000000", "time": "2025-07-14T12:41:33.941905Z", "fetched_at": "2025-07-14T12:42:30.425207+00:00", "symbol": "ETH-USD"}, {"trade_id": 666763574, "side": "sell", "size": "0.65352618", "price": "3040.75000000", "time": "2025-07-14T12:41:33.941905Z", "fetched_at": "2025-07-14T12:42:30.425207+00:00", "symbol": "ETH-USD"}, {"trade_id": 666763573, "side": "sell", "size": "0.16443582", "price": "3040.70000000", "time": "2025-07-14T12:41:33.941674Z", "fetched_at": "2025-07-14T12:42:30.425207+00:00", "symbol": "ETH-USD"}, {"trade_id": 666763572, "side": "sell", "size": "0.60000000", "price": "3040.68000000", "time": "2025-07-14T12:41:33.941674Z", "fetched_at": "2025-07-14T12:42:30.425207+00:00", "symbol": "ETH-USD"}, {"trade_id": 666763571, "side": "sell", "size": "0.76500001", "price": "3040.68000000", "time": "2025-07-14T12:41:33.941674Z", "fetched_at": "2025-07-14T12:42:30.425207+00:00", "symbol": "ETH-USD"}, {"trade_id": 666763570, "side": "buy", "size": "0.01249038", "price": "3040.74000000", "time": "2025-07-14T12:41:32.999205Z", "fetched_at": "2025-07-14T12:42:30.425207+00:00", "symbol": "ETH-USD"}, {"trade_id": 666763569, "side": "buy", "size": "0.00128570", "price": "3040.74000000", "time": "2025-07-14T12:41:32.999205Z", "fetched_at": "2025-07-14T12:42:30.425207+00:00", "symbol": "ETH-USD"}, {"trade_id": 666763568, "side": "buy", "size": "0.00127795", "price": "3040.78000000", "time": "2025-07-14T12:41:32.491745Z", "fetched_at": "2025-07-14T12:42:30.425207+00:00", "symbol": "ETH-USD"}, {"trade_id": 666763567, "side": "buy", "size": "0.03798367", "price": "3040.78000000", "time": "2025-07-14T12:41:32.491745Z", "fetched_at": "2025-07-14T12:42:30.425207+00:00", "symbol": "ETH-USD"}, {"trade_id": 666763566, "side": "buy", "size": "0.01108268", "price": "3040.78000000", "time": "2025-07-14T12:41:32.491745Z", "fetched_at": "2025-07-14T12:42:30.425207+00:00", "symbol": "ETH-USD"}, {"trade_id": 666763565, "side": "buy", "size": "0.28476246", "price": "3040.78000000", "time": "2025-07-14T12:41:32.491745Z", "fetched_at": "2025-07-14T12:42:30.425207+00:00", "symbol": "ETH-USD"}, {"trade_id": 666763564, "side": "buy", "size": "0.00155946", "price": "3040.78000000", "time": "2025-07-14T12:41:32.491745Z", "fetched_at": "2025-07-14T12:42:30.425207+00:00", "symbol": "ETH-USD"}, {"trade_id": 666763563, "side": "sell", "size": "0.00002930", "price": "3040.79000000", "time": "2025-07-14T12:41:31.444855Z", "fetched_at": "2025-07-14T12:42:30.425207+00:00", "symbol": "ETH-USD"}, {"trade_id": 666763562, "side": "sell", "size": "0.00317372", "price": "3040.79000000", "time": "2025-07-14T12:41:30.188495Z", "fetched_at": "2025-07-14T12:42:30.425207+00:00", "symbol": "ETH-USD"}, {"trade_id": 666763561, "side": "buy", "size": "0.00274752", "price": "3040.67000000", "time": "2025-07-14T12:41:27.195332Z", "fetched_at": "2025-07-14T12:42:30.425207+00:00", "symbol": "ETH-USD"}, {"trade_id": 666763560, "side": "buy", "size": "0.00090542", "price": "3040.85000000", "time": "2025-07-14T12:41:27.195332Z", "fetched_at": "2025-07-14T12:42:30.425207+00:00", "symbol": "ETH-USD"}, {"trade_id": 666763559, "side": "sell", "size": "0.61472001", "price": "3040.67000000", "time": "2025-07-14T12:41:26.483012Z", "fetched_at": "2025-07-14T12:42:30.425207+00:00", "symbol": "ETH-USD"}, {"trade_id": 666763558, "side": "sell", "size": "0.00228837", "price": "3040.67000000", "time": "2025-07-14T12:41:26.483012Z", "fetched_at": "2025-07-14T12:42:30.425207+00:00", "symbol": "ETH-USD"}, {"trade_id": 666763557, "side": "sell", "size": "0.66640001", "price": "3040.69000000", "time": "2025-07-14T12:41:26.428466Z", "fetched_at": "2025-07-14T12:42:30.425207+00:00", "symbol": "ETH-USD"}, {"trade_id": 666763556, "side": "sell", "size": "0.00228837", "price": "3040.63000000", "time": "2025-07-14T12:41:26.428466Z", "fetched_at": "2025-07-14T12:42:30.425207+00:00", "symbol": "ETH-USD"}, {"trade_id": 666763555, "side": "sell", "size": "0.00228837", "price": "3040.70000000", "time": "2025-07-14T12:41:26.392861Z", "fetched_at": "2025-07-14T12:42:30.425207+00:00", "symbol": "ETH-USD"}, {"trade_id": 666763554, "side": "sell", "size": "0.57188001", "price": "3040.70000000", "time": "2025-07-14T12:41:26.392861Z", "fetched_at": "2025-07-14T12:42:30.425207+00:00", "symbol": "ETH-USD"}, {"trade_id": 666763553, "side": "sell", "size": "0.62120401", "price": "3040.72000000", "time": "2025-07-14T12:41:26.127753Z", "fetched_at": "2025-07-14T12:42:30.425207+00:00", "symbol": "ETH-USD"}, {"trade_id": 666763552, "side": "sell", "size": "0.13427600", "price": "3040.71000000", "time": "2025-07-14T12:41:26.127753Z", "fetched_at": "2025-07-14T12:42:30.425207+00:00", "symbol": "ETH-USD"}, {"trade_id": 666763551, "side": "sell", "size": "0.52102948", "price": "3040.74000000", "time": "2025-07-14T12:41:26.116213Z", "fetched_at": "2025-07-14T12:42:30.425207+00:00", "symbol": "ETH-USD"}, {"trade_id": 666763550, "side": "sell", "size": "0.15000000", "price": "3040.73000000", "time": "2025-07-14T12:41:26.116213Z", "fetched_at": "2025-07-14T12:42:30.425207+00:00", "symbol": "ETH-USD"}, {"trade_id": 666763549, "side": "buy", "size": "0.00312745", "price": "3041.14000000", "time": "2025-07-14T12:41:25.976363Z", "fetched_at": "2025-07-14T12:42:30.425207+00:00", "symbol": "ETH-USD"}, {"trade_id": 666763548, "side": "buy", "size": "0.48600000", "price": "3040.50000000", "time": "2025-07-14T12:41:25.970665Z", "fetched_at": "2025-07-14T12:42:30.425207+00:00", "symbol": "ETH-USD"}, {"trade_id": 666763547, "side": "buy", "size": "0.00312744", "price": "3041.15000000", "time": "2025-07-14T12:41:25.958413Z", "fetched_at": "2025-07-14T12:42:30.425207+00:00", "symbol": "ETH-USD"}, {"trade_id": 666763546, "side": "buy", "size": "0.00312744", "price": "3041.15000000", "time": "2025-07-14T12:41:25.949236Z", "fetched_at": "2025-07-14T12:42:30.425207+00:00", "symbol": "ETH-USD"}, {"trade_id": 666763545, "side": "sell", "size": "0.01572400", "price": "3041.16000000", "time": "2025-07-14T12:41:25.940814Z", "fetched_at": "2025-07-14T12:42:30.425207+00:00", "symbol": "ETH-USD"}, {"trade_id": 666763544, "side": "sell", "size": "0.48600000", "price": "3041.16000000", "time": "2025-07-14T12:41:25.940814Z", "fetched_at": "2025-07-14T12:42:30.425207+00:00", "symbol": "ETH-USD"}, {"trade_id": 666763543, "side": "sell", "size": "0.15888577", "price": "3041.16000000", "time": "2025-07-14T12:41:25.940814Z", "fetched_at": "2025-07-14T12:42:30.425207+00:00", "symbol": "ETH-USD"}, {"trade_id": 666763542, "side": "buy", "size": "0.16137422", "price": "3040.38000000", "time": "2025-07-14T12:41:25.925522Z", "fetched_at": "2025-07-14T12:42:30.425207+00:00", "symbol": "ETH-USD"}, {"trade_id": 666763541, "side": "buy", "size": "0.00049319", "price": "3040.45000000", "time": "2025-07-14T12:41:25.925522Z", "fetched_at": "2025-07-14T12:42:30.425207+00:00", "symbol": "ETH-USD"}, {"trade_id": 666763540, "side": "buy", "size": "1.66791430", "price": "3040.69000000", "time": "2025-07-14T12:41:25.925522Z", "fetched_at": "2025-07-14T12:42:30.425207+00:00", "symbol": "ETH-USD"}, {"trade_id": 666763539, "side": "buy", "size": "0.36167241", "price": "3040.82000000", "time": "2025-07-14T12:41:25.925522Z", "fetched_at": "2025-07-14T12:42:30.425207+00:00", "symbol": "ETH-USD"}, {"trade_id": 666763538, "side": "buy", "size": "0.07869034", "price": "3040.65000000", "time": "2025-07-14T12:41:25.894649Z", "fetched_at": "2025-07-14T12:42:30.425207+00:00", "symbol": "ETH-USD"}, {"trade_id": 666763537, "side": "buy", "size": "0.08283994", "price": "3040.66000000", "time": "2025-07-14T12:41:25.894649Z", "fetched_at": "2025-07-14T12:42:30.425207+00:00", "symbol": "ETH-USD"}, {"trade_id": 666763536, "side": "buy", "size": "0.09096409", "price": "3040.67000000", "time": "2025-07-14T12:41:25.894649Z", "fetched_at": "2025-07-14T12:42:30.425207+00:00", "symbol": "ETH-USD"}, {"trade_id": 666763535, "side": "buy", "size": "0.11083123", "price": "3040.68000000", "time": "2025-07-14T12:41:25.894649Z", "fetched_at": "2025-07-14T12:42:30.425207+00:00", "symbol": "ETH-USD"}, {"trade_id": 666763534, "side": "buy", "size": "0.00312792", "price": "3040.69000000", "time": "2025-07-14T12:41:25.894649Z", "fetched_at": "2025-07-14T12:42:30.425207+00:00", "symbol": "ETH-USD"}, {"trade_id": 666763533, "side": "buy", "size": "0.10974110", "price": "3040.69000000", "time": "2025-07-14T12:41:25.894649Z", "fetched_at": "2025-07-14T12:42:30.425207+00:00", "symbol": "ETH-USD"}, {"trade_id": 666763532, "side": "buy", "size": "0.15000000", "price": "3040.64000000", "time": "2025-07-14T12:41:25.862358Z", "fetched_at": "2025-07-14T12:42:30.425207+00:00", "symbol": "ETH-USD"}, {"trade_id": 666763531, "side": "buy", "size": "0.23112000", "price": "3040.78000000", "time": "2025-07-14T12:41:25.862358Z", "fetched_at": "2025-07-14T12:42:30.425207+00:00", "symbol": "ETH-USD"}, {"trade_id": 666763530, "side": "sell", "size": "0.08197809", "price": "3041.20000000", "time": "2025-07-14T12:41:25.854409Z", "fetched_at": "2025-07-14T12:42:30.425207+00:00", "symbol": "ETH-USD"}, {"trade_id": 666763529, "side": "sell", "size": "0.30000000", "price": "3041.18000000", "time": "2025-07-14T12:41:25.854409Z", "fetched_at": "2025-07-14T12:42:30.425207+00:00", "symbol": "ETH-USD"}, {"trade_id": 666763528, "side": "sell", "size": "0.48600000", "price": "3041.18000000", "time": "2025-07-14T12:41:25.854409Z", "fetched_at": "2025-07-14T12:42:30.425207+00:00", "symbol": "ETH-USD"}, {"trade_id": 666763527, "side": "sell", "size": "0.00834227", "price": "3041.18000000", "time": "2025-07-14T12:41:25.854409Z", "fetched_at": "2025-07-14T12:42:30.425207+00:00", "symbol": "ETH-USD"}, {"trade_id": 666763526, "side": "buy", "size": "0.00312742", "price": "3041.17000000", "time": "2025-07-14T12:41:25.853390Z", "fetched_at": "2025-07-14T12:42:30.425207+00:00", "symbol": "ETH-USD"}, {"trade_id": 666763525, "side": "buy", "size": "0.13471361", "price": "3040.59000000", "time": "2025-07-14T12:41:25.847914Z", "fetched_at": "2025-07-14T12:42:30.425207+00:00", "symbol": "ETH-USD"}, {"trade_id": 666763524, "side": "buy", "size": "0.04412545", "price": "3040.63000000", "time": "2025-07-14T12:41:25.844499Z", "fetched_at": "2025-07-14T12:42:30.425207+00:00", "symbol": "ETH-USD"}, {"trade_id": 666763523, "side": "buy", "size": "0.15000000", "price": "3040.91000000", "time": "2025-07-14T12:41:25.844499Z", "fetched_at": "2025-07-14T12:42:30.425207+00:00", "symbol": "ETH-USD"}, {"trade_id": 666763522, "side": "buy", "size": "0.32212443", "price": "3040.90000000", "time": "2025-07-14T12:41:25.839878Z", "fetched_at": "2025-07-14T12:42:30.425207+00:00", "symbol": "ETH-USD"}, {"trade_id": 666763521, "side": "buy", "size": "0.50000000", "price": "3040.98000000", "time": "2025-07-14T12:41:25.839878Z", "fetched_at": "2025-07-14T12:42:30.425207+00:00", "symbol": "ETH-USD"}, {"trade_id": 666763520, "side": "buy", "size": "0.40359361", "price": "3040.62000000", "time": "2025-07-14T12:41:25.835341Z", "fetched_at": "2025-07-14T12:42:30.425207+00:00", "symbol": "ETH-USD"}, {"trade_id": 666763519, "side": "buy", "size": "0.20000000", "price": "3040.62000000", "time": "2025-07-14T12:41:25.835341Z", "fetched_at": "2025-07-14T12:42:30.425207+00:00", "symbol": "ETH-USD"}, {"trade_id": 666763518, "side": "buy", "size": "0.23112000", "price": "3040.74000000", "time": "2025-07-14T12:41:25.835341Z", "fetched_at": "2025-07-14T12:42:30.425207+00:00", "symbol": "ETH-USD"}, {"trade_id": 666763517, "side": "buy", "size": "0.00312762", "price": "3040.98000000", "time": "2025-07-14T12:41:25.835341Z", "fetched_at": "2025-07-14T12:42:30.425207+00:00", "symbol": "ETH-USD"}, {"trade_id": 666763516, "side": "sell", "size": "0.48600000", "price": "3040.99000000", "time": "2025-07-14T12:41:25.831311Z", "fetched_at": "2025-07-14T12:42:30.425207+00:00", "symbol": "ETH-USD"}, {"trade_id": 666763515, "side": "buy", "size": "0.20312793", "price": "3040.69000000", "time": "2025-07-14T12:41:25.830941Z", "fetched_at": "2025-07-14T12:42:30.425207+00:00", "symbol": "ETH-USD"}, {"trade_id": 666763514, "side": "sell", "size": "0.48600000", "price": "3040.93000000", "time": "2025-07-14T12:41:25.811182Z", "fetched_at": "2025-07-14T12:42:30.425207+00:00", "symbol": "ETH-USD"}, {"trade_id": 666763513, "side": "sell", "size": "0.03020702", "price": "3040.80000000", "time": "2025-07-14T12:41:25.811182Z", "fetched_at": "2025-07-14T12:42:30.425207+00:00", "symbol": "ETH-USD"}, {"trade_id": 666763512, "side": "sell", "size": "0.07153904", "price": "3040.69000000", "time": "2025-07-14T12:41:25.811182Z", "fetched_at": "2025-07-14T12:42:30.425207+00:00", "symbol": "ETH-USD"}, {"trade_id": 666763511, "side": "sell", "size": "0.48702248", "price": "3040.65000000", "time": "2025-07-14T12:41:25.800430Z", "fetched_at": "2025-07-14T12:42:30.425207+00:00", "symbol": "ETH-USD"}, {"trade_id": 666763510, "side": "sell", "size": "0.02918454", "price": "3040.64000000", "time": "2025-07-14T12:41:25.800430Z", "fetched_at": "2025-07-14T12:42:30.425207+00:00", "symbol": "ETH-USD"}, {"trade_id": 666763509, "side": "buy", "size": "0.26473529", "price": "3040.49000000", "time": "2025-07-14T12:41:25.800240Z", "fetched_at": "2025-07-14T12:42:30.425207+00:00", "symbol": "ETH-USD"}, {"trade_id": 666763508, "side": "buy", "size": "0.16444663", "price": "3040.50000000", "time": "2025-07-14T12:41:25.800240Z", "fetched_at": "2025-07-14T12:42:30.425207+00:00", "symbol": "ETH-USD"}, {"trade_id": 666763507, "side": "buy", "size": "0.20000000", "price": "3040.59000000", "time": "2025-07-14T12:41:25.799642Z", "fetched_at": "2025-07-14T12:42:30.425207+00:00", "symbol": "ETH-USD"}, {"trade_id": 666763506, "side": "buy", "size": "0.09112471", "price": "3040.59000000", "time": "2025-07-14T12:41:25.792208Z", "fetched_at": "2025-07-14T12:42:30.425207+00:00", "symbol": "ETH-USD"}, {"trade_id": 666763505, "side": "buy", "size": "0.82220343", "price": "3040.61000000", "time": "2025-07-14T12:41:25.792208Z", "fetched_at": "2025-07-14T12:42:30.425207+00:00", "symbol": "ETH-USD"}, {"trade_id": 666763504, "side": "sell", "size": "0.01668859", "price": "3040.91000000", "time": "2025-07-14T12:41:25.789771Z", "fetched_at": "2025-07-14T12:42:30.425207+00:00", "symbol": "ETH-USD"}, {"trade_id": 666763503, "side": "buy", "size": "0.19999968", "price": "3040.56000000", "time": "2025-07-14T12:41:25.787166Z", "fetched_at": "2025-07-14T12:42:30.425207+00:00", "symbol": "ETH-USD"}, {"trade_id": 666763502, "side": "buy", "size": "0.85561419", "price": "3040.57000000", "time": "2025-07-14T12:41:25.787166Z", "fetched_at": "2025-07-14T12:42:30.425207+00:00", "symbol": "ETH-USD"}, {"trade_id": 666763501, "side": "buy", "size": "0.92497029", "price": "3040.58000000", "time": "2025-07-14T12:41:25.787166Z", "fetched_at": "2025-07-14T12:42:30.425207+00:00", "symbol": "ETH-USD"}, {"trade_id": 666763500, "side": "buy", "size": "0.00100000", "price": "3040.60000000", "time": "2025-07-14T12:41:25.787166Z", "fetched_at": "2025-07-14T12:42:30.425207+00:00", "symbol": "ETH-USD"}, {"trade_id": 666763499, "side": "buy", "size": "0.10877738", "price": "3040.69000000", "time": "2025-07-14T12:41:25.787166Z", "fetched_at": "2025-07-14T12:42:30.425207+00:00", "symbol": "ETH-USD"}, {"trade_id": 666763498, "side": "buy", "size": "0.37479359", "price": "3040.69000000", "time": "2025-07-14T12:41:25.785846Z", "fetched_at": "2025-07-14T12:42:30.425207+00:00", "symbol": "ETH-USD"}, {"trade_id": 666763497, "side": "buy", "size": "0.71642903", "price": "3040.69000000", "time": "2025-07-14T12:41:25.785602Z", "fetched_at": "2025-07-14T12:42:30.425207+00:00", "symbol": "ETH-USD"}, {"trade_id": 666763496, "side": "buy", "size": "0.13155926", "price": "3040.69000000", "time": "2025-07-14T12:41:25.785602Z", "fetched_at": "2025-07-14T12:42:30.425207+00:00", "symbol": "ETH-USD"}, {"trade_id": 666763495, "side": "buy", "size": "1.31188728", "price": "3040.75000000", "time": "2025-07-14T12:41:25.785602Z", "fetched_at": "2025-07-14T12:42:30.425207+00:00", "symbol": "ETH-USD"}, {"trade_id": 666763494, "side": "buy", "size": "0.34464397", "price": "3040.81000000", "time": "2025-07-14T12:41:25.785602Z", "fetched_at": "2025-07-14T12:42:30.425207+00:00", "symbol": "ETH-USD"}, {"trade_id": 666763493, "side": "buy", "size": "0.10877738", "price": "3040.82000000", "time": "2025-07-14T12:41:25.785602Z", "fetched_at": "2025-07-14T12:42:30.425207+00:00", "symbol": "ETH-USD"}, {"trade_id": 666763492, "side": "buy", "size": "3.51993484", "price": "3040.81000000", "time": "2025-07-14T12:41:25.783697Z", "fetched_at": "2025-07-14T12:42:30.425207+00:00", "symbol": "ETH-USD"}, {"trade_id": 666763491, "side": "buy", "size": "0.00100000", "price": "3040.83000000", "time": "2025-07-14T12:41:25.783697Z", "fetched_at": "2025-07-14T12:42:30.425207+00:00", "symbol": "ETH-USD"}, {"trade_id": 666763490, "side": "buy", "size": "0.24269000", "price": "3041.40000000", "time": "2025-07-14T12:41:25.781965Z", "fetched_at": "2025-07-14T12:42:30.425207+00:00", "symbol": "ETH-USD"}, {"trade_id": 666763489, "side": "buy", "size": "0.07844415", "price": "3040.87000000", "time": "2025-07-14T12:41:25.781109Z", "fetched_at": "2025-07-14T12:42:30.425207+00:00", "symbol": "ETH-USD"}, {"trade_id": 666763488, "side": "buy", "size": "0.19999994", "price": "3040.90000000", "time": "2025-07-14T12:41:25.781109Z", "fetched_at": "2025-07-14T12:42:30.425207+00:00", "symbol": "ETH-USD"}, {"trade_id": 666763487, "side": "buy", "size": "0.38288260", "price": "3040.92000000", "time": "2025-07-14T12:41:25.781109Z", "fetched_at": "2025-07-14T12:42:30.425207+00:00", "symbol": "ETH-USD"}, {"trade_id": 666763486, "side": "buy", "size": "0.20000000", "price": "3040.92000000", "time": "2025-07-14T12:41:25.781109Z", "fetched_at": "2025-07-14T12:42:30.425207+00:00", "symbol": "ETH-USD"}, {"trade_id": 666763485, "side": "buy", "size": "0.40000000", "price": "3040.92000000", "time": "2025-07-14T12:41:25.781109Z", "fetched_at": "2025-07-14T12:42:30.425207+00:00", "symbol": "ETH-USD"}, {"trade_id": 666763484, "side": "buy", "size": "0.00000328", "price": "3040.93000000", "time": "2025-07-14T12:41:25.780175Z", "fetched_at": "2025-07-14T12:42:30.425207+00:00", "symbol": "ETH-USD"}, {"trade_id": 666763483, "side": "buy", "size": "0.04512106", "price": "3040.93000000", "time": "2025-07-14T12:41:25.780175Z", "fetched_at": "2025-07-14T12:42:30.425207+00:00", "symbol": "ETH-USD"}, {"trade_id": 666763482, "side": "buy", "size": "0.82211141", "price": "3040.95000000", "time": "2025-07-14T12:41:25.780175Z", "fetched_at": "2025-07-14T12:42:30.425207+00:00", "symbol": "ETH-USD"}, {"trade_id": 666763481, "side": "buy", "size": "0.19999979", "price": "3041.13000000", "time": "2025-07-14T12:41:25.779162Z", "fetched_at": "2025-07-14T12:42:30.425207+00:00", "symbol": "ETH-USD"}, {"trade_id": 666763480, "side": "buy", "size": "0.11497260", "price": "3041.21000000", "time": "2025-07-14T12:41:25.779162Z", "fetched_at": "2025-07-14T12:42:30.425207+00:00", "symbol": "ETH-USD"}, {"trade_id": 666763479, "side": "buy", "size": "0.70706604", "price": "3041.21000000", "time": "2025-07-14T12:41:25.778526Z", "fetched_at": "2025-07-14T12:42:30.425207+00:00", "symbol": "ETH-USD"}, {"trade_id": 666763478, "side": "buy", "size": "0.12542219", "price": "3041.23000000", "time": "2025-07-14T12:41:25.778526Z", "fetched_at": "2025-07-14T12:42:30.425207+00:00", "symbol": "ETH-USD"}, {"trade_id": 666763477, "side": "buy", "size": "0.00100000", "price": "3041.29000000", "time": "2025-07-14T12:41:25.777582Z", "fetched_at": "2025-07-14T12:42:30.425207+00:00", "symbol": "ETH-USD"}, {"trade_id": 666763476, "side": "buy", "size": "0.16440118", "price": "3041.34000000", "time": "2025-07-14T12:41:25.777582Z", "fetched_at": "2025-07-14T12:42:30.425207+00:00", "symbol": "ETH-USD"}, {"trade_id": 666763475, "side": "buy", "size": "0.07595261", "price": "3041.37000000", "time": "2025-07-14T12:41:25.776002Z", "fetched_at": "2025-07-14T12:42:30.425207+00:00", "symbol": "ETH-USD"}, {"trade_id": 666763474, "side": "buy", "size": "0.00000657", "price": "3041.37000000", "time": "2025-07-14T12:41:25.776002Z", "fetched_at": "2025-07-14T12:42:30.425207+00:00", "symbol": "ETH-USD"}, {"trade_id": 666763473, "side": "buy", "size": "0.00000849", "price": "3041.39000000", "time": "2025-07-14T12:41:25.776002Z", "fetched_at": "2025-07-14T12:42:30.425207+00:00", "symbol": "ETH-USD"}, {"trade_id": 666763472, "side": "buy", "size": "0.68283000", "price": "3041.39000000", "time": "2025-07-14T12:41:25.775988Z", "fetched_at": "2025-07-14T12:42:30.425207+00:00", "symbol": "ETH-USD"}, {"trade_id": 666763471, "side": "buy", "size": "0.19723431", "price": "3041.42000000", "time": "2025-07-14T12:41:25.774884Z", "fetched_at": "2025-07-14T12:42:30.425207+00:00", "symbol": "ETH-USD"}, {"trade_id": 666763470, "side": "buy", "size": "0.00312709", "price": "3041.48000000", "time": "2025-07-14T12:41:25.774884Z", "fetched_at": "2025-07-14T12:42:30.425207+00:00", "symbol": "ETH-USD"}, {"trade_id": 666763469, "side": "buy", "size": "0.14687291", "price": "3041.48000000", "time": "2025-07-14T12:41:25.774238Z", "fetched_at": "2025-07-14T12:42:30.425207+00:00", "symbol": "ETH-USD"}, {"trade_id": 666763468, "side": "buy", "size": "0.00312709", "price": "3041.49000000", "time": "2025-07-14T12:41:25.774238Z", "fetched_at": "2025-07-14T12:42:30.425207+00:00", "symbol": "ETH-USD"}, {"trade_id": 666763467, "side": "buy", "size": "0.09259440", "price": "3041.75000000", "time": "2025-07-14T12:41:25.773270Z", "fetched_at": "2025-07-14T12:42:30.425207+00:00", "symbol": "ETH-USD"}, {"trade_id": 666763466, "side": "buy", "size": "0.00091153", "price": "3041.75000000", "time": "2025-07-14T12:41:25.773270Z", "fetched_at": "2025-07-14T12:42:30.425207+00:00", "symbol": "ETH-USD"}, {"trade_id": 666763465, "side": "buy", "size": "0.41024819", "price": "3041.75000000", "time": "2025-07-14T12:41:25.773270Z", "fetched_at": "2025-07-14T12:42:30.425207+00:00", "symbol": "ETH-USD"}, {"trade_id": 666763464, "side": "buy", "size": "0.03261200", "price": "3041.75000000", "time": "2025-07-14T12:41:25.446952Z", "fetched_at": "2025-07-14T12:42:30.425207+00:00", "symbol": "ETH-USD"}, {"trade_id": 666763463, "side": "sell", "size": "0.45950407", "price": "3041.84000000", "time": "2025-07-14T12:41:25.074534Z", "fetched_at": "2025-07-14T12:42:30.425207+00:00", "symbol": "ETH-USD"}, {"trade_id": 666763462, "side": "sell", "size": "0.19994986", "price": "3041.81000000", "time": "2025-07-14T12:41:25.074534Z", "fetched_at": "2025-07-14T12:42:30.425207+00:00", "symbol": "ETH-USD"}, {"trade_id": 666763461, "side": "sell", "size": "0.53471882", "price": "3041.80000000", "time": "2025-07-14T12:41:25.074534Z", "fetched_at": "2025-07-14T12:42:30.425207+00:00", "symbol": "ETH-USD"}, {"trade_id": 666763460, "side": "sell", "size": "0.43802364", "price": "3041.79000000", "time": "2025-07-14T12:41:25.074534Z", "fetched_at": "2025-07-14T12:42:30.425207+00:00", "symbol": "ETH-USD"}, {"trade_id": 666763459, "side": "sell", "size": "0.44080121", "price": "3041.79000000", "time": "2025-07-14T12:41:25.074534Z", "fetched_at": "2025-07-14T12:42:30.425207+00:00", "symbol": "ETH-USD"}, {"trade_id": 666763458, "side": "sell", "size": "0.16437886", "price": "3041.76000000", "time": "2025-07-14T12:41:25.074534Z", "fetched_at": "2025-07-14T12:42:30.425207+00:00", "symbol": "ETH-USD"}, {"trade_id": 666763457, "side": "sell", "size": "0.00100000", "price": "3041.75000000", "time": "2025-07-14T12:41:25.074534Z", "fetched_at": "2025-07-14T12:42:30.425207+00:00", "symbol": "ETH-USD"}, {"trade_id": 666763456, "side": "sell", "size": "0.00100000", "price": "3041.52000000", "time": "2025-07-14T12:41:25.074534Z", "fetched_at": "2025-07-14T12:42:30.425207+00:00", "symbol": "ETH-USD"}, {"trade_id": 666763455, "side": "sell", "size": "0.15000000", "price": "3041.50000000", "time": "2025-07-14T12:41:25.074534Z", "fetched_at": "2025-07-14T12:42:30.425207+00:00", "symbol": "ETH-USD"}, {"trade_id": 666763454, "side": "sell", "size": "0.00039825", "price": "3041.50000000", "time": "2025-07-14T12:41:25.074534Z", "fetched_at": "2025-07-14T12:42:30.425207+00:00", "symbol": "ETH-USD"}, {"trade_id": 666763453, "side": "sell", "size": "0.00007192", "price": "3041.50000000", "time": "2025-07-14T12:41:25.074534Z", "fetched_at": "2025-07-14T12:42:30.425207+00:00", "symbol": "ETH-USD"}, {"trade_id": 666763452, "side": "sell", "size": "0.00010335", "price": "3041.50000000", "time": "2025-07-14T12:41:25.074534Z", "fetched_at": "2025-07-14T12:42:30.425207+00:00", "symbol": "ETH-USD"}, {"trade_id": 666763451, "side": "sell", "size": "0.59704001", "price": "3041.50000000", "time": "2025-07-14T12:41:25.074534Z", "fetched_at": "2025-07-14T12:42:30.425207+00:00", "symbol": "ETH-USD"}, {"trade_id": 666763450, "side": "sell", "size": "0.20793881", "price": "3041.50000000", "time": "2025-07-14T12:41:25.074534Z", "fetched_at": "2025-07-14T12:42:30.425207+00:00", "symbol": "ETH-USD"}, {"trade_id": 666763449, "side": "sell", "size": "0.02442065", "price": "3041.50000000", "time": "2025-07-14T12:41:24.392873Z", "fetched_at": "2025-07-14T12:42:30.425207+00:00", "symbol": "ETH-USD"}, {"trade_id": 666763448, "side": "buy", "size": "0.61370539", "price": "3041.49000000", "time": "2025-07-14T12:41:24.087559Z", "fetched_at": "2025-07-14T12:42:30.425207+00:00", "symbol": "ETH-USD"}, {"trade_id": 666763447, "side": "buy", "size": "0.15000000", "price": "3041.49000000", "time": "2025-07-14T12:41:24.087559Z", "fetched_at": "2025-07-14T12:42:30.425207+00:00", "symbol": "ETH-USD"}, {"trade_id": 666763446, "side": "buy", "size": "0.00312709", "price": "3041.49000000", "time": "2025-07-14T12:41:24.087559Z", "fetched_at": "2025-07-14T12:42:30.425207+00:00", "symbol": "ETH-USD"}, {"trade_id": 666763445, "side": "sell", "size": "0.72624001", "price": "3041.40000000", "time": "2025-07-14T12:41:23.593311Z", "fetched_at": "2025-07-14T12:42:30.425207+00:00", "symbol": "ETH-USD"}, {"trade_id": 666763444, "side": "sell", "size": "0.00005646", "price": "3041.40000000", "time": "2025-07-14T12:41:23.593311Z", "fetched_at": "2025-07-14T12:42:30.425207+00:00", "symbol": "ETH-USD"}, {"trade_id": 666763443, "side": "sell", "size": "0.00031321", "price": "3041.40000000", "time": "2025-07-14T12:41:23.593311Z", "fetched_at": "2025-07-14T12:42:30.425207+00:00", "symbol": "ETH-USD"}, {"trade_id": 666763442, "side": "sell", "size": "0.00036406", "price": "3041.38000000", "time": "2025-07-14T12:41:22.938348Z", "fetched_at": "2025-07-14T12:42:30.425207+00:00", "symbol": "ETH-USD"}, {"trade_id": 666763441, "side": "sell", "size": "0.00011083", "price": "3041.38000000", "time": "2025-07-14T12:41:22.938348Z", "fetched_at": "2025-07-14T12:42:30.425207+00:00", "symbol": "ETH-USD"}, {"trade_id": 666763440, "side": "sell", "size": "0.45732415", "price": "3041.38000000", "time": "2025-07-14T12:41:22.938348Z", "fetched_at": "2025-07-14T12:42:30.425207+00:00", "symbol": "ETH-USD"}, {"trade_id": 666763439, "side": "sell", "size": "0.00311933", "price": "3041.38000000", "time": "2025-07-14T12:41:22.600810Z", "fetched_at": "2025-07-14T12:42:30.425207+00:00", "symbol": "ETH-USD"}, {"trade_id": 666763438, "side": "sell", "size": "0.06392243", "price": "3041.38000000", "time": "2025-07-14T12:41:21.550137Z", "fetched_at": "2025-07-14T12:42:30.425207+00:00", "symbol": "ETH-USD"}, {"trade_id": 666763437, "side": "buy", "size": "0.02657187", "price": "3041.37000000", "time": "2025-07-14T12:41:18.632084Z", "fetched_at": "2025-07-14T12:42:30.425207+00:00", "symbol": "ETH-USD"}, {"trade_id": 666763436, "side": "sell", "size": "0.03119410", "price": "3041.38000000", "time": "2025-07-14T12:41:18.445860Z", "fetched_at": "2025-07-14T12:42:30.425207+00:00", "symbol": "ETH-USD"}, {"trade_id": 666763435, "side": "buy", "size": "0.04687278", "price": "3041.37000000", "time": "2025-07-14T12:41:18.181418Z", "fetched_at": "2025-07-14T12:42:30.425207+00:00", "symbol": "ETH-USD"}, {"trade_id": 666763434, "side": "buy", "size": "0.00312722", "price": "3041.37000000", "time": "2025-07-14T12:41:18.181418Z", "fetched_at": "2025-07-14T12:42:30.425207+00:00", "symbol": "ETH-USD"}, {"trade_id": 666763433, "side": "sell", "size": "0.55271477", "price": "3041.15000000", "time": "2025-07-14T12:41:17.890456Z", "fetched_at": "2025-07-14T12:42:30.425207+00:00", "symbol": "ETH-USD"}, {"trade_id": 666763432, "side": "buy", "size": "0.06577844", "price": "3041.14000000", "time": "2025-07-14T12:41:17.660365Z", "fetched_at": "2025-07-14T12:42:30.425207+00:00", "symbol": "ETH-USD"}, {"trade_id": 666763431, "side": "sell", "size": "0.60112001", "price": "3040.94000000", "time": "2025-07-14T12:41:17.357254Z", "fetched_at": "2025-07-14T12:42:30.425207+00:00", "symbol": "ETH-USD"}, {"trade_id": 666763430, "side": "buy", "size": "0.49688936", "price": "3040.90000000", "time": "2025-07-14T12:41:16.039668Z", "fetched_at": "2025-07-14T12:42:30.425207+00:00", "symbol": "ETH-USD"}, {"trade_id": 666763429, "side": "buy", "size": "0.00312769", "price": "3040.91000000", "time": "2025-07-14T12:41:16.039668Z", "fetched_at": "2025-07-14T12:42:30.425207+00:00", "symbol": "ETH-USD"}, {"trade_id": 666763428, "side": "buy", "size": "0.00000986", "price": "3041.05000000", "time": "2025-07-14T12:41:16.039668Z", "fetched_at": "2025-07-14T12:42:30.425207+00:00", "symbol": "ETH-USD"}, {"trade_id": 666763427, "side": "buy", "size": "0.52429589", "price": "3041.14000000", "time": "2025-07-14T12:41:15.623850Z", "fetched_at": "2025-07-14T12:42:30.425207+00:00", "symbol": "ETH-USD"}, {"trade_id": 666763426, "side": "buy", "size": "0.00312744", "price": "3041.15000000", "time": "2025-07-14T12:41:15.623850Z", "fetched_at": "2025-07-14T12:42:30.425207+00:00", "symbol": "ETH-USD"}, {"trade_id": 666763425, "side": "buy", "size": "0.02022174", "price": "3041.28000000", "time": "2025-07-14T12:41:15.623850Z", "fetched_at": "2025-07-14T12:42:30.425207+00:00", "symbol": "ETH-USD"}, {"trade_id": 666763424, "side": "buy", "size": "0.11314600", "price": "3041.38000000", "time": "2025-07-14T12:41:15.537952Z", "fetched_at": "2025-07-14T12:42:30.425207+00:00", "symbol": "ETH-USD"}, {"trade_id": 666763423, "side": "buy", "size": "0.18983816", "price": "3041.38000000", "time": "2025-07-14T12:41:15.537952Z", "fetched_at": "2025-07-14T12:42:30.425207+00:00", "symbol": "ETH-USD"}, {"trade_id": 666763422, "side": "buy", "size": "0.98449420", "price": "3041.38000000", "time": "2025-07-14T12:41:15.537952Z", "fetched_at": "2025-07-14T12:42:30.425207+00:00", "symbol": "ETH-USD"}, {"trade_id": 666763421, "side": "sell", "size": "0.00411769", "price": "3041.40000000", "time": "2025-07-14T12:41:15.393093Z", "fetched_at": "2025-07-14T12:42:30.425207+00:00", "symbol": "ETH-USD"}, {"trade_id": 666763420, "side": "buy", "size": "0.12500000", "price": "3041.40000000", "time": "2025-07-14T12:41:15.290479Z", "fetched_at": "2025-07-14T12:42:30.425207+00:00", "symbol": "ETH-USD"}, {"trade_id": 666763419, "side": "buy", "size": "0.09866928", "price": "3041.40000000", "time": "2025-07-14T12:41:15.246351Z", "fetched_at": "2025-07-14T12:42:30.425207+00:00", "symbol": "ETH-USD"}, {"trade_id": 666763418, "side": "buy", "size": "0.24216553", "price": "3041.49000000", "time": "2025-07-14T12:41:14.948449Z", "fetched_at": "2025-07-14T12:42:30.425207+00:00", "symbol": "ETH-USD"}, {"trade_id": 666763417, "side": "buy", "size": "0.56104572", "price": "3041.49000000", "time": "2025-07-14T12:41:14.948449Z", "fetched_at": "2025-07-14T12:42:30.425207+00:00", "symbol": "ETH-USD"}, {"trade_id": 666763416, "side": "buy", "size": "0.00312709", "price": "3041.49000000", "time": "2025-07-14T12:41:14.948449Z", "fetched_at": "2025-07-14T12:42:30.425207+00:00", "symbol": "ETH-USD"}, {"trade_id": 666763415, "side": "buy", "size": "0.02372521", "price": "3041.49000000", "time": "2025-07-14T12:41:14.948449Z", "fetched_at": "2025-07-14T12:42:30.425207+00:00", "symbol": "ETH-USD"}, {"trade_id": 666763414, "side": "buy", "size": "0.02163742", "price": "3041.49000000", "time": "2025-07-14T12:41:14.948449Z", "fetched_at": "2025-07-14T12:42:30.425207+00:00", "symbol": "ETH-USD"}, {"trade_id": 666763413, "side": "buy", "size": "0.06368589", "price": "3041.49000000", "time": "2025-07-14T12:41:14.948449Z", "fetched_at": "2025-07-14T12:42:30.425207+00:00", "symbol": "ETH-USD"}, {"trade_id": 666763412, "side": "sell", "size": "0.00003249", "price": "3041.50000000", "time": "2025-07-14T12:41:13.873744Z", "fetched_at": "2025-07-14T12:42:30.425207+00:00", "symbol": "ETH-USD"}, {"trade_id": 666763411, "side": "sell", "size": "0.75412001", "price": "3041.29000000", "time": "2025-07-14T12:41:13.468579Z", "fetched_at": "2025-07-14T12:42:30.425207+00:00", "symbol": "ETH-USD"}, {"trade_id": 666763410, "side": "sell", "size": "0.00100000", "price": "3041.29000000", "time": "2025-07-14T12:41:13.468579Z", "fetched_at": "2025-07-14T12:42:30.425207+00:00", "symbol": "ETH-USD"}, {"trade_id": 666763409, "side": "sell", "size": "0.58480001", "price": "3041.06000000", "time": "2025-07-14T12:41:13.323899Z", "fetched_at": "2025-07-14T12:42:30.425207+00:00", "symbol": "ETH-USD"}, {"trade_id": 666763408, "side": "sell", "size": "0.00009589", "price": "3041.06000000", "time": "2025-07-14T12:41:13.323899Z", "fetched_at": "2025-07-14T12:42:30.425207+00:00", "symbol": "ETH-USD"}, {"trade_id": 666763407, "side": "sell", "size": "0.00011598", "price": "3041.06000000", "time": "2025-07-14T12:41:13.323899Z", "fetched_at": "2025-07-14T12:42:30.425207+00:00", "symbol": "ETH-USD"}, {"trade_id": 666763406, "side": "sell", "size": "0.00100000", "price": "3041.06000000", "time": "2025-07-14T12:41:13.323899Z", "fetched_at": "2025-07-14T12:42:30.425207+00:00", "symbol": "ETH-USD"}, {"trade_id": 666763405, "side": "sell", "size": "0.00100000", "price": "3040.83000000", "time": "2025-07-14T12:41:13.254056Z", "fetched_at": "2025-07-14T12:42:30.425207+00:00", "symbol": "ETH-USD"}, {"trade_id": 666763404, "side": "sell", "size": "0.00086755", "price": "3040.82000000", "time": "2025-07-14T12:41:13.254056Z", "fetched_at": "2025-07-14T12:42:30.425207+00:00", "symbol": "ETH-USD"}, {"trade_id": 666763403, "side": "sell", "size": "0.00010334", "price": "3040.82000000", "time": "2025-07-14T12:41:13.254056Z", "fetched_at": "2025-07-14T12:42:30.425207+00:00", "symbol": "ETH-USD"}, {"trade_id": 666763402, "side": "sell", "size": "0.56032001", "price": "3040.82000000", "time": "2025-07-14T12:41:13.254056Z", "fetched_at": "2025-07-14T12:42:30.425207+00:00", "symbol": "ETH-USD"}, {"trade_id": 666763401, "side": "buy", "size": "0.00036179", "price": "3040.81000000", "time": "2025-07-14T12:41:12.813256Z", "fetched_at": "2025-07-14T12:42:30.425207+00:00", "symbol": "ETH-USD"}, {"trade_id": 666763400, "side": "buy", "size": "0.02042450", "price": "3040.81000000", "time": "2025-07-14T12:41:12.518491Z", "fetched_at": "2025-07-14T12:42:30.425207+00:00", "symbol": "ETH-USD"}, {"trade_id": 666763399, "side": "buy", "size": "0.03430586", "price": "3040.81000000", "time": "2025-07-14T12:41:12.013797Z", "fetched_at": "2025-07-14T12:42:30.425207+00:00", "symbol": "ETH-USD"}, {"trade_id": 666763398, "side": "buy", "size": "0.05041854", "price": "3040.81000000", "time": "2025-07-14T12:41:11.482538Z", "fetched_at": "2025-07-14T12:42:30.425207+00:00", "symbol": "ETH-USD"}, {"trade_id": 666763397, "side": "sell", "size": "0.00003927", "price": "3040.51000000", "time": "2025-07-14T12:41:11.162319Z", "fetched_at": "2025-07-14T12:42:30.425207+00:00", "symbol": "ETH-USD"}, {"trade_id": 666763396, "side": "sell", "size": "0.00021854", "price": "3040.51000000", "time": "2025-07-14T12:41:11.162319Z", "fetched_at": "2025-07-14T12:42:30.425207+00:00", "symbol": "ETH-USD"}, {"trade_id": 666763395, "side": "sell", "size": "0.78336001", "price": "3040.51000000", "time": "2025-07-14T12:41:11.162319Z", "fetched_at": "2025-07-14T12:42:30.425207+00:00", "symbol": "ETH-USD"}, {"trade_id": 666763394, "side": "sell", "size": "0.00048006", "price": "3040.51000000", "time": "2025-07-14T12:41:11.162319Z", "fetched_at": "2025-07-14T12:42:30.425207+00:00", "symbol": "ETH-USD"}, {"trade_id": 666763393, "side": "sell", "size": "0.63376001", "price": "3040.46000000", "time": "2025-07-14T12:41:10.279143Z", "fetched_at": "2025-07-14T12:42:30.425207+00:00", "symbol": "ETH-USD"}, {"trade_id": 666763392, "side": "sell", "size": "0.00011178", "price": "3040.46000000", "time": "2025-07-14T12:41:10.279143Z", "fetched_at": "2025-07-14T12:42:30.425207+00:00", "symbol": "ETH-USD"}, {"trade_id": 666763391, "side": "sell", "size": "0.00061999", "price": "3040.46000000", "time": "2025-07-14T12:41:10.279143Z", "fetched_at": "2025-07-14T12:42:30.425207+00:00", "symbol": "ETH-USD"}, {"trade_id": 666763390, "side": "sell", "size": "0.00010334", "price": "3040.46000000", "time": "2025-07-14T12:41:10.279143Z", "fetched_at": "2025-07-14T12:42:30.425207+00:00", "symbol": "ETH-USD"}, {"trade_id": 666763389, "side": "sell", "size": "0.00325552", "price": "3040.46000000", "time": "2025-07-14T12:41:09.914300Z", "fetched_at": "2025-07-14T12:42:30.425207+00:00", "symbol": "ETH-USD"}, {"trade_id": 666763388, "side": "buy", "size": "0.04000000", "price": "3040.45000000", "time": "2025-07-14T12:41:09.598074Z", "fetched_at": "2025-07-14T12:42:30.425207+00:00", "symbol": "ETH-USD"}, {"trade_id": 666763387, "side": "buy", "size": "0.11051855", "price": "3040.45000000", "time": "2025-07-14T12:41:09.570536Z", "fetched_at": "2025-07-14T12:42:30.425207+00:00", "symbol": "ETH-USD"}, {"trade_id": 666763386, "side": "buy", "size": "0.00000328", "price": "3040.45000000", "time": "2025-07-14T12:41:09.570536Z", "fetched_at": "2025-07-14T12:42:30.425207+00:00", "symbol": "ETH-USD"}, {"trade_id": 666763385, "side": "buy", "size": "0.09792958", "price": "3040.45000000", "time": "2025-07-14T12:41:09.570536Z", "fetched_at": "2025-07-14T12:42:30.425207+00:00", "symbol": "ETH-USD"}, {"trade_id": 666763384, "side": "buy", "size": "0.00000328", "price": "3040.45000000", "time": "2025-07-14T12:41:09.570536Z", "fetched_at": "2025-07-14T12:42:30.425207+00:00", "symbol": "ETH-USD"}, {"trade_id": 666763383, "side": "buy", "size": "0.00660428", "price": "3040.45000000", "time": "2025-07-14T12:41:09.570536Z", "fetched_at": "2025-07-14T12:42:30.425207+00:00", "symbol": "ETH-USD"}, {"trade_id": 666763382, "side": "buy", "size": "0.00494103", "price": "3040.45000000", "time": "2025-07-14T12:41:09.570536Z", "fetched_at": "2025-07-14T12:42:30.425207+00:00", "symbol": "ETH-USD"}, {"trade_id": 666763381, "side": "buy", "size": "0.05999343", "price": "3040.45000000", "time": "2025-07-14T12:41:09.542349Z", "fetched_at": "2025-07-14T12:42:30.425207+00:00", "symbol": "ETH-USD"}, {"trade_id": 666763380, "side": "buy", "size": "0.00000657", "price": "3040.45000000", "time": "2025-07-14T12:41:09.542349Z", "fetched_at": "2025-07-14T12:42:30.425207+00:00", "symbol": "ETH-USD"}, {"trade_id": 666763379, "side": "sell", "size": "0.18106825", "price": "3040.46000000", "time": "2025-07-14T12:41:08.289733Z", "fetched_at": "2025-07-14T12:42:30.425207+00:00", "symbol": "ETH-USD"}, {"trade_id": 666763378, "side": "sell", "size": "0.00061998", "price": "3040.46000000", "time": "2025-07-14T12:41:08.289733Z", "fetched_at": "2025-07-14T12:42:30.425207+00:00", "symbol": "ETH-USD"}, {"trade_id": 666763377, "side": "sell", "size": "0.00011177", "price": "3040.46000000", "time": "2025-07-14T12:41:08.289733Z", "fetched_at": "2025-07-14T12:42:30.425207+00:00", "symbol": "ETH-USD"}, {"trade_id": 666763376, "side": "sell", "size": "0.00133000", "price": "3040.16000000", "time": "2025-07-14T12:41:06.687220Z", "fetched_at": "2025-07-14T12:42:30.425207+00:00", "symbol": "ETH-USD"}, {"trade_id": 666763375, "side": "sell", "size": "0.00020669", "price": "3040.15000000", "time": "2025-07-14T12:41:06.687220Z", "fetched_at": "2025-07-14T12:42:30.425207+00:00", "symbol": "ETH-USD"}, {"trade_id": 666763374, "side": "sell", "size": "0.75154416", "price": "3040.15000000", "time": "2025-07-14T12:41:06.687220Z", "fetched_at": "2025-07-14T12:42:30.425207+00:00", "symbol": "ETH-USD"}, {"trade_id": 666763373, "side": "sell", "size": "0.00325585", "price": "3040.15000000", "time": "2025-07-14T12:41:06.525549Z", "fetched_at": "2025-07-14T12:42:30.425207+00:00", "symbol": "ETH-USD"}, {"trade_id": 666763372, "side": "buy", "size": "0.00100000", "price": "3040.37000000", "time": "2025-07-14T12:41:05.385184Z", "fetched_at": "2025-07-14T12:42:30.425207+00:00", "symbol": "ETH-USD"}, {"trade_id": 666763371, "side": "buy", "size": "0.03521915", "price": "3040.44000000", "time": "2025-07-14T12:41:05.339171Z", "fetched_at": "2025-07-14T12:42:30.425207+00:00", "symbol": "ETH-USD"}, {"trade_id": 666763370, "side": "buy", "size": "0.00002960", "price": "3040.45000000", "time": "2025-07-14T12:41:05.339171Z", "fetched_at": "2025-07-14T12:42:30.425207+00:00", "symbol": "ETH-USD"}, {"trade_id": 666763369, "side": "buy", "size": "0.00312816", "price": "3040.45000000", "time": "2025-07-14T12:41:05.339171Z", "fetched_at": "2025-07-14T12:42:30.425207+00:00", "symbol": "ETH-USD"}, {"trade_id": 666763368, "side": "buy", "size": "0.15589792", "price": "3040.44000000", "time": "2025-07-14T12:41:05.294105Z", "fetched_at": "2025-07-14T12:42:30.425207+00:00", "symbol": "ETH-USD"}, {"trade_id": 666763367, "side": "buy", "size": "0.00277591", "price": "3040.44000000", "time": "2025-07-14T12:41:05.294105Z", "fetched_at": "2025-07-14T12:42:30.425207+00:00", "symbol": "ETH-USD"}, {"trade_id": 666763366, "side": "buy", "size": "0.01819801", "price": "3040.44000000", "time": "2025-07-14T12:41:05.294105Z", "fetched_at": "2025-07-14T12:42:30.425207+00:00", "symbol": "ETH-USD"}, {"trade_id": 666763365, "side": "buy", "size": "0.00312816", "price": "3040.45000000", "time": "2025-07-14T12:41:05.294105Z", "fetched_at": "2025-07-14T12:42:30.425207+00:00", "symbol": "ETH-USD"}, {"trade_id": 666763364, "side": "sell", "size": "0.50791000", "price": "3040.46000000", "time": "2025-07-14T12:41:05.171283Z", "fetched_at": "2025-07-14T12:42:30.425207+00:00", "symbol": "ETH-USD"}, {"trade_id": 666763363, "side": "sell", "size": "0.20000065", "price": "3040.45000000", "time": "2025-07-14T12:41:05.171283Z", "fetched_at": "2025-07-14T12:42:30.425207+00:00", "symbol": "ETH-USD"}, {"trade_id": 666763362, "side": "sell", "size": "0.62764001", "price": "3040.45000000", "time": "2025-07-14T12:41:05.171283Z", "fetched_at": "2025-07-14T12:42:30.425207+00:00", "symbol": "ETH-USD"}, {"trade_id": 666763361, "side": "sell", "size": "0.16444934", "price": "3040.45000000", "time": "2025-07-14T12:41:05.171283Z", "fetched_at": "2025-07-14T12:42:30.425207+00:00", "symbol": "ETH-USD"}, {"trade_id": 666763360, "side": "buy", "size": "0.02534502", "price": "3040.44000000", "time": "2025-07-14T12:41:04.858085Z", "fetched_at": "2025-07-14T12:42:30.425207+00:00", "symbol": "ETH-USD"}, {"trade_id": 666763359, "side": "buy", "size": "0.00553538", "price": "3040.44000000", "time": "2025-07-14T12:41:04.858085Z", "fetched_at": "2025-07-14T12:42:30.425207+00:00", "symbol": "ETH-USD"}, {"trade_id": 666763358, "side": "buy", "size": "0.00370341", "price": "3040.44000000", "time": "2025-07-14T12:41:04.858085Z", "fetched_at": "2025-07-14T12:42:30.425207+00:00", "symbol": "ETH-USD"}, {"trade_id": 666763357, "side": "buy", "size": "0.00312817", "price": "3040.44000000", "time": "2025-07-14T12:41:04.858085Z", "fetched_at": "2025-07-14T12:42:30.425207+00:00", "symbol": "ETH-USD"}, {"trade_id": 666763356, "side": "sell", "size": "0.00057302", "price": "3040.45000000", "time": "2025-07-14T12:41:04.155941Z", "fetched_at": "2025-07-14T12:42:30.425207+00:00", "symbol": "ETH-USD"}, {"trade_id": 666763355, "side": "sell", "size": "0.00003865", "price": "3040.48000000", "time": "2025-07-14T12:41:03.413699Z", "fetched_at": "2025-07-14T12:42:30.425207+00:00", "symbol": "ETH-USD"}, {"trade_id": 666763354, "side": "sell", "size": "0.00950865", "price": "3040.48000000", "time": "2025-07-14T12:41:03.363831Z", "fetched_at": "2025-07-14T12:42:30.425207+00:00", "symbol": "ETH-USD"}, {"trade_id": 666763353, "side": "buy", "size": "0.19999858", "price": "3040.49000000", "time": "2025-07-14T12:41:03.228105Z", "fetched_at": "2025-07-14T12:42:30.425207+00:00", "symbol": "ETH-USD"}, {"trade_id": 666763352, "side": "buy", "size": "0.00100000", "price": "3040.60000000", "time": "2025-07-14T12:41:03.124732Z", "fetched_at": "2025-07-14T12:42:30.425207+00:00", "symbol": "ETH-USD"}, {"trade_id": 666763351, "side": "buy", "size": "0.01795839", "price": "3040.67000000", "time": "2025-07-14T12:41:02.897695Z", "fetched_at": "2025-07-14T12:42:30.425207+00:00", "symbol": "ETH-USD"}, {"trade_id": 666763350, "side": "buy", "size": "0.57010086", "price": "3040.69000000", "time": "2025-07-14T12:41:02.897695Z", "fetched_at": "2025-07-14T12:42:30.425207+00:00", "symbol": "ETH-USD"}, {"trade_id": 666763349, "side": "buy", "size": "0.06952698", "price": "3040.69000000", "time": "2025-07-14T12:41:02.897695Z", "fetched_at": "2025-07-14T12:42:30.425207+00:00", "symbol": "ETH-USD"}, {"trade_id": 666763348, "side": "buy", "size": "0.02568167", "price": "3040.69000000", "time": "2025-07-14T12:41:02.897695Z", "fetched_at": "2025-07-14T12:42:30.425207+00:00", "symbol": "ETH-USD"}, {"trade_id": 666763347, "side": "buy", "size": "0.17731194", "price": "3040.67000000", "time": "2025-07-14T12:41:00.214134Z", "fetched_at": "2025-07-14T12:42:30.425207+00:00", "symbol": "ETH-USD"}, {"trade_id": 666763346, "side": "buy", "size": "0.00268806", "price": "3040.69000000", "time": "2025-07-14T12:41:00.214134Z", "fetched_at": "2025-07-14T12:42:30.425207+00:00", "symbol": "ETH-USD"}, {"trade_id": 666763345, "side": "buy", "size": "0.05809159", "price": "3040.67000000", "time": "2025-07-14T12:40:59.582535Z", "fetched_at": "2025-07-14T12:42:30.425207+00:00", "symbol": "ETH-USD"}, {"trade_id": 666763344, "side": "buy", "size": "0.00999102", "price": "3040.73000000", "time": "2025-07-14T12:40:59.582535Z", "fetched_at": "2025-07-14T12:42:30.425207+00:00", "symbol": "ETH-USD"}, {"trade_id": 666763343, "side": "buy", "size": "0.10710914", "price": "3040.73000000", "time": "2025-07-14T12:40:59.582535Z", "fetched_at": "2025-07-14T12:42:30.425207+00:00", "symbol": "ETH-USD"}, {"trade_id": 666763342, "side": "buy", "size": "0.19114817", "price": "3040.73000000", "time": "2025-07-14T12:40:59.582535Z", "fetched_at": "2025-07-14T12:42:30.425207+00:00", "symbol": "ETH-USD"}, {"trade_id": 666763341, "side": "buy", "size": "0.00266008", "price": "3040.74000000", "time": "2025-07-14T12:40:59.582535Z", "fetched_at": "2025-07-14T12:42:30.425207+00:00", "symbol": "ETH-USD"}, {"trade_id": 666763340, "side": "buy", "size": "0.00100000", "price": "3040.83000000", "time": "2025-07-14T12:40:59.582535Z", "fetched_at": "2025-07-14T12:42:30.425207+00:00", "symbol": "ETH-USD"}, {"trade_id": 666763339, "side": "buy", "size": "0.00283813", "price": "3040.98000000", "time": "2025-07-14T12:40:58.131602Z", "fetched_at": "2025-07-14T12:42:30.425207+00:00", "symbol": "ETH-USD"}, {"trade_id": 666763338, "side": "sell", "size": "0.01693315", "price": "3040.99000000", "time": "2025-07-14T12:40:57.654212Z", "fetched_at": "2025-07-14T12:42:30.425207+00:00", "symbol": "ETH-USD"}, {"trade_id": 666763337, "side": "sell", "size": "0.06239990", "price": "3040.99000000", "time": "2025-07-14T12:40:57.626218Z", "fetched_at": "2025-07-14T12:42:30.425207+00:00", "symbol": "ETH-USD"}, {"trade_id": 666763336, "side": "sell", "size": "0.01054598", "price": "3040.99000000", "time": "2025-07-14T12:40:57.275337Z", "fetched_at": "2025-07-14T12:42:30.425207+00:00", "symbol": "ETH-USD"}, {"trade_id": 666763335, "side": "buy", "size": "0.15185518", "price": "3040.95000000", "time": "2025-07-14T12:40:56.014439Z", "fetched_at": "2025-07-14T12:42:30.425207+00:00", "symbol": "ETH-USD"}, {"trade_id": 666763334, "side": "buy", "size": "0.00277589", "price": "3040.96000000", "time": "2025-07-14T12:40:56.014439Z", "fetched_at": "2025-07-14T12:42:30.425207+00:00", "symbol": "ETH-USD"}, {"trade_id": 666763333, "side": "buy", "size": "0.08000000", "price": "3041.01000000", "time": "2025-07-14T12:40:53.685943Z", "fetched_at": "2025-07-14T12:42:30.425207+00:00", "symbol": "ETH-USD"}, {"trade_id": 666763332, "side": "buy", "size": "0.00876169", "price": "3041.01000000", "time": "2025-07-14T12:40:53.684217Z", "fetched_at": "2025-07-14T12:42:30.425207+00:00", "symbol": "ETH-USD"}, {"trade_id": 666763331, "side": "buy", "size": "0.08358766", "price": "3041.03000000", "time": "2025-07-14T12:40:53.684217Z", "fetched_at": "2025-07-14T12:42:30.425207+00:00", "symbol": "ETH-USD"}, {"trade_id": 666763330, "side": "buy", "size": "0.00166389", "price": "3041.05000000", "time": "2025-07-14T12:40:53.684217Z", "fetched_at": "2025-07-14T12:42:30.425207+00:00", "symbol": "ETH-USD"}, {"trade_id": 666763329, "side": "buy", "size": "0.00166389", "price": "3041.05000000", "time": "2025-07-14T12:40:53.684217Z", "fetched_at": "2025-07-14T12:42:30.425207+00:00", "symbol": "ETH-USD"}, {"trade_id": 666763328, "side": "buy", "size": "0.00298501", "price": "3041.23000000", "time": "2025-07-14T12:40:53.684217Z", "fetched_at": "2025-07-14T12:42:30.425207+00:00", "symbol": "ETH-USD"}, {"trade_id": 666763327, "side": "buy", "size": "0.30000000", "price": "3041.20000000", "time": "2025-07-14T12:40:52.057635Z", "fetched_at": "2025-07-14T12:42:30.425207+00:00", "symbol": "ETH-USD"}, {"trade_id": 666763326, "side": "buy", "size": "0.19999928", "price": "3041.23000000", "time": "2025-07-14T12:40:52.057635Z", "fetched_at": "2025-07-14T12:42:30.425207+00:00", "symbol": "ETH-USD"}, {"trade_id": 666763325, "side": "buy", "size": "0.56999957", "price": "3041.24000000", "time": "2025-07-14T12:40:52.057635Z", "fetched_at": "2025-07-14T12:42:30.425207+00:00", "symbol": "ETH-USD"}, {"trade_id": 666763324, "side": "buy", "size": "0.15000000", "price": "3041.25000000", "time": "2025-07-14T12:40:52.057635Z", "fetched_at": "2025-07-14T12:42:30.425207+00:00", "symbol": "ETH-USD"}, {"trade_id": 666763323, "side": "buy", "size": "0.00010000", "price": "3041.29000000", "time": "2025-07-14T12:40:52.057635Z", "fetched_at": "2025-07-14T12:42:30.425207+00:00", "symbol": "ETH-USD"}, {"trade_id": 666763322, "side": "buy", "size": "0.10600451", "price": "3041.38000000", "time": "2025-07-14T12:40:52.057170Z", "fetched_at": "2025-07-14T12:42:30.425207+00:00", "symbol": "ETH-USD"}, {"trade_id": 666763321, "side": "buy", "size": "0.14649035", "price": "3041.38000000", "time": "2025-07-14T12:40:52.057170Z", "fetched_at": "2025-07-14T12:42:30.425207+00:00", "symbol": "ETH-USD"}, {"trade_id": 666763320, "side": "buy", "size": "0.00282127", "price": "3041.38000000", "time": "2025-07-14T12:40:52.057170Z", "fetched_at": "2025-07-14T12:42:30.425207+00:00", "symbol": "ETH-USD"}, {"trade_id": 666763319, "side": "sell", "size": "0.03257222", "price": "3041.48000000", "time": "2025-07-14T12:40:50.796935Z", "fetched_at": "2025-07-14T12:42:30.425207+00:00", "symbol": "ETH-USD"}, {"trade_id": 666763318, "side": "sell", "size": "0.00100000", "price": "3041.29000000", "time": "2025-07-14T12:40:49.804181Z", "fetched_at": "2025-07-14T12:42:30.425207+00:00", "symbol": "ETH-USD"}, {"trade_id": 666763317, "side": "sell", "size": "0.68816001", "price": "3041.28000000", "time": "2025-07-14T12:40:49.804181Z", "fetched_at": "2025-07-14T12:42:30.425207+00:00", "symbol": "ETH-USD"}, {"trade_id": 666763316, "side": "buy", "size": "0.05000000", "price": "3041.27000000", "time": "2025-07-14T12:40:49.758413Z", "fetched_at": "2025-07-14T12:42:30.425207+00:00", "symbol": "ETH-USD"}, {"trade_id": 666763315, "side": "sell", "size": "0.00010334", "price": "3041.06000000", "time": "2025-07-14T12:40:49.307128Z", "fetched_at": "2025-07-14T12:42:30.425207+00:00", "symbol": "ETH-USD"}, {"trade_id": 666763314, "side": "sell", "size": "0.72512770", "price": "3041.06000000", "time": "2025-07-14T12:40:49.307128Z", "fetched_at": "2025-07-14T12:42:30.425207+00:00", "symbol": "ETH-USD"}, {"trade_id": 666763313, "side": "buy", "size": "0.13751810", "price": "3041.05000000", "time": "2025-07-14T12:40:49.197004Z", "fetched_at": "2025-07-14T12:42:30.425207+00:00", "symbol": "ETH-USD"}, {"trade_id": 666763312, "side": "buy", "size": "0.15000000", "price": "3041.05000000", "time": "2025-07-14T12:40:49.197004Z", "fetched_at": "2025-07-14T12:42:30.425207+00:00", "symbol": "ETH-USD"}, {"trade_id": 666763311, "side": "sell", "size": "0.00000328", "price": "3041.06000000", "time": "2025-07-14T12:40:48.649831Z", "fetched_at": "2025-07-14T12:42:30.425207+00:00", "symbol": "ETH-USD"}, {"trade_id": 666763310, "side": "sell", "size": "0.00450903", "price": "3041.06000000", "time": "2025-07-14T12:40:48.631283Z", "fetched_at": "2025-07-14T12:42:30.425207+00:00", "symbol": "ETH-USD"}, {"trade_id": 666763309, "side": "sell", "size": "0.00100000", "price": "3041.06000000", "time": "2025-07-14T12:40:48.631283Z", "fetched_at": "2025-07-14T12:42:30.425207+00:00", "symbol": "ETH-USD"}, {"trade_id": 666763308, "side": "sell", "size": "0.56062001", "price": "3040.83000000", "time": "2025-07-14T12:40:48.129872Z", "fetched_at": "2025-07-14T12:42:30.425207+00:00", "symbol": "ETH-USD"}, {"trade_id": 666763307, "side": "sell", "size": "0.01670000", "price": "3040.83000000", "time": "2025-07-14T12:40:48.027527Z", "fetched_at": "2025-07-14T12:42:30.425207+00:00", "symbol": "ETH-USD"}, {"trade_id": 666763306, "side": "sell", "size": "0.00100000", "price": "3040.83000000", "time": "2025-07-14T12:40:48.027527Z", "fetched_at": "2025-07-14T12:42:30.425207+00:00", "symbol": "ETH-USD"}, {"trade_id": 666763305, "side": "sell", "size": "0.00005710", "price": "3040.74000000", "time": "2025-07-14T12:40:47.607486Z", "fetched_at": "2025-07-14T12:42:30.425207+00:00", "symbol": "ETH-USD"}, {"trade_id": 666763304, "side": "sell", "size": "0.00031605", "price": "3040.74000000", "time": "2025-07-14T12:40:47.607486Z", "fetched_at": "2025-07-14T12:42:30.425207+00:00", "symbol": "ETH-USD"}, {"trade_id": 666763303, "side": "sell", "size": "0.54468001", "price": "3040.74000000", "time": "2025-07-14T12:40:47.607486Z", "fetched_at": "2025-07-14T12:42:30.425207+00:00", "symbol": "ETH-USD"}, {"trade_id": 666763302, "side": "sell", "size": "0.19963247", "price": "3040.74000000", "time": "2025-07-14T12:40:47.607486Z", "fetched_at": "2025-07-14T12:42:30.425207+00:00", "symbol": "ETH-USD"}