[{"trade_id": 666971926, "side": "buy", "size": "1.79775494", "price": "2994.00000000", "time": "2025-07-14T19:23:23.409998Z", "fetched_at": "2025-07-14T19:23:24.966654+00:00", "symbol": "ETH-USD"}, {"trade_id": 666971925, "side": "sell", "size": "0.04341446", "price": "2994.00000000", "time": "2025-07-14T19:23:23.404163Z", "fetched_at": "2025-07-14T19:23:24.966654+00:00", "symbol": "ETH-USD"}, {"trade_id": 666971924, "side": "sell", "size": "0.03483492", "price": "2993.99000000", "time": "2025-07-14T19:23:23.404163Z", "fetched_at": "2025-07-14T19:23:24.966654+00:00", "symbol": "ETH-USD"}, {"trade_id": 666971923, "side": "sell", "size": "0.20000000", "price": "2993.94000000", "time": "2025-07-14T19:23:23.404163Z", "fetched_at": "2025-07-14T19:23:24.966654+00:00", "symbol": "ETH-USD"}, {"trade_id": 666971922, "side": "sell", "size": "0.00624887", "price": "2993.93000000", "time": "2025-07-14T19:23:23.404163Z", "fetched_at": "2025-07-14T19:23:24.966654+00:00", "symbol": "ETH-USD"}, {"trade_id": 666971921, "side": "sell", "size": "0.16700847", "price": "2993.86000000", "time": "2025-07-14T19:23:23.404163Z", "fetched_at": "2025-07-14T19:23:24.966654+00:00", "symbol": "ETH-USD"}, {"trade_id": 666971920, "side": "sell", "size": "0.15000000", "price": "2993.86000000", "time": "2025-07-14T19:23:23.404163Z", "fetched_at": "2025-07-14T19:23:24.966654+00:00", "symbol": "ETH-USD"}, {"trade_id": 666971919, "side": "sell", "size": "0.00303800", "price": "2993.86000000", "time": "2025-07-14T19:23:23.404163Z", "fetched_at": "2025-07-14T19:23:24.966654+00:00", "symbol": "ETH-USD"}, {"trade_id": 666971918, "side": "sell", "size": "0.43772000", "price": "2993.86000000", "time": "2025-07-14T19:23:23.404163Z", "fetched_at": "2025-07-14T19:23:24.966654+00:00", "symbol": "ETH-USD"}, {"trade_id": 666971917, "side": "buy", "size": "0.53048808", "price": "2993.68000000", "time": "2025-07-14T19:23:23.392135Z", "fetched_at": "2025-07-14T19:23:24.966654+00:00", "symbol": "ETH-USD"}, {"trade_id": 666971916, "side": "buy", "size": "1.08000000", "price": "2993.68000000", "time": "2025-07-14T19:23:23.392135Z", "fetched_at": "2025-07-14T19:23:24.966654+00:00", "symbol": "ETH-USD"}, {"trade_id": 666971915, "side": "buy", "size": "0.00039951", "price": "2993.69000000", "time": "2025-07-14T19:23:23.392135Z", "fetched_at": "2025-07-14T19:23:24.966654+00:00", "symbol": "ETH-USD"}, {"trade_id": 666971914, "side": "buy", "size": "0.00001336", "price": "2993.85000000", "time": "2025-07-14T19:23:23.392135Z", "fetched_at": "2025-07-14T19:23:24.966654+00:00", "symbol": "ETH-USD"}, {"trade_id": 666971913, "side": "buy", "size": "1.20000000", "price": "2993.97000000", "time": "2025-07-14T19:23:23.336377Z", "fetched_at": "2025-07-14T19:23:24.966654+00:00", "symbol": "ETH-USD"}, {"trade_id": 666971912, "side": "buy", "size": "0.01806947", "price": "2994.00000000", "time": "2025-07-14T19:23:23.241302Z", "fetched_at": "2025-07-14T19:23:24.966654+00:00", "symbol": "ETH-USD"}, {"trade_id": 666971911, "side": "buy", "size": "1.68412911", "price": "2994.00000000", "time": "2025-07-14T19:23:23.207840Z", "fetched_at": "2025-07-14T19:23:24.966654+00:00", "symbol": "ETH-USD"}, {"trade_id": 666971910, "side": "buy", "size": "0.20255431", "price": "2994.00000000", "time": "2025-07-14T19:23:23.107031Z", "fetched_at": "2025-07-14T19:23:24.966654+00:00", "symbol": "ETH-USD"}, {"trade_id": 666971909, "side": "buy", "size": "0.42316405", "price": "2994.00000000", "time": "2025-07-14T19:23:23.094809Z", "fetched_at": "2025-07-14T19:23:24.966654+00:00", "symbol": "ETH-USD"}, {"trade_id": 666971908, "side": "buy", "size": "1.56376528", "price": "2994.00000000", "time": "2025-07-14T19:23:23.069459Z", "fetched_at": "2025-07-14T19:23:24.966654+00:00", "symbol": "ETH-USD"}, {"trade_id": 666971907, "side": "buy", "size": "2.22918022", "price": "2994.00000000", "time": "2025-07-14T19:23:23.058750Z", "fetched_at": "2025-07-14T19:23:24.966654+00:00", "symbol": "ETH-USD"}, {"trade_id": 666971906, "side": "buy", "size": "0.00150308", "price": "2994.01000000", "time": "2025-07-14T19:23:22.412263Z", "fetched_at": "2025-07-14T19:23:24.966654+00:00", "symbol": "ETH-USD"}, {"trade_id": 666971905, "side": "sell", "size": "0.83500674", "price": "2993.99000000", "time": "2025-07-14T19:23:22.393117Z", "fetched_at": "2025-07-14T19:23:24.966654+00:00", "symbol": "ETH-USD"}, {"trade_id": 666971904, "side": "sell", "size": "0.15000000", "price": "2993.98000000", "time": "2025-07-14T19:23:22.393117Z", "fetched_at": "2025-07-14T19:23:24.966654+00:00", "symbol": "ETH-USD"}, {"trade_id": 666971903, "side": "sell", "size": "0.50282671", "price": "2993.98000000", "time": "2025-07-14T19:23:22.393117Z", "fetched_at": "2025-07-14T19:23:24.966654+00:00", "symbol": "ETH-USD"}, {"trade_id": 666971902, "side": "sell", "size": "0.00303778", "price": "2993.97000000", "time": "2025-07-14T19:23:22.393117Z", "fetched_at": "2025-07-14T19:23:24.966654+00:00", "symbol": "ETH-USD"}, {"trade_id": 666971901, "side": "buy", "size": "0.04382946", "price": "2993.83000000", "time": "2025-07-14T19:23:22.229782Z", "fetched_at": "2025-07-14T19:23:24.966654+00:00", "symbol": "ETH-USD"}, {"trade_id": 666971900, "side": "buy", "size": "0.15000000", "price": "2993.84000000", "time": "2025-07-14T19:23:22.229782Z", "fetched_at": "2025-07-14T19:23:24.966654+00:00", "symbol": "ETH-USD"}, {"trade_id": 666971899, "side": "buy", "size": "0.00084834", "price": "2993.85000000", "time": "2025-07-14T19:23:22.229782Z", "fetched_at": "2025-07-14T19:23:24.966654+00:00", "symbol": "ETH-USD"}, {"trade_id": 666971898, "side": "buy", "size": "0.54481153", "price": "2993.85000000", "time": "2025-07-14T19:23:22.229782Z", "fetched_at": "2025-07-14T19:23:24.966654+00:00", "symbol": "ETH-USD"}, {"trade_id": 666971897, "side": "buy", "size": "0.00037273", "price": "2993.86000000", "time": "2025-07-14T19:23:22.229782Z", "fetched_at": "2025-07-14T19:23:24.966654+00:00", "symbol": "ETH-USD"}, {"trade_id": 666971896, "side": "sell", "size": "0.01319570", "price": "2993.98000000", "time": "2025-07-14T19:23:21.995729Z", "fetched_at": "2025-07-14T19:23:24.966654+00:00", "symbol": "ETH-USD"}, {"trade_id": 666971895, "side": "sell", "size": "0.00303778", "price": "2993.97000000", "time": "2025-07-14T19:23:21.995729Z", "fetched_at": "2025-07-14T19:23:24.966654+00:00", "symbol": "ETH-USD"}, {"trade_id": 666971894, "side": "buy", "size": "0.00598864", "price": "2994.00000000", "time": "2025-07-14T19:23:21.827371Z", "fetched_at": "2025-07-14T19:23:24.966654+00:00", "symbol": "ETH-USD"}, {"trade_id": 666971893, "side": "buy", "size": "1.49198293", "price": "2994.00000000", "time": "2025-07-14T19:23:21.813062Z", "fetched_at": "2025-07-14T19:23:24.966654+00:00", "symbol": "ETH-USD"}, {"trade_id": 666971892, "side": "buy", "size": "0.25834335", "price": "2994.00000000", "time": "2025-07-14T19:23:21.813062Z", "fetched_at": "2025-07-14T19:23:24.966654+00:00", "symbol": "ETH-USD"}, {"trade_id": 666971891, "side": "buy", "size": "0.23077961", "price": "2994.00000000", "time": "2025-07-14T19:23:21.387299Z", "fetched_at": "2025-07-14T19:23:24.966654+00:00", "symbol": "ETH-USD"}, {"trade_id": 666971890, "side": "buy", "size": "1.21385225", "price": "2994.00000000", "time": "2025-07-14T19:23:21.373421Z", "fetched_at": "2025-07-14T19:23:24.966654+00:00", "symbol": "ETH-USD"}, {"trade_id": 666971889, "side": "buy", "size": "0.03216766", "price": "2994.00000000", "time": "2025-07-14T19:23:21.373421Z", "fetched_at": "2025-07-14T19:23:24.966654+00:00", "symbol": "ETH-USD"}, {"trade_id": 666971888, "side": "buy", "size": "0.19281563", "price": "2994.00000000", "time": "2025-07-14T19:23:21.373421Z", "fetched_at": "2025-07-14T19:23:24.966654+00:00", "symbol": "ETH-USD"}, {"trade_id": 666971887, "side": "buy", "size": "0.01607548", "price": "2994.00000000", "time": "2025-07-14T19:23:21.373421Z", "fetched_at": "2025-07-14T19:23:24.966654+00:00", "symbol": "ETH-USD"}, {"trade_id": 666971886, "side": "buy", "size": "0.90000000", "price": "2994.02000000", "time": "2025-07-14T19:23:21.364490Z", "fetched_at": "2025-07-14T19:23:24.966654+00:00", "symbol": "ETH-USD"}, {"trade_id": 666971885, "side": "buy", "size": "0.00114557", "price": "2994.12000000", "time": "2025-07-14T19:23:21.353246Z", "fetched_at": "2025-07-14T19:23:24.966654+00:00", "symbol": "ETH-USD"}, {"trade_id": 666971884, "side": "buy", "size": "0.00000333", "price": "2994.12000000", "time": "2025-07-14T19:23:21.353246Z", "fetched_at": "2025-07-14T19:23:24.966654+00:00", "symbol": "ETH-USD"}, {"trade_id": 666971883, "side": "buy", "size": "0.00191742", "price": "2994.12000000", "time": "2025-07-14T19:23:20.518860Z", "fetched_at": "2025-07-14T19:23:24.966654+00:00", "symbol": "ETH-USD"}, {"trade_id": 666971882, "side": "sell", "size": "0.00026862", "price": "2994.13000000", "time": "2025-07-14T19:23:20.059771Z", "fetched_at": "2025-07-14T19:23:24.966654+00:00", "symbol": "ETH-USD"}, {"trade_id": 666971881, "side": "sell", "size": "0.00303816", "price": "2994.01000000", "time": "2025-07-14T19:23:20.059771Z", "fetched_at": "2025-07-14T19:23:24.966654+00:00", "symbol": "ETH-USD"}, {"trade_id": 666971880, "side": "sell", "size": "0.00303816", "price": "2993.97000000", "time": "2025-07-14T19:23:19.787446Z", "fetched_at": "2025-07-14T19:23:24.966654+00:00", "symbol": "ETH-USD"}, {"trade_id": 666971879, "side": "sell", "size": "0.34196349", "price": "2993.98000000", "time": "2025-07-14T19:23:19.774019Z", "fetched_at": "2025-07-14T19:23:24.966654+00:00", "symbol": "ETH-USD"}, {"trade_id": 666971878, "side": "sell", "size": "0.00100000", "price": "2993.98000000", "time": "2025-07-14T19:23:19.774019Z", "fetched_at": "2025-07-14T19:23:24.966654+00:00", "symbol": "ETH-USD"}, {"trade_id": 666971877, "side": "sell", "size": "0.00303816", "price": "2993.97000000", "time": "2025-07-14T19:23:19.774019Z", "fetched_at": "2025-07-14T19:23:24.966654+00:00", "symbol": "ETH-USD"}, {"trade_id": 666971876, "side": "sell", "size": "0.00031520", "price": "2993.96000000", "time": "2025-07-14T19:23:19.774019Z", "fetched_at": "2025-07-14T19:23:24.966654+00:00", "symbol": "ETH-USD"}, {"trade_id": 666971875, "side": "sell", "size": "0.00100000", "price": "2993.76000000", "time": "2025-07-14T19:23:19.774019Z", "fetched_at": "2025-07-14T19:23:24.966654+00:00", "symbol": "ETH-USD"}, {"trade_id": 666971874, "side": "sell", "size": "0.00019315", "price": "2993.75000000", "time": "2025-07-14T19:23:19.774019Z", "fetched_at": "2025-07-14T19:23:24.966654+00:00", "symbol": "ETH-USD"}, {"trade_id": 666971873, "side": "sell", "size": "0.33029086", "price": "2993.56000000", "time": "2025-07-14T19:23:18.760360Z", "fetched_at": "2025-07-14T19:23:24.966654+00:00", "symbol": "ETH-USD"}, {"trade_id": 666971872, "side": "sell", "size": "0.00011178", "price": "2993.54000000", "time": "2025-07-14T19:23:18.760360Z", "fetched_at": "2025-07-14T19:23:24.966654+00:00", "symbol": "ETH-USD"}, {"trade_id": 666971871, "side": "sell", "size": "0.00036857", "price": "2993.54000000", "time": "2025-07-14T19:23:18.760360Z", "fetched_at": "2025-07-14T19:23:24.966654+00:00", "symbol": "ETH-USD"}, {"trade_id": 666971870, "side": "sell", "size": "0.00100000", "price": "2993.54000000", "time": "2025-07-14T19:23:18.760360Z", "fetched_at": "2025-07-14T19:23:24.966654+00:00", "symbol": "ETH-USD"}, {"trade_id": 666971869, "side": "sell", "size": "0.00202513", "price": "2993.37000000", "time": "2025-07-14T19:23:16.359804Z", "fetched_at": "2025-07-14T19:23:24.966654+00:00", "symbol": "ETH-USD"}, {"trade_id": 666971868, "side": "buy", "size": "0.03191382", "price": "2993.36000000", "time": "2025-07-14T19:23:16.156447Z", "fetched_at": "2025-07-14T19:23:24.966654+00:00", "symbol": "ETH-USD"}, {"trade_id": 666971867, "side": "buy", "size": "0.00036736", "price": "2993.37000000", "time": "2025-07-14T19:23:16.156447Z", "fetched_at": "2025-07-14T19:23:24.966654+00:00", "symbol": "ETH-USD"}, {"trade_id": 666971866, "side": "buy", "size": "3.71894049", "price": "2993.36000000", "time": "2025-07-14T19:23:15.949116Z", "fetched_at": "2025-07-14T19:23:24.966654+00:00", "symbol": "ETH-USD"}, {"trade_id": 666971865, "side": "buy", "size": "0.00036736", "price": "2993.37000000", "time": "2025-07-14T19:23:15.949116Z", "fetched_at": "2025-07-14T19:23:24.966654+00:00", "symbol": "ETH-USD"}, {"trade_id": 666971864, "side": "buy", "size": "0.03265206", "price": "2993.44000000", "time": "2025-07-14T19:23:15.664225Z", "fetched_at": "2025-07-14T19:23:24.966654+00:00", "symbol": "ETH-USD"}, {"trade_id": 666971863, "side": "buy", "size": "0.80000000", "price": "2993.46000000", "time": "2025-07-14T19:23:15.664225Z", "fetched_at": "2025-07-14T19:23:24.966654+00:00", "symbol": "ETH-USD"}, {"trade_id": 666971862, "side": "buy", "size": "0.00036735", "price": "2993.47000000", "time": "2025-07-14T19:23:15.664225Z", "fetched_at": "2025-07-14T19:23:24.966654+00:00", "symbol": "ETH-USD"}, {"trade_id": 666971861, "side": "sell", "size": "0.02179355", "price": "2993.49000000", "time": "2025-07-14T19:23:14.745989Z", "fetched_at": "2025-07-14T19:23:24.966654+00:00", "symbol": "ETH-USD"}, {"trade_id": 666971860, "side": "sell", "size": "0.00303878", "price": "2993.45000000", "time": "2025-07-14T19:23:14.745989Z", "fetched_at": "2025-07-14T19:23:24.966654+00:00", "symbol": "ETH-USD"}, {"trade_id": 666971859, "side": "sell", "size": "0.00016767", "price": "2993.45000000", "time": "2025-07-14T19:23:14.745989Z", "fetched_at": "2025-07-14T19:23:24.966654+00:00", "symbol": "ETH-USD"}, {"trade_id": 666971858, "side": "sell", "size": "0.00043853", "price": "2993.30000000", "time": "2025-07-14T19:23:14.264551Z", "fetched_at": "2025-07-14T19:23:24.966654+00:00", "symbol": "ETH-USD"}, {"trade_id": 666971857, "side": "sell", "size": "0.00056147", "price": "2993.25000000", "time": "2025-07-14T19:23:14.264551Z", "fetched_at": "2025-07-14T19:23:24.966654+00:00", "symbol": "ETH-USD"}, {"trade_id": 666971856, "side": "sell", "size": "0.00012824", "price": "2993.16000000", "time": "2025-07-14T19:23:13.773182Z", "fetched_at": "2025-07-14T19:23:24.966654+00:00", "symbol": "ETH-USD"}, {"trade_id": 666971855, "side": "sell", "size": "0.00303885", "price": "2993.14000000", "time": "2025-07-14T19:23:13.773182Z", "fetched_at": "2025-07-14T19:23:24.966654+00:00", "symbol": "ETH-USD"}, {"trade_id": 666971854, "side": "sell", "size": "0.03245815", "price": "2993.13000000", "time": "2025-07-14T19:23:13.012610Z", "fetched_at": "2025-07-14T19:23:24.966654+00:00", "symbol": "ETH-USD"}, {"trade_id": 666971853, "side": "sell", "size": "0.00008686", "price": "2993.14000000", "time": "2025-07-14T19:23:12.887396Z", "fetched_at": "2025-07-14T19:23:24.966654+00:00", "symbol": "ETH-USD"}, {"trade_id": 666971852, "side": "sell", "size": "0.09919842", "price": "2993.09000000", "time": "2025-07-14T19:23:12.348654Z", "fetched_at": "2025-07-14T19:23:24.966654+00:00", "symbol": "ETH-USD"}, {"trade_id": 666971851, "side": "buy", "size": "0.95628767", "price": "2993.19000000", "time": "2025-07-14T19:23:11.397827Z", "fetched_at": "2025-07-14T19:23:24.966654+00:00", "symbol": "ETH-USD"}, {"trade_id": 666971850, "side": "buy", "size": "0.24686253", "price": "2993.20000000", "time": "2025-07-14T19:23:11.397827Z", "fetched_at": "2025-07-14T19:23:24.966654+00:00", "symbol": "ETH-USD"}, {"trade_id": 666971849, "side": "sell", "size": "0.16705032", "price": "2993.11000000", "time": "2025-07-14T19:23:11.393048Z", "fetched_at": "2025-07-14T19:23:24.966654+00:00", "symbol": "ETH-USD"}, {"trade_id": 666971848, "side": "sell", "size": "0.09301933", "price": "2993.10000000", "time": "2025-07-14T19:23:11.393048Z", "fetched_at": "2025-07-14T19:23:24.966654+00:00", "symbol": "ETH-USD"}, {"trade_id": 666971847, "side": "sell", "size": "0.24686253", "price": "2993.08000000", "time": "2025-07-14T19:23:11.393048Z", "fetched_at": "2025-07-14T19:23:24.966654+00:00", "symbol": "ETH-USD"}, {"trade_id": 666971846, "side": "sell", "size": "0.68906482", "price": "2993.10000000", "time": "2025-07-14T19:23:11.390150Z", "fetched_at": "2025-07-14T19:23:24.966654+00:00", "symbol": "ETH-USD"}, {"trade_id": 666971845, "side": "sell", "size": "0.24686253", "price": "2993.09000000", "time": "2025-07-14T19:23:11.390150Z", "fetched_at": "2025-07-14T19:23:24.966654+00:00", "symbol": "ETH-USD"}, {"trade_id": 666971844, "side": "sell", "size": "0.00303811", "price": "2993.08000000", "time": "2025-07-14T19:23:11.390150Z", "fetched_at": "2025-07-14T19:23:24.966654+00:00", "symbol": "ETH-USD"}, {"trade_id": 666971843, "side": "buy", "size": "4.47439032", "price": "2993.10000000", "time": "2025-07-14T19:23:11.281186Z", "fetched_at": "2025-07-14T19:23:24.966654+00:00", "symbol": "ETH-USD"}, {"trade_id": 666971842, "side": "buy", "size": "0.00138652", "price": "2993.10000000", "time": "2025-07-14T19:23:11.281186Z", "fetched_at": "2025-07-14T19:23:24.966654+00:00", "symbol": "ETH-USD"}, {"trade_id": 666971841, "side": "buy", "size": "0.00100000", "price": "2993.10000000", "time": "2025-07-14T19:23:11.281186Z", "fetched_at": "2025-07-14T19:23:24.966654+00:00", "symbol": "ETH-USD"}, {"trade_id": 666971840, "side": "buy", "size": "0.01574277", "price": "2993.12000000", "time": "2025-07-14T19:23:11.281186Z", "fetched_at": "2025-07-14T19:23:24.966654+00:00", "symbol": "ETH-USD"}, {"trade_id": 666971839, "side": "buy", "size": "0.80000000", "price": "2993.12000000", "time": "2025-07-14T19:23:11.281186Z", "fetched_at": "2025-07-14T19:23:24.966654+00:00", "symbol": "ETH-USD"}, {"trade_id": 666971838, "side": "buy", "size": "0.00455042", "price": "2993.13000000", "time": "2025-07-14T19:23:11.281186Z", "fetched_at": "2025-07-14T19:23:24.966654+00:00", "symbol": "ETH-USD"}, {"trade_id": 666971837, "side": "buy", "size": "0.00036225", "price": "2993.13000000", "time": "2025-07-14T19:23:11.281186Z", "fetched_at": "2025-07-14T19:23:24.966654+00:00", "symbol": "ETH-USD"}, {"trade_id": 666971836, "side": "buy", "size": "0.20003124", "price": "2993.29000000", "time": "2025-07-14T19:23:10.363707Z", "fetched_at": "2025-07-14T19:23:24.966654+00:00", "symbol": "ETH-USD"}, {"trade_id": 666971835, "side": "buy", "size": "0.00038768", "price": "2993.30000000", "time": "2025-07-14T19:23:10.363707Z", "fetched_at": "2025-07-14T19:23:24.966654+00:00", "symbol": "ETH-USD"}, {"trade_id": 666971834, "side": "buy", "size": "0.00100000", "price": "2993.32000000", "time": "2025-07-14T19:23:10.363707Z", "fetched_at": "2025-07-14T19:23:24.966654+00:00", "symbol": "ETH-USD"}, {"trade_id": 666971833, "side": "buy", "size": "0.42228747", "price": "2993.37000000", "time": "2025-07-14T19:23:10.345775Z", "fetched_at": "2025-07-14T19:23:24.966654+00:00", "symbol": "ETH-USD"}, {"trade_id": 666971832, "side": "buy", "size": "0.87771253", "price": "2993.37000000", "time": "2025-07-14T19:23:10.331065Z", "fetched_at": "2025-07-14T19:23:24.966654+00:00", "symbol": "ETH-USD"}, {"trade_id": 666971831, "side": "buy", "size": "0.00303664", "price": "2993.44000000", "time": "2025-07-14T19:23:10.260429Z", "fetched_at": "2025-07-14T19:23:24.966654+00:00", "symbol": "ETH-USD"}, {"trade_id": 666971830, "side": "buy", "size": "0.00000334", "price": "2993.44000000", "time": "2025-07-14T19:23:10.260429Z", "fetched_at": "2025-07-14T19:23:24.966654+00:00", "symbol": "ETH-USD"}, {"trade_id": 666971829, "side": "buy", "size": "0.00040259", "price": "2993.51000000", "time": "2025-07-14T19:23:10.167066Z", "fetched_at": "2025-07-14T19:23:24.966654+00:00", "symbol": "ETH-USD"}, {"trade_id": 666971828, "side": "buy", "size": "0.00100000", "price": "2993.54000000", "time": "2025-07-14T19:23:10.156899Z", "fetched_at": "2025-07-14T19:23:24.966654+00:00", "symbol": "ETH-USD"}, {"trade_id": 666971827, "side": "buy", "size": "0.00040654", "price": "2993.61000000", "time": "2025-07-14T19:23:10.144001Z", "fetched_at": "2025-07-14T19:23:24.966654+00:00", "symbol": "ETH-USD"}, {"trade_id": 666971826, "side": "buy", "size": "1.20000000", "price": "2993.67000000", "time": "2025-07-14T19:23:10.138188Z", "fetched_at": "2025-07-14T19:23:24.966654+00:00", "symbol": "ETH-USD"}, {"trade_id": 666971825, "side": "buy", "size": "0.00000668", "price": "2993.68000000", "time": "2025-07-14T19:23:10.131921Z", "fetched_at": "2025-07-14T19:23:24.966654+00:00", "symbol": "ETH-USD"}, {"trade_id": 666971824, "side": "buy", "size": "1.57293599", "price": "2993.70000000", "time": "2025-07-14T19:23:10.131921Z", "fetched_at": "2025-07-14T19:23:24.966654+00:00", "symbol": "ETH-USD"}, {"trade_id": 666971823, "side": "buy", "size": "1.79096412", "price": "2993.70000000", "time": "2025-07-14T19:23:10.130997Z", "fetched_at": "2025-07-14T19:23:24.966654+00:00", "symbol": "ETH-USD"}, {"trade_id": 666971822, "side": "buy", "size": "0.54563709", "price": "2993.70000000", "time": "2025-07-14T19:23:10.130427Z", "fetched_at": "2025-07-14T19:23:24.966654+00:00", "symbol": "ETH-USD"}, {"trade_id": 666971821, "side": "buy", "size": "1.09046280", "price": "2993.70000000", "time": "2025-07-14T19:23:10.129906Z", "fetched_at": "2025-07-14T19:23:24.966654+00:00", "symbol": "ETH-USD"}, {"trade_id": 666971820, "side": "buy", "size": "0.03217089", "price": "2993.70000000", "time": "2025-07-14T19:23:10.129906Z", "fetched_at": "2025-07-14T19:23:24.966654+00:00", "symbol": "ETH-USD"}, {"trade_id": 666971819, "side": "buy", "size": "1.62376346", "price": "2993.72000000", "time": "2025-07-14T19:23:10.123728Z", "fetched_at": "2025-07-14T19:23:24.966654+00:00", "symbol": "ETH-USD"}, {"trade_id": 666971818, "side": "buy", "size": "0.30290896", "price": "2993.72000000", "time": "2025-07-14T19:23:10.122921Z", "fetched_at": "2025-07-14T19:23:24.966654+00:00", "symbol": "ETH-USD"}, {"trade_id": 666971817, "side": "buy", "size": "3.84859039", "price": "2993.72000000", "time": "2025-07-14T19:23:10.122921Z", "fetched_at": "2025-07-14T19:23:24.966654+00:00", "symbol": "ETH-USD"}, {"trade_id": 666971816, "side": "buy", "size": "1.59211229", "price": "2993.72000000", "time": "2025-07-14T19:23:10.122124Z", "fetched_at": "2025-07-14T19:23:24.966654+00:00", "symbol": "ETH-USD"}, {"trade_id": 666971815, "side": "buy", "size": "1.93366919", "price": "2993.72000000", "time": "2025-07-14T19:23:10.120936Z", "fetched_at": "2025-07-14T19:23:24.966654+00:00", "symbol": "ETH-USD"}, {"trade_id": 666971814, "side": "buy", "size": "0.56508779", "price": "2993.74000000", "time": "2025-07-14T19:23:10.120936Z", "fetched_at": "2025-07-14T19:23:24.966654+00:00", "symbol": "ETH-USD"}, {"trade_id": 666971813, "side": "buy", "size": "0.13491221", "price": "2993.74000000", "time": "2025-07-14T19:23:10.112229Z", "fetched_at": "2025-07-14T19:23:24.966654+00:00", "symbol": "ETH-USD"}, {"trade_id": 666971812, "side": "sell", "size": "0.00225185", "price": "2993.78000000", "time": "2025-07-14T19:23:09.981746Z", "fetched_at": "2025-07-14T19:23:24.966654+00:00", "symbol": "ETH-USD"}, {"trade_id": 666971811, "side": "sell", "size": "0.00303808", "price": "2993.78000000", "time": "2025-07-14T19:23:09.981746Z", "fetched_at": "2025-07-14T19:23:24.966654+00:00", "symbol": "ETH-USD"}, {"trade_id": 666971810, "side": "buy", "size": "4.21252830", "price": "2993.80000000", "time": "2025-07-14T19:23:09.840357Z", "fetched_at": "2025-07-14T19:23:24.966654+00:00", "symbol": "ETH-USD"}, {"trade_id": 666971809, "side": "buy", "size": "0.00001002", "price": "2993.81000000", "time": "2025-07-14T19:23:09.840357Z", "fetched_at": "2025-07-14T19:23:24.966654+00:00", "symbol": "ETH-USD"}, {"trade_id": 666971808, "side": "buy", "size": "0.00834833", "price": "2993.81000000", "time": "2025-07-14T19:23:09.399028Z", "fetched_at": "2025-07-14T19:23:24.966654+00:00", "symbol": "ETH-USD"}, {"trade_id": 666971807, "side": "buy", "size": "0.00030063", "price": "2993.82000000", "time": "2025-07-14T19:23:09.042655Z", "fetched_at": "2025-07-14T19:23:24.966654+00:00", "symbol": "ETH-USD"}, {"trade_id": 666971806, "side": "buy", "size": "1.58675107", "price": "2993.82000000", "time": "2025-07-14T19:23:08.931571Z", "fetched_at": "2025-07-14T19:23:24.966654+00:00", "symbol": "ETH-USD"}, {"trade_id": 666971805, "side": "buy", "size": "0.19526747", "price": "2993.82000000", "time": "2025-07-14T19:23:08.918626Z", "fetched_at": "2025-07-14T19:23:24.966654+00:00", "symbol": "ETH-USD"}, {"trade_id": 666971804, "side": "buy", "size": "0.28588389", "price": "2993.82000000", "time": "2025-07-14T19:23:08.906981Z", "fetched_at": "2025-07-14T19:23:24.966654+00:00", "symbol": "ETH-USD"}, {"trade_id": 666971803, "side": "buy", "size": "0.54598896", "price": "2993.82000000", "time": "2025-07-14T19:23:08.889407Z", "fetched_at": "2025-07-14T19:23:24.966654+00:00", "symbol": "ETH-USD"}, {"trade_id": 666971802, "side": "sell", "size": "0.00303798", "price": "2993.81000000", "time": "2025-07-14T19:23:08.867527Z", "fetched_at": "2025-07-14T19:23:24.966654+00:00", "symbol": "ETH-USD"}, {"trade_id": 666971801, "side": "sell", "size": "0.00303798", "price": "2993.81000000", "time": "2025-07-14T19:23:08.459633Z", "fetched_at": "2025-07-14T19:23:24.966654+00:00", "symbol": "ETH-USD"}, {"trade_id": 666971800, "side": "sell", "size": "0.16701182", "price": "2993.80000000", "time": "2025-07-14T19:23:08.459633Z", "fetched_at": "2025-07-14T19:23:24.966654+00:00", "symbol": "ETH-USD"}, {"trade_id": 666971799, "side": "buy", "size": "1.36834681", "price": "2993.89000000", "time": "2025-07-14T19:23:08.390722Z", "fetched_at": "2025-07-14T19:23:24.966654+00:00", "symbol": "ETH-USD"}, {"trade_id": 666971798, "side": "buy", "size": "2.23540000", "price": "2993.89000000", "time": "2025-07-14T19:23:08.390722Z", "fetched_at": "2025-07-14T19:23:24.966654+00:00", "symbol": "ETH-USD"}, {"trade_id": 666971797, "side": "buy", "size": "0.90000000", "price": "2993.91000000", "time": "2025-07-14T19:23:08.379754Z", "fetched_at": "2025-07-14T19:23:24.966654+00:00", "symbol": "ETH-USD"}, {"trade_id": 666971796, "side": "buy", "size": "0.01606907", "price": "2993.95000000", "time": "2025-07-14T19:23:08.369284Z", "fetched_at": "2025-07-14T19:23:24.966654+00:00", "symbol": "ETH-USD"}, {"trade_id": 666971795, "side": "buy", "size": "0.19281217", "price": "2993.95000000", "time": "2025-07-14T19:23:08.369284Z", "fetched_at": "2025-07-14T19:23:24.966654+00:00", "symbol": "ETH-USD"}, {"trade_id": 666971794, "side": "sell", "size": "0.03306607", "price": "2993.96000000", "time": "2025-07-14T19:23:08.360434Z", "fetched_at": "2025-07-14T19:23:24.966654+00:00", "symbol": "ETH-USD"}, {"trade_id": 666971793, "side": "buy", "size": "2.36343367", "price": "2993.95000000", "time": "2025-07-14T19:23:08.357740Z", "fetched_at": "2025-07-14T19:23:24.966654+00:00", "symbol": "ETH-USD"}, {"trade_id": 666971792, "side": "buy", "size": "2.23543544", "price": "2993.95000000", "time": "2025-07-14T19:23:08.173381Z", "fetched_at": "2025-07-14T19:23:24.966654+00:00", "symbol": "ETH-USD"}, {"trade_id": 666971791, "side": "sell", "size": "0.00826748", "price": "2993.96000000", "time": "2025-07-14T19:23:08.068765Z", "fetched_at": "2025-07-14T19:23:24.966654+00:00", "symbol": "ETH-USD"}, {"trade_id": 666971790, "side": "buy", "size": "1.21110118", "price": "2993.95000000", "time": "2025-07-14T19:23:07.571375Z", "fetched_at": "2025-07-14T19:23:24.966654+00:00", "symbol": "ETH-USD"}, {"trade_id": 666971789, "side": "buy", "size": "1.18741757", "price": "2993.95000000", "time": "2025-07-14T19:23:07.571375Z", "fetched_at": "2025-07-14T19:23:24.966654+00:00", "symbol": "ETH-USD"}, {"trade_id": 666971788, "side": "buy", "size": "0.00438243", "price": "2993.95000000", "time": "2025-07-14T19:23:07.014671Z", "fetched_at": "2025-07-14T19:23:24.966654+00:00", "symbol": "ETH-USD"}, {"trade_id": 666971787, "side": "buy", "size": "0.00000334", "price": "2993.95000000", "time": "2025-07-14T19:23:07.014671Z", "fetched_at": "2025-07-14T19:23:24.966654+00:00", "symbol": "ETH-USD"}, {"trade_id": 666971786, "side": "buy", "size": "1.19186220", "price": "2993.95000000", "time": "2025-07-14T19:23:05.741678Z", "fetched_at": "2025-07-14T19:23:24.966654+00:00", "symbol": "ETH-USD"}, {"trade_id": 666971785, "side": "buy", "size": "0.54813780", "price": "2993.95000000", "time": "2025-07-14T19:23:05.741678Z", "fetched_at": "2025-07-14T19:23:24.966654+00:00", "symbol": "ETH-USD"}, {"trade_id": 666971784, "side": "buy", "size": "0.00000220", "price": "2993.95000000", "time": "2025-07-14T19:23:05.576087Z", "fetched_at": "2025-07-14T19:23:24.966654+00:00", "symbol": "ETH-USD"}, {"trade_id": 666971783, "side": "sell", "size": "0.01319152", "price": "2993.96000000", "time": "2025-07-14T19:23:05.242199Z", "fetched_at": "2025-07-14T19:23:24.966654+00:00", "symbol": "ETH-USD"}, {"trade_id": 666971782, "side": "sell", "size": "0.00303821", "price": "2993.79000000", "time": "2025-07-14T19:23:05.242199Z", "fetched_at": "2025-07-14T19:23:24.966654+00:00", "symbol": "ETH-USD"}, {"trade_id": 666971781, "side": "buy", "size": "2.26338381", "price": "2993.97000000", "time": "2025-07-14T19:23:04.968875Z", "fetched_at": "2025-07-14T19:23:24.966654+00:00", "symbol": "ETH-USD"}, {"trade_id": 666971780, "side": "buy", "size": "2.90709807", "price": "2993.97000000", "time": "2025-07-14T19:23:04.958431Z", "fetched_at": "2025-07-14T19:23:24.966654+00:00", "symbol": "ETH-USD"}, {"trade_id": 666971779, "side": "buy", "size": "2.94161812", "price": "2993.97000000", "time": "2025-07-14T19:23:04.947570Z", "fetched_at": "2025-07-14T19:23:24.966654+00:00", "symbol": "ETH-USD"}, {"trade_id": 666971778, "side": "buy", "size": "0.00000334", "price": "2993.97000000", "time": "2025-07-14T19:23:04.947570Z", "fetched_at": "2025-07-14T19:23:24.966654+00:00", "symbol": "ETH-USD"}, {"trade_id": 666971777, "side": "buy", "size": "1.88788985", "price": "2993.97000000", "time": "2025-07-14T19:23:04.527848Z", "fetched_at": "2025-07-14T19:23:24.966654+00:00", "symbol": "ETH-USD"}, {"trade_id": 666971776, "side": "buy", "size": "0.15000000", "price": "2994.03000000", "time": "2025-07-14T19:23:04.488528Z", "fetched_at": "2025-07-14T19:23:24.966654+00:00", "symbol": "ETH-USD"}, {"trade_id": 666971775, "side": "sell", "size": "0.83195160", "price": "2994.05000000", "time": "2025-07-14T19:23:04.447922Z", "fetched_at": "2025-07-14T19:23:24.966654+00:00", "symbol": "ETH-USD"}, {"trade_id": 666971774, "side": "sell", "size": "0.00303821", "price": "2993.97000000", "time": "2025-07-14T19:23:04.447922Z", "fetched_at": "2025-07-14T19:23:24.966654+00:00", "symbol": "ETH-USD"}, {"trade_id": 666971773, "side": "sell", "size": "0.26725300", "price": "2993.97000000", "time": "2025-07-14T19:23:04.447922Z", "fetched_at": "2025-07-14T19:23:24.966654+00:00", "symbol": "ETH-USD"}, {"trade_id": 666971772, "side": "sell", "size": "0.60000000", "price": "2993.97000000", "time": "2025-07-14T19:23:04.447922Z", "fetched_at": "2025-07-14T19:23:24.966654+00:00", "symbol": "ETH-USD"}, {"trade_id": 666971771, "side": "sell", "size": "0.16700289", "price": "2993.96000000", "time": "2025-07-14T19:23:04.428334Z", "fetched_at": "2025-07-14T19:23:24.966654+00:00", "symbol": "ETH-USD"}, {"trade_id": 666971770, "side": "sell", "size": "0.24269000", "price": "2993.96000000", "time": "2025-07-14T19:23:04.428334Z", "fetched_at": "2025-07-14T19:23:24.966654+00:00", "symbol": "ETH-USD"}, {"trade_id": 666971769, "side": "sell", "size": "0.30000000", "price": "2993.80000000", "time": "2025-07-14T19:23:04.416509Z", "fetched_at": "2025-07-14T19:23:24.966654+00:00", "symbol": "ETH-USD"}, {"trade_id": 666971768, "side": "sell", "size": "0.16379334", "price": "2993.74000000", "time": "2025-07-14T19:23:04.411830Z", "fetched_at": "2025-07-14T19:23:24.966654+00:00", "symbol": "ETH-USD"}, {"trade_id": 666971767, "side": "sell", "size": "0.00303821", "price": "2993.71000000", "time": "2025-07-14T19:23:04.411830Z", "fetched_at": "2025-07-14T19:23:24.966654+00:00", "symbol": "ETH-USD"}, {"trade_id": 666971766, "side": "sell", "size": "0.00016491", "price": "2993.71000000", "time": "2025-07-14T19:23:04.411830Z", "fetched_at": "2025-07-14T19:23:24.966654+00:00", "symbol": "ETH-USD"}, {"trade_id": 666971765, "side": "sell", "size": "0.00001354", "price": "2993.71000000", "time": "2025-07-14T19:23:04.411830Z", "fetched_at": "2025-07-14T19:23:24.966654+00:00", "symbol": "ETH-USD"}, {"trade_id": 666971764, "side": "buy", "size": "0.00043457", "price": "2993.62000000", "time": "2025-07-14T19:23:03.397894Z", "fetched_at": "2025-07-14T19:23:24.966654+00:00", "symbol": "ETH-USD"}, {"trade_id": 666971763, "side": "buy", "size": "2.70432695", "price": "2993.60000000", "time": "2025-07-14T19:23:03.385709Z", "fetched_at": "2025-07-14T19:23:24.966654+00:00", "symbol": "ETH-USD"}, {"trade_id": 666971762, "side": "buy", "size": "0.01607089", "price": "2993.61000000", "time": "2025-07-14T19:23:03.385709Z", "fetched_at": "2025-07-14T19:23:24.966654+00:00", "symbol": "ETH-USD"}, {"trade_id": 666971761, "side": "buy", "size": "0.00001670", "price": "2993.62000000", "time": "2025-07-14T19:23:03.385709Z", "fetched_at": "2025-07-14T19:23:24.966654+00:00", "symbol": "ETH-USD"}, {"trade_id": 666971760, "side": "buy", "size": "0.70000000", "price": "2993.64000000", "time": "2025-07-14T19:23:03.375559Z", "fetched_at": "2025-07-14T19:23:24.966654+00:00", "symbol": "ETH-USD"}, {"trade_id": 666971759, "side": "buy", "size": "0.00043457", "price": "2993.65000000", "time": "2025-07-14T19:23:03.375559Z", "fetched_at": "2025-07-14T19:23:24.966654+00:00", "symbol": "ETH-USD"}, {"trade_id": 666971758, "side": "buy", "size": "3.31781319", "price": "2993.70000000", "time": "2025-07-14T19:23:03.003637Z", "fetched_at": "2025-07-14T19:23:24.966654+00:00", "symbol": "ETH-USD"}, {"trade_id": 666971757, "side": "buy", "size": "0.00043294", "price": "2993.70000000", "time": "2025-07-14T19:23:02.990123Z", "fetched_at": "2025-07-14T19:23:24.966654+00:00", "symbol": "ETH-USD"}, {"trade_id": 666971756, "side": "buy", "size": "0.00043209", "price": "2993.62000000", "time": "2025-07-14T19:23:02.432232Z", "fetched_at": "2025-07-14T19:23:24.966654+00:00", "symbol": "ETH-USD"}, {"trade_id": 666971755, "side": "buy", "size": "0.01143420", "price": "2993.65000000", "time": "2025-07-14T19:23:02.291316Z", "fetched_at": "2025-07-14T19:23:24.966654+00:00", "symbol": "ETH-USD"}, {"trade_id": 666971754, "side": "buy", "size": "0.04618684", "price": "2993.67000000", "time": "2025-07-14T19:23:02.291316Z", "fetched_at": "2025-07-14T19:23:24.966654+00:00", "symbol": "ETH-USD"}, {"trade_id": 666971753, "side": "buy", "size": "1.15381316", "price": "2993.67000000", "time": "2025-07-14T19:23:02.281323Z", "fetched_at": "2025-07-14T19:23:24.966654+00:00", "symbol": "ETH-USD"}, {"trade_id": 666971752, "side": "buy", "size": "0.90000000", "price": "2993.67000000", "time": "2025-07-14T19:23:02.281323Z", "fetched_at": "2025-07-14T19:23:24.966654+00:00", "symbol": "ETH-USD"}, {"trade_id": 666971751, "side": "buy", "size": "0.19286964", "price": "2993.68000000", "time": "2025-07-14T19:23:02.281323Z", "fetched_at": "2025-07-14T19:23:24.966654+00:00", "symbol": "ETH-USD"}, {"trade_id": 666971750, "side": "buy", "size": "0.00000334", "price": "2993.68000000", "time": "2025-07-14T19:23:02.281323Z", "fetched_at": "2025-07-14T19:23:24.966654+00:00", "symbol": "ETH-USD"}, {"trade_id": 666971749, "side": "buy", "size": "0.35978334", "price": "2993.70000000", "time": "2025-07-14T19:23:02.226793Z", "fetched_at": "2025-07-14T19:23:24.966654+00:00", "symbol": "ETH-USD"}, {"trade_id": 666971748, "side": "buy", "size": "0.00037968", "price": "2993.70000000", "time": "2025-07-14T19:23:02.132624Z", "fetched_at": "2025-07-14T19:23:24.966654+00:00", "symbol": "ETH-USD"}, {"trade_id": 666971747, "side": "buy", "size": "0.00037968", "price": "2993.70000000", "time": "2025-07-14T19:23:02.092832Z", "fetched_at": "2025-07-14T19:23:24.966654+00:00", "symbol": "ETH-USD"}, {"trade_id": 666971746, "side": "buy", "size": "2.83649043", "price": "2993.70000000", "time": "2025-07-14T19:23:02.080961Z", "fetched_at": "2025-07-14T19:23:24.966654+00:00", "symbol": "ETH-USD"}, {"trade_id": 666971745, "side": "sell", "size": "0.83511216", "price": "2993.61000000", "time": "2025-07-14T19:23:00.994049Z", "fetched_at": "2025-07-14T19:23:24.966654+00:00", "symbol": "ETH-USD"}, {"trade_id": 666971744, "side": "buy", "size": "0.09686253", "price": "2993.51000000", "time": "2025-07-14T19:23:00.916070Z", "fetched_at": "2025-07-14T19:23:24.966654+00:00", "symbol": "ETH-USD"}, {"trade_id": 666971743, "side": "buy", "size": "0.02077325", "price": "2993.52000000", "time": "2025-07-14T19:23:00.916070Z", "fetched_at": "2025-07-14T19:23:24.966654+00:00", "symbol": "ETH-USD"}, {"trade_id": 666971742, "side": "buy", "size": "0.00042857", "price": "2993.53000000", "time": "2025-07-14T19:23:00.916070Z", "fetched_at": "2025-07-14T19:23:24.966654+00:00", "symbol": "ETH-USD"}, {"trade_id": 666971741, "side": "sell", "size": "0.83511216", "price": "2993.61000000", "time": "2025-07-14T19:23:00.895181Z", "fetched_at": "2025-07-14T19:23:24.966654+00:00", "symbol": "ETH-USD"}, {"trade_id": 666971740, "side": "sell", "size": "0.16702633", "price": "2993.54000000", "time": "2025-07-14T19:23:00.890101Z", "fetched_at": "2025-07-14T19:23:24.966654+00:00", "symbol": "ETH-USD"}, {"trade_id": 666971739, "side": "sell", "size": "0.15000000", "price": "2993.62000000", "time": "2025-07-14T19:23:00.825326Z", "fetched_at": "2025-07-14T19:23:24.966654+00:00", "symbol": "ETH-USD"}, {"trade_id": 666971738, "side": "sell", "size": "0.68511137", "price": "2993.62000000", "time": "2025-07-14T19:23:00.825020Z", "fetched_at": "2025-07-14T19:23:24.966654+00:00", "symbol": "ETH-USD"}, {"trade_id": 666971737, "side": "sell", "size": "0.15000000", "price": "2993.53000000", "time": "2025-07-14T19:23:00.825020Z", "fetched_at": "2025-07-14T19:23:24.966654+00:00", "symbol": "ETH-USD"}, {"trade_id": 666971736, "side": "sell", "size": "0.16702688", "price": "2993.53000000", "time": "2025-07-14T19:23:00.825020Z", "fetched_at": "2025-07-14T19:23:24.966654+00:00", "symbol": "ETH-USD"}, {"trade_id": 666971735, "side": "buy", "size": "0.00003006", "price": "2993.52000000", "time": "2025-07-14T19:23:00.798618Z", "fetched_at": "2025-07-14T19:23:24.966654+00:00", "symbol": "ETH-USD"}, {"trade_id": 666971734, "side": "buy", "size": "0.15000000", "price": "2993.61000000", "time": "2025-07-14T19:23:00.793861Z", "fetched_at": "2025-07-14T19:23:24.966654+00:00", "symbol": "ETH-USD"}, {"trade_id": 666971733, "side": "sell", "size": "0.15000000", "price": "2993.64000000", "time": "2025-07-14T19:23:00.789931Z", "fetched_at": "2025-07-14T19:23:24.966654+00:00", "symbol": "ETH-USD"}, {"trade_id": 666971732, "side": "sell", "size": "0.38649791", "price": "2993.68000000", "time": "2025-07-14T19:23:00.785574Z", "fetched_at": "2025-07-14T19:23:24.966654+00:00", "symbol": "ETH-USD"}, {"trade_id": 666971731, "side": "sell", "size": "0.04519209", "price": "2993.68000000", "time": "2025-07-14T19:23:00.785339Z", "fetched_at": "2025-07-14T19:23:24.966654+00:00", "symbol": "ETH-USD"}, {"trade_id": 666971730, "side": "sell", "size": "0.00303791", "price": "2993.68000000", "time": "2025-07-14T19:23:00.785339Z", "fetched_at": "2025-07-14T19:23:24.966654+00:00", "symbol": "ETH-USD"}, {"trade_id": 666971729, "side": "sell", "size": "0.15000000", "price": "2993.67000000", "time": "2025-07-14T19:23:00.785339Z", "fetched_at": "2025-07-14T19:23:24.966654+00:00", "symbol": "ETH-USD"}, {"trade_id": 666971728, "side": "sell", "size": "0.23949000", "price": "2993.65000000", "time": "2025-07-14T19:23:00.785339Z", "fetched_at": "2025-07-14T19:23:24.966654+00:00", "symbol": "ETH-USD"}, {"trade_id": 666971727, "side": "buy", "size": "0.38737522", "price": "2993.60000000", "time": "2025-07-14T19:23:00.780871Z", "fetched_at": "2025-07-14T19:23:24.966654+00:00", "symbol": "ETH-USD"}, {"trade_id": 666971726, "side": "buy", "size": "0.15000000", "price": "2993.61000000", "time": "2025-07-14T19:23:00.780871Z", "fetched_at": "2025-07-14T19:23:24.966654+00:00", "symbol": "ETH-USD"}, {"trade_id": 666971725, "side": "buy", "size": "0.00043073", "price": "2993.61000000", "time": "2025-07-14T19:23:00.780871Z", "fetched_at": "2025-07-14T19:23:24.966654+00:00", "symbol": "ETH-USD"}, {"trade_id": 666971724, "side": "buy", "size": "0.05403634", "price": "2993.62000000", "time": "2025-07-14T19:23:00.780871Z", "fetched_at": "2025-07-14T19:23:24.966654+00:00", "symbol": "ETH-USD"}, {"trade_id": 666971723, "side": "buy", "size": "0.00002004", "price": "2993.64000000", "time": "2025-07-14T19:23:00.780871Z", "fetched_at": "2025-07-14T19:23:24.966654+00:00", "symbol": "ETH-USD"}, {"trade_id": 666971722, "side": "buy", "size": "0.01072930", "price": "2993.67000000", "time": "2025-07-14T19:23:00.780871Z", "fetched_at": "2025-07-14T19:23:24.966654+00:00", "symbol": "ETH-USD"}, {"trade_id": 666971721, "side": "buy", "size": "0.06429566", "price": "2993.67000000", "time": "2025-07-14T19:23:00.780871Z", "fetched_at": "2025-07-14T19:23:24.966654+00:00", "symbol": "ETH-USD"}, {"trade_id": 666971720, "side": "buy", "size": "1.45712787", "price": "2993.70000000", "time": "2025-07-14T19:23:00.769890Z", "fetched_at": "2025-07-14T19:23:24.966654+00:00", "symbol": "ETH-USD"}, {"trade_id": 666971719, "side": "buy", "size": "1.57790318", "price": "2993.70000000", "time": "2025-07-14T19:23:00.759476Z", "fetched_at": "2025-07-14T19:23:24.966654+00:00", "symbol": "ETH-USD"}, {"trade_id": 666971718, "side": "buy", "size": "0.15000000", "price": "2993.71000000", "time": "2025-07-14T19:23:00.759476Z", "fetched_at": "2025-07-14T19:23:24.966654+00:00", "symbol": "ETH-USD"}, {"trade_id": 666971717, "side": "sell", "size": "0.07916994", "price": "2993.90000000", "time": "2025-07-14T19:23:00.752439Z", "fetched_at": "2025-07-14T19:23:24.966654+00:00", "symbol": "ETH-USD"}, {"trade_id": 666971716, "side": "sell", "size": "0.00024001", "price": "2993.71000000", "time": "2025-07-14T19:23:00.752439Z", "fetched_at": "2025-07-14T19:23:24.966654+00:00", "symbol": "ETH-USD"}, {"trade_id": 666971715, "side": "sell", "size": "0.00020670", "price": "2993.71000000", "time": "2025-07-14T19:23:00.752439Z", "fetched_at": "2025-07-14T19:23:24.966654+00:00", "symbol": "ETH-USD"}, {"trade_id": 666971714, "side": "sell", "size": "0.00303791", "price": "2993.71000000", "time": "2025-07-14T19:23:00.752439Z", "fetched_at": "2025-07-14T19:23:24.966654+00:00", "symbol": "ETH-USD"}, {"trade_id": 666971713, "side": "sell", "size": "0.00303791", "price": "2993.68000000", "time": "2025-07-14T19:23:00.564851Z", "fetched_at": "2025-07-14T19:23:24.966654+00:00", "symbol": "ETH-USD"}, {"trade_id": 666971712, "side": "sell", "size": "0.00303791", "price": "2993.68000000", "time": "2025-07-14T19:23:00.533361Z", "fetched_at": "2025-07-14T19:23:24.966654+00:00", "symbol": "ETH-USD"}, {"trade_id": 666971711, "side": "sell", "size": "0.00303791", "price": "2993.68000000", "time": "2025-07-14T19:23:00.501039Z", "fetched_at": "2025-07-14T19:23:24.966654+00:00", "symbol": "ETH-USD"}, {"trade_id": 666971710, "side": "sell", "size": "0.16701851", "price": "2993.68000000", "time": "2025-07-14T19:23:00.500863Z", "fetched_at": "2025-07-14T19:23:24.966654+00:00", "symbol": "ETH-USD"}, {"trade_id": 666971709, "side": "sell", "size": "0.00303791", "price": "2993.68000000", "time": "2025-07-14T19:23:00.458906Z", "fetched_at": "2025-07-14T19:23:24.966654+00:00", "symbol": "ETH-USD"}, {"trade_id": 666971708, "side": "sell", "size": "0.00303791", "price": "2993.68000000", "time": "2025-07-14T19:23:00.427201Z", "fetched_at": "2025-07-14T19:23:24.966654+00:00", "symbol": "ETH-USD"}, {"trade_id": 666971707, "side": "sell", "size": "0.16398060", "price": "2993.68000000", "time": "2025-07-14T19:23:00.427164Z", "fetched_at": "2025-07-14T19:23:24.966654+00:00", "symbol": "ETH-USD"}, {"trade_id": 666971706, "side": "sell", "size": "0.00303791", "price": "2993.67000000", "time": "2025-07-14T19:23:00.427164Z", "fetched_at": "2025-07-14T19:23:24.966654+00:00", "symbol": "ETH-USD"}, {"trade_id": 666971705, "side": "sell", "size": "0.00303791", "price": "2993.65000000", "time": "2025-07-14T19:23:00.328612Z", "fetched_at": "2025-07-14T19:23:24.966654+00:00", "symbol": "ETH-USD"}, {"trade_id": 666971704, "side": "sell", "size": "0.00303791", "price": "2993.65000000", "time": "2025-07-14T19:23:00.309103Z", "fetched_at": "2025-07-14T19:23:24.966654+00:00", "symbol": "ETH-USD"}, {"trade_id": 666971703, "side": "sell", "size": "0.00048005", "price": "2993.68000000", "time": "2025-07-14T19:23:00.280728Z", "fetched_at": "2025-07-14T19:23:24.966654+00:00", "symbol": "ETH-USD"}, {"trade_id": 666971702, "side": "sell", "size": "0.00020671", "price": "2993.68000000", "time": "2025-07-14T19:23:00.280728Z", "fetched_at": "2025-07-14T19:23:24.966654+00:00", "symbol": "ETH-USD"}, {"trade_id": 666971701, "side": "sell", "size": "0.83509538", "price": "2993.67000000", "time": "2025-07-14T19:23:00.280728Z", "fetched_at": "2025-07-14T19:23:24.966654+00:00", "symbol": "ETH-USD"}, {"trade_id": 666971700, "side": "sell", "size": "0.18722627", "price": "2993.66000000", "time": "2025-07-14T19:23:00.280728Z", "fetched_at": "2025-07-14T19:23:24.966654+00:00", "symbol": "ETH-USD"}, {"trade_id": 666971699, "side": "sell", "size": "0.00284900", "price": "2993.65000000", "time": "2025-07-14T19:23:00.280728Z", "fetched_at": "2025-07-14T19:23:24.966654+00:00", "symbol": "ETH-USD"}, {"trade_id": 666971698, "side": "sell", "size": "0.83513888", "price": "2993.52000000", "time": "2025-07-14T19:23:00.280728Z", "fetched_at": "2025-07-14T19:23:24.966654+00:00", "symbol": "ETH-USD"}, {"trade_id": 666971697, "side": "sell", "size": "0.16702744", "price": "2993.52000000", "time": "2025-07-14T19:23:00.280728Z", "fetched_at": "2025-07-14T19:23:24.966654+00:00", "symbol": "ETH-USD"}, {"trade_id": 666971696, "side": "sell", "size": "0.00066120", "price": "2993.63000000", "time": "2025-07-14T19:22:59.640388Z", "fetched_at": "2025-07-14T19:23:24.966654+00:00", "symbol": "ETH-USD"}, {"trade_id": 666971695, "side": "buy", "size": "0.00100000", "price": "2993.54000000", "time": "2025-07-14T19:22:59.600881Z", "fetched_at": "2025-07-14T19:23:24.966654+00:00", "symbol": "ETH-USD"}, {"trade_id": 666971694, "side": "buy", "size": "0.00008685", "price": "2993.60000000", "time": "2025-07-14T19:22:59.600881Z", "fetched_at": "2025-07-14T19:23:24.966654+00:00", "symbol": "ETH-USD"}, {"trade_id": 666971693, "side": "buy", "size": "0.65766365", "price": "2993.67000000", "time": "2025-07-14T19:22:59.600881Z", "fetched_at": "2025-07-14T19:23:24.966654+00:00", "symbol": "ETH-USD"}, {"trade_id": 666971692, "side": "buy", "size": "0.04383317", "price": "2993.67000000", "time": "2025-07-14T19:22:59.587910Z", "fetched_at": "2025-07-14T19:23:24.966654+00:00", "symbol": "ETH-USD"}, {"trade_id": 666971691, "side": "buy", "size": "0.69850318", "price": "2993.67000000", "time": "2025-07-14T19:22:59.578162Z", "fetched_at": "2025-07-14T19:23:24.966654+00:00", "symbol": "ETH-USD"}, {"trade_id": 666971690, "side": "buy", "size": "0.00047070", "price": "2993.68000000", "time": "2025-07-14T19:22:59.578162Z", "fetched_at": "2025-07-14T19:23:24.966654+00:00", "symbol": "ETH-USD"}, {"trade_id": 666971689, "side": "buy", "size": "0.00100000", "price": "2993.76000000", "time": "2025-07-14T19:22:59.566972Z", "fetched_at": "2025-07-14T19:23:24.966654+00:00", "symbol": "ETH-USD"}, {"trade_id": 666971688, "side": "buy", "size": "0.64695220", "price": "2993.79000000", "time": "2025-07-14T19:22:59.555368Z", "fetched_at": "2025-07-14T19:23:24.966654+00:00", "symbol": "ETH-USD"}, {"trade_id": 666971687, "side": "buy", "size": "0.10602496", "price": "2993.79000000", "time": "2025-07-14T19:22:59.544438Z", "fetched_at": "2025-07-14T19:23:24.966654+00:00", "symbol": "ETH-USD"}, {"trade_id": 666971686, "side": "buy", "size": "0.00919898", "price": "2993.81000000", "time": "2025-07-14T19:22:59.533656Z", "fetched_at": "2025-07-14T19:23:24.966654+00:00", "symbol": "ETH-USD"}, {"trade_id": 666971685, "side": "buy", "size": "0.03782779", "price": "2993.83000000", "time": "2025-07-14T19:22:59.522629Z", "fetched_at": "2025-07-14T19:23:24.966654+00:00", "symbol": "ETH-USD"}, {"trade_id": 666971684, "side": "buy", "size": "0.00001670", "price": "2993.83000000", "time": "2025-07-14T19:22:59.522629Z", "fetched_at": "2025-07-14T19:23:24.966654+00:00", "symbol": "ETH-USD"}, {"trade_id": 666971683, "side": "buy", "size": "0.06771259", "price": "2993.83000000", "time": "2025-07-14T19:22:59.522629Z", "fetched_at": "2025-07-14T19:23:24.966654+00:00", "symbol": "ETH-USD"}, {"trade_id": 666971682, "side": "buy", "size": "0.78483249", "price": "2993.97000000", "time": "2025-07-14T19:22:59.410224Z", "fetched_at": "2025-07-14T19:23:24.966654+00:00", "symbol": "ETH-USD"}, {"trade_id": 666971681, "side": "buy", "size": "0.02286580", "price": "2993.99000000", "time": "2025-07-14T19:22:59.399342Z", "fetched_at": "2025-07-14T19:23:24.966654+00:00", "symbol": "ETH-USD"}, {"trade_id": 666971680, "side": "buy", "size": "2.73566155", "price": "2994.00000000", "time": "2025-07-14T19:22:59.363568Z", "fetched_at": "2025-07-14T19:23:24.966654+00:00", "symbol": "ETH-USD"}, {"trade_id": 666971679, "side": "buy", "size": "0.40257000", "price": "2994.03000000", "time": "2025-07-14T19:22:59.363568Z", "fetched_at": "2025-07-14T19:23:24.966654+00:00", "symbol": "ETH-USD"}, {"trade_id": 666971678, "side": "buy", "size": "0.57148000", "price": "2994.15000000", "time": "2025-07-14T19:22:59.201053Z", "fetched_at": "2025-07-14T19:23:24.966654+00:00", "symbol": "ETH-USD"}, {"trade_id": 666971677, "side": "sell", "size": "0.02194314", "price": "2994.26000000", "time": "2025-07-14T19:22:59.187750Z", "fetched_at": "2025-07-14T19:23:24.966654+00:00", "symbol": "ETH-USD"}, {"trade_id": 666971676, "side": "sell", "size": "0.16699729", "price": "2994.07000000", "time": "2025-07-14T19:22:59.187750Z", "fetched_at": "2025-07-14T19:23:24.966654+00:00", "symbol": "ETH-USD"}, {"trade_id": 666971675, "side": "sell", "size": "0.00062003", "price": "2994.02000000", "time": "2025-07-14T19:22:59.187750Z", "fetched_at": "2025-07-14T19:23:24.966654+00:00", "symbol": "ETH-USD"}, {"trade_id": 666971674, "side": "sell", "size": "0.00303795", "price": "2994.02000000", "time": "2025-07-14T19:22:59.187750Z", "fetched_at": "2025-07-14T19:23:24.966654+00:00", "symbol": "ETH-USD"}, {"trade_id": 666971673, "side": "buy", "size": "0.03722627", "price": "2994.01000000", "time": "2025-07-14T19:22:58.450454Z", "fetched_at": "2025-07-14T19:23:24.966654+00:00", "symbol": "ETH-USD"}, {"trade_id": 666971672, "side": "buy", "size": "0.57148000", "price": "2994.16000000", "time": "2025-07-14T19:22:57.296963Z", "fetched_at": "2025-07-14T19:23:24.966654+00:00", "symbol": "ETH-USD"}, {"trade_id": 666971671, "side": "sell", "size": "0.59314800", "price": "2994.09000000", "time": "2025-07-14T19:22:57.284396Z", "fetched_at": "2025-07-14T19:23:24.966654+00:00", "symbol": "ETH-USD"}, {"trade_id": 666971670, "side": "sell", "size": "0.83497958", "price": "2994.09000000", "time": "2025-07-14T19:22:57.284396Z", "fetched_at": "2025-07-14T19:23:24.966654+00:00", "symbol": "ETH-USD"}, {"trade_id": 666971669, "side": "sell", "size": "0.85687655", "price": "2994.08000000", "time": "2025-07-14T19:22:57.284396Z", "fetched_at": "2025-07-14T19:23:24.966654+00:00", "symbol": "ETH-USD"}, {"trade_id": 666971668, "side": "sell", "size": "0.00123996", "price": "2994.03000000", "time": "2025-07-14T19:22:57.284396Z", "fetched_at": "2025-07-14T19:23:24.966654+00:00", "symbol": "ETH-USD"}, {"trade_id": 666971667, "side": "sell", "size": "0.00303794", "price": "2994.00000000", "time": "2025-07-14T19:22:57.284396Z", "fetched_at": "2025-07-14T19:23:24.966654+00:00", "symbol": "ETH-USD"}, {"trade_id": 666971666, "side": "sell", "size": "0.16371412", "price": "2994.00000000", "time": "2025-07-14T19:22:57.284396Z", "fetched_at": "2025-07-14T19:23:24.966654+00:00", "symbol": "ETH-USD"}, {"trade_id": 666971665, "side": "sell", "size": "0.00328654", "price": "2994.00000000", "time": "2025-07-14T19:22:56.800686Z", "fetched_at": "2025-07-14T19:23:24.966654+00:00", "symbol": "ETH-USD"}, {"trade_id": 666971664, "side": "sell", "size": "0.00303807", "price": "2993.98000000", "time": "2025-07-14T19:22:56.800686Z", "fetched_at": "2025-07-14T19:23:24.966654+00:00", "symbol": "ETH-USD"}, {"trade_id": 666971663, "side": "buy", "size": "0.39589231", "price": "2993.97000000", "time": "2025-07-14T19:22:56.182748Z", "fetched_at": "2025-07-14T19:23:24.966654+00:00", "symbol": "ETH-USD"}, {"trade_id": 666971662, "side": "buy", "size": "0.21927520", "price": "2993.97000000", "time": "2025-07-14T19:22:56.158911Z", "fetched_at": "2025-07-14T19:23:24.966654+00:00", "symbol": "ETH-USD"}, {"trade_id": 666971661, "side": "buy", "size": "2.98065001", "price": "2994.00000000", "time": "2025-07-14T19:22:56.138298Z", "fetched_at": "2025-07-14T19:23:24.966654+00:00", "symbol": "ETH-USD"}, {"trade_id": 666971660, "side": "buy", "size": "0.15000000", "price": "2994.02000000", "time": "2025-07-14T19:22:55.549888Z", "fetched_at": "2025-07-14T19:23:24.966654+00:00", "symbol": "ETH-USD"}, {"trade_id": 666971659, "side": "buy", "size": "0.57148000", "price": "2994.02000000", "time": "2025-07-14T19:22:55.549888Z", "fetched_at": "2025-07-14T19:23:24.966654+00:00", "symbol": "ETH-USD"}, {"trade_id": 666971658, "side": "buy", "size": "2.61041583", "price": "2993.90000000", "time": "2025-07-14T19:22:54.283458Z", "fetched_at": "2025-07-14T19:23:24.966654+00:00", "symbol": "ETH-USD"}, {"trade_id": 666971657, "side": "buy", "size": "0.61651900", "price": "2993.83000000", "time": "2025-07-14T19:22:54.265121Z", "fetched_at": "2025-07-14T19:23:24.966654+00:00", "symbol": "ETH-USD"}, {"trade_id": 666971656, "side": "buy", "size": "0.24070100", "price": "2993.84000000", "time": "2025-07-14T19:22:54.265121Z", "fetched_at": "2025-07-14T19:23:24.966654+00:00", "symbol": "ETH-USD"}, {"trade_id": 666971655, "side": "buy", "size": "0.01584800", "price": "2993.84000000", "time": "2025-07-14T19:22:54.265024Z", "fetched_at": "2025-07-14T19:23:24.966654+00:00", "symbol": "ETH-USD"}, {"trade_id": 666971654, "side": "sell", "size": "0.10365310", "price": "2993.94000000", "time": "2025-07-14T19:22:54.260162Z", "fetched_at": "2025-07-14T19:23:24.966654+00:00", "symbol": "ETH-USD"}, {"trade_id": 666971653, "side": "sell", "size": "0.00289590", "price": "2993.94000000", "time": "2025-07-14T19:22:54.259144Z", "fetched_at": "2025-07-14T19:23:24.966654+00:00", "symbol": "ETH-USD"}, {"trade_id": 666971652, "side": "sell", "size": "0.14406657", "price": "2993.83000000", "time": "2025-07-14T19:22:54.259144Z", "fetched_at": "2025-07-14T19:23:24.966654+00:00", "symbol": "ETH-USD"}, {"trade_id": 666971651, "side": "sell", "size": "0.00303753", "price": "2993.82000000", "time": "2025-07-14T19:22:54.259144Z", "fetched_at": "2025-07-14T19:23:24.966654+00:00", "symbol": "ETH-USD"}, {"trade_id": 666971650, "side": "sell", "size": "0.01701015", "price": "2993.83000000", "time": "2025-07-14T19:22:54.257522Z", "fetched_at": "2025-07-14T19:23:24.966654+00:00", "symbol": "ETH-USD"}, {"trade_id": 666971649, "side": "sell", "size": "0.00593343", "price": "2993.83000000", "time": "2025-07-14T19:22:54.252693Z", "fetched_at": "2025-07-14T19:23:24.966654+00:00", "symbol": "ETH-USD"}, {"trade_id": 666971648, "side": "sell", "size": "0.14710410", "price": "2993.82000000", "time": "2025-07-14T19:22:54.252693Z", "fetched_at": "2025-07-14T19:23:24.966654+00:00", "symbol": "ETH-USD"}, {"trade_id": 666971647, "side": "buy", "size": "0.70000000", "price": "2993.83000000", "time": "2025-07-14T19:22:54.241142Z", "fetched_at": "2025-07-14T19:23:24.966654+00:00", "symbol": "ETH-USD"}, {"trade_id": 666971646, "side": "buy", "size": "0.57148000", "price": "2993.85000000", "time": "2025-07-14T19:22:54.229250Z", "fetched_at": "2025-07-14T19:23:24.966654+00:00", "symbol": "ETH-USD"}, {"trade_id": 666971645, "side": "sell", "size": "0.25365310", "price": "2993.94000000", "time": "2025-07-14T19:22:54.221604Z", "fetched_at": "2025-07-14T19:23:24.966654+00:00", "symbol": "ETH-USD"}, {"trade_id": 666971644, "side": "sell", "size": "0.16701015", "price": "2993.83000000", "time": "2025-07-14T19:22:54.221604Z", "fetched_at": "2025-07-14T19:23:24.966654+00:00", "symbol": "ETH-USD"}, {"trade_id": 666971643, "side": "sell", "size": "0.00303753", "price": "2993.82000000", "time": "2025-07-14T19:22:54.221604Z", "fetched_at": "2025-07-14T19:23:24.966654+00:00", "symbol": "ETH-USD"}, {"trade_id": 666971642, "side": "sell", "size": "0.00303753", "price": "2993.82000000", "time": "2025-07-14T19:22:54.189898Z", "fetched_at": "2025-07-14T19:23:24.966654+00:00", "symbol": "ETH-USD"}, {"trade_id": 666971641, "side": "sell", "size": "0.16701015", "price": "2993.83000000", "time": "2025-07-14T19:22:54.158060Z", "fetched_at": "2025-07-14T19:23:24.966654+00:00", "symbol": "ETH-USD"}, {"trade_id": 666971640, "side": "sell", "size": "0.00303753", "price": "2993.82000000", "time": "2025-07-14T19:22:54.158060Z", "fetched_at": "2025-07-14T19:23:24.966654+00:00", "symbol": "ETH-USD"}, {"trade_id": 666971639, "side": "sell", "size": "0.00303753", "price": "2993.81000000", "time": "2025-07-14T19:22:54.126661Z", "fetched_at": "2025-07-14T19:23:24.966654+00:00", "symbol": "ETH-USD"}, {"trade_id": 666971638, "side": "buy", "size": "0.02621072", "price": "2993.81000000", "time": "2025-07-14T19:22:54.096365Z", "fetched_at": "2025-07-14T19:23:24.966654+00:00", "symbol": "ETH-USD"}, {"trade_id": 666971637, "side": "buy", "size": "0.14855205", "price": "2993.82000000", "time": "2025-07-14T19:22:54.096365Z", "fetched_at": "2025-07-14T19:23:24.966654+00:00", "symbol": "ETH-USD"}, {"trade_id": 666971636, "side": "sell", "size": "0.16700847", "price": "2993.83000000", "time": "2025-07-14T19:22:54.094958Z", "fetched_at": "2025-07-14T19:23:24.966654+00:00", "symbol": "ETH-USD"}, {"trade_id": 666971635, "side": "sell", "size": "0.00303753", "price": "2993.83000000", "time": "2025-07-14T19:22:54.094958Z", "fetched_at": "2025-07-14T19:23:24.966654+00:00", "symbol": "ETH-USD"}, {"trade_id": 666971634, "side": "sell", "size": "0.00303753", "price": "2993.83000000", "time": "2025-07-14T19:22:54.061749Z", "fetched_at": "2025-07-14T19:23:24.966654+00:00", "symbol": "ETH-USD"}, {"trade_id": 666971633, "side": "sell", "size": "0.00303753", "price": "2993.86000000", "time": "2025-07-14T19:22:54.030362Z", "fetched_at": "2025-07-14T19:23:24.966654+00:00", "symbol": "ETH-USD"}, {"trade_id": 666971632, "side": "sell", "size": "0.00303753", "price": "2993.86000000", "time": "2025-07-14T19:22:53.997955Z", "fetched_at": "2025-07-14T19:23:24.966654+00:00", "symbol": "ETH-USD"}, {"trade_id": 666971631, "side": "sell", "size": "0.00303753", "price": "2993.86000000", "time": "2025-07-14T19:22:53.966549Z", "fetched_at": "2025-07-14T19:23:24.966654+00:00", "symbol": "ETH-USD"}, {"trade_id": 666971630, "side": "sell", "size": "0.00303753", "price": "2993.86000000", "time": "2025-07-14T19:22:53.934076Z", "fetched_at": "2025-07-14T19:23:24.966654+00:00", "symbol": "ETH-USD"}, {"trade_id": 666971629, "side": "sell", "size": "0.00303753", "price": "2993.86000000", "time": "2025-07-14T19:22:53.901840Z", "fetched_at": "2025-07-14T19:23:24.966654+00:00", "symbol": "ETH-USD"}, {"trade_id": 666971628, "side": "sell", "size": "0.00303753", "price": "2993.92000000", "time": "2025-07-14T19:22:53.869871Z", "fetched_at": "2025-07-14T19:23:24.966654+00:00", "symbol": "ETH-USD"}, {"trade_id": 666971627, "side": "sell", "size": "0.00303745", "price": "2993.90000000", "time": "2025-07-14T19:22:53.696809Z", "fetched_at": "2025-07-14T19:23:24.966654+00:00", "symbol": "ETH-USD"}, {"trade_id": 666971626, "side": "sell", "size": "0.00303745", "price": "2993.88000000", "time": "2025-07-14T19:22:53.659424Z", "fetched_at": "2025-07-14T19:23:24.966654+00:00", "symbol": "ETH-USD"}, {"trade_id": 666971625, "side": "sell", "size": "0.00303745", "price": "2993.77000000", "time": "2025-07-14T19:22:53.621073Z", "fetched_at": "2025-07-14T19:23:24.966654+00:00", "symbol": "ETH-USD"}, {"trade_id": 666971624, "side": "sell", "size": "0.00303745", "price": "2993.77000000", "time": "2025-07-14T19:22:53.589662Z", "fetched_at": "2025-07-14T19:23:24.966654+00:00", "symbol": "ETH-USD"}, {"trade_id": 666971623, "side": "sell", "size": "0.00303745", "price": "2993.77000000", "time": "2025-07-14T19:22:53.557955Z", "fetched_at": "2025-07-14T19:23:24.966654+00:00", "symbol": "ETH-USD"}, {"trade_id": 666971622, "side": "sell", "size": "0.00303745", "price": "2993.77000000", "time": "2025-07-14T19:22:53.525907Z", "fetched_at": "2025-07-14T19:23:24.966654+00:00", "symbol": "ETH-USD"}, {"trade_id": 666971621, "side": "sell", "size": "0.00303745", "price": "2993.77000000", "time": "2025-07-14T19:22:53.494672Z", "fetched_at": "2025-07-14T19:23:24.966654+00:00", "symbol": "ETH-USD"}, {"trade_id": 666971620, "side": "sell", "size": "0.00303745", "price": "2993.77000000", "time": "2025-07-14T19:22:53.463040Z", "fetched_at": "2025-07-14T19:23:24.966654+00:00", "symbol": "ETH-USD"}, {"trade_id": 666971619, "side": "sell", "size": "0.00303745", "price": "2993.81000000", "time": "2025-07-14T19:22:53.431610Z", "fetched_at": "2025-07-14T19:23:24.966654+00:00", "symbol": "ETH-USD"}, {"trade_id": 666971618, "side": "sell", "size": "0.49663365", "price": "2993.93000000", "time": "2025-07-14T19:22:53.428552Z", "fetched_at": "2025-07-14T19:23:24.966654+00:00", "symbol": "ETH-USD"}, {"trade_id": 666971617, "side": "sell", "size": "0.14855205", "price": "2993.93000000", "time": "2025-07-14T19:22:53.428484Z", "fetched_at": "2025-07-14T19:23:24.966654+00:00", "symbol": "ETH-USD"}, {"trade_id": 666971616, "side": "buy", "size": "0.11195120", "price": "2993.97000000", "time": "2025-07-14T19:22:53.409683Z", "fetched_at": "2025-07-14T19:23:24.966654+00:00", "symbol": "ETH-USD"}, {"trade_id": 666971615, "side": "buy", "size": "0.46815679", "price": "2993.97000000", "time": "2025-07-14T19:22:53.396972Z", "fetched_at": "2025-07-14T19:23:24.966654+00:00", "symbol": "ETH-USD"}, {"trade_id": 666971614, "side": "buy", "size": "0.61989201", "price": "2993.97000000", "time": "2025-07-14T19:22:53.389270Z", "fetched_at": "2025-07-14T19:23:24.966654+00:00", "symbol": "ETH-USD"}, {"trade_id": 666971613, "side": "buy", "size": "0.00100000", "price": "2993.98000000", "time": "2025-07-14T19:22:53.389270Z", "fetched_at": "2025-07-14T19:23:24.966654+00:00", "symbol": "ETH-USD"}, {"trade_id": 666971612, "side": "buy", "size": "0.00052824", "price": "2994.00000000", "time": "2025-07-14T19:22:53.380939Z", "fetched_at": "2025-07-14T19:23:24.966654+00:00", "symbol": "ETH-USD"}, {"trade_id": 666971611, "side": "buy", "size": "3.44533480", "price": "2994.00000000", "time": "2025-07-14T19:22:53.369331Z", "fetched_at": "2025-07-14T19:23:24.966654+00:00", "symbol": "ETH-USD"}, {"trade_id": 666971610, "side": "buy", "size": "2.83852124", "price": "2994.10000000", "time": "2025-07-14T19:22:53.319739Z", "fetched_at": "2025-07-14T19:23:24.966654+00:00", "symbol": "ETH-USD"}, {"trade_id": 666971609, "side": "buy", "size": "2.16147876", "price": "2994.10000000", "time": "2025-07-14T19:22:53.319465Z", "fetched_at": "2025-07-14T19:23:24.966654+00:00", "symbol": "ETH-USD"}, {"trade_id": 666971608, "side": "buy", "size": "0.03216552", "price": "2994.20000000", "time": "2025-07-14T19:22:53.308202Z", "fetched_at": "2025-07-14T19:23:24.966654+00:00", "symbol": "ETH-USD"}, {"trade_id": 666971607, "side": "buy", "size": "0.02272393", "price": "2994.20000000", "time": "2025-07-14T19:22:53.308202Z", "fetched_at": "2025-07-14T19:23:24.966654+00:00", "symbol": "ETH-USD"}, {"trade_id": 666971606, "side": "buy", "size": "3.75032069", "price": "2994.10000000", "time": "2025-07-14T19:22:53.263491Z", "fetched_at": "2025-07-14T19:23:24.966654+00:00", "symbol": "ETH-USD"}, {"trade_id": 666971605, "side": "buy", "size": "0.01826012", "price": "2994.10000000", "time": "2025-07-14T19:22:53.263491Z", "fetched_at": "2025-07-14T19:23:24.966654+00:00", "symbol": "ETH-USD"}, {"trade_id": 666971604, "side": "buy", "size": "0.03370272", "price": "2994.12000000", "time": "2025-07-14T19:22:53.263491Z", "fetched_at": "2025-07-14T19:23:24.966654+00:00", "symbol": "ETH-USD"}, {"trade_id": 666971603, "side": "buy", "size": "0.00114223", "price": "2994.12000000", "time": "2025-07-14T19:22:53.263491Z", "fetched_at": "2025-07-14T19:23:24.966654+00:00", "symbol": "ETH-USD"}, {"trade_id": 666971602, "side": "buy", "size": "0.02333907", "price": "2994.12000000", "time": "2025-07-14T19:22:53.263491Z", "fetched_at": "2025-07-14T19:23:24.966654+00:00", "symbol": "ETH-USD"}, {"trade_id": 666971601, "side": "buy", "size": "0.00055941", "price": "2994.13000000", "time": "2025-07-14T19:22:53.263491Z", "fetched_at": "2025-07-14T19:23:24.966654+00:00", "symbol": "ETH-USD"}, {"trade_id": 666971600, "side": "buy", "size": "3.63408682", "price": "2994.20000000", "time": "2025-07-14T19:22:53.252376Z", "fetched_at": "2025-07-14T19:23:24.966654+00:00", "symbol": "ETH-USD"}, {"trade_id": 666971599, "side": "buy", "size": "1.23329103", "price": "2994.20000000", "time": "2025-07-14T19:22:53.241790Z", "fetched_at": "2025-07-14T19:23:24.966654+00:00", "symbol": "ETH-USD"}, {"trade_id": 666971598, "side": "buy", "size": "0.00100000", "price": "2994.20000000", "time": "2025-07-14T19:22:53.241790Z", "fetched_at": "2025-07-14T19:23:24.966654+00:00", "symbol": "ETH-USD"}, {"trade_id": 666971597, "side": "buy", "size": "0.04109746", "price": "2994.22000000", "time": "2025-07-14T19:22:53.241790Z", "fetched_at": "2025-07-14T19:23:24.966654+00:00", "symbol": "ETH-USD"}, {"trade_id": 666971596, "side": "buy", "size": "0.19298655", "price": "2994.25000000", "time": "2025-07-14T19:22:53.241790Z", "fetched_at": "2025-07-14T19:23:24.966654+00:00", "symbol": "ETH-USD"}, {"trade_id": 666971595, "side": "buy", "size": "1.20000000", "price": "2994.27000000", "time": "2025-07-14T19:22:53.241790Z", "fetched_at": "2025-07-14T19:23:24.966654+00:00", "symbol": "ETH-USD"}, {"trade_id": 666971594, "side": "buy", "size": "0.00055938", "price": "2994.28000000", "time": "2025-07-14T19:22:53.241790Z", "fetched_at": "2025-07-14T19:23:24.966654+00:00", "symbol": "ETH-USD"}, {"trade_id": 666971593, "side": "buy", "size": "0.00055938", "price": "2994.32000000", "time": "2025-07-14T19:22:53.231794Z", "fetched_at": "2025-07-14T19:23:24.966654+00:00", "symbol": "ETH-USD"}, {"trade_id": 666971592, "side": "buy", "size": "3.54976875", "price": "2994.29000000", "time": "2025-07-14T19:22:53.224550Z", "fetched_at": "2025-07-14T19:23:24.966654+00:00", "symbol": "ETH-USD"}, {"trade_id": 666971591, "side": "buy", "size": "0.90000000", "price": "2994.31000000", "time": "2025-07-14T19:22:53.222496Z", "fetched_at": "2025-07-14T19:23:24.966654+00:00", "symbol": "ETH-USD"}, {"trade_id": 666971590, "side": "buy", "size": "0.00055938", "price": "2994.32000000", "time": "2025-07-14T19:22:53.222496Z", "fetched_at": "2025-07-14T19:23:24.966654+00:00", "symbol": "ETH-USD"}, {"trade_id": 666971589, "side": "buy", "size": "0.16698338", "price": "2994.29000000", "time": "2025-07-14T19:22:53.179781Z", "fetched_at": "2025-07-14T19:23:24.966654+00:00", "symbol": "ETH-USD"}, {"trade_id": 666971588, "side": "buy", "size": "0.54394438", "price": "2994.42000000", "time": "2025-07-14T19:22:52.908243Z", "fetched_at": "2025-07-14T19:23:24.966654+00:00", "symbol": "ETH-USD"}, {"trade_id": 666971587, "side": "buy", "size": "3.35099409", "price": "2994.42000000", "time": "2025-07-14T19:22:52.894848Z", "fetched_at": "2025-07-14T19:23:24.966654+00:00", "symbol": "ETH-USD"}, {"trade_id": 666971586, "side": "sell", "size": "0.00144795", "price": "2994.43000000", "time": "2025-07-14T19:22:52.571532Z", "fetched_at": "2025-07-14T19:23:24.966654+00:00", "symbol": "ETH-USD"}, {"trade_id": 666971585, "side": "sell", "size": "0.00171906", "price": "2994.43000000", "time": "2025-07-14T19:22:52.571532Z", "fetched_at": "2025-07-14T19:23:24.966654+00:00", "symbol": "ETH-USD"}, {"trade_id": 666971584, "side": "buy", "size": "0.57148000", "price": "2994.34000000", "time": "2025-07-14T19:22:51.273355Z", "fetched_at": "2025-07-14T19:23:24.966654+00:00", "symbol": "ETH-USD"}, {"trade_id": 666971583, "side": "sell", "size": "0.15000000", "price": "2994.37000000", "time": "2025-07-14T19:22:51.242116Z", "fetched_at": "2025-07-14T19:23:24.966654+00:00", "symbol": "ETH-USD"}, {"trade_id": 666971582, "side": "sell", "size": "0.16698031", "price": "2994.37000000", "time": "2025-07-14T19:22:51.242116Z", "fetched_at": "2025-07-14T19:23:24.966654+00:00", "symbol": "ETH-USD"}, {"trade_id": 666971581, "side": "buy", "size": "2.26086245", "price": "2994.53000000", "time": "2025-07-14T19:22:51.187052Z", "fetched_at": "2025-07-14T19:23:24.966654+00:00", "symbol": "ETH-USD"}, {"trade_id": 666971580, "side": "sell", "size": "0.00303729", "price": "2994.53000000", "time": "2025-07-14T19:22:50.628235Z", "fetched_at": "2025-07-14T19:23:24.966654+00:00", "symbol": "ETH-USD"}, {"trade_id": 666971579, "side": "sell", "size": "0.45712925", "price": "2994.54000000", "time": "2025-07-14T19:22:50.619124Z", "fetched_at": "2025-07-14T19:23:24.966654+00:00", "symbol": "ETH-USD"}, {"trade_id": 666971578, "side": "sell", "size": "0.30000000", "price": "2994.50000000", "time": "2025-07-14T19:22:50.619124Z", "fetched_at": "2025-07-14T19:23:24.966654+00:00", "symbol": "ETH-USD"}, {"trade_id": 666971577, "side": "sell", "size": "0.57780253", "price": "2994.49000000", "time": "2025-07-14T19:22:50.619124Z", "fetched_at": "2025-07-14T19:23:24.966654+00:00", "symbol": "ETH-USD"}, {"trade_id": 666971576, "side": "sell", "size": "0.00303730", "price": "2994.48000000", "time": "2025-07-14T19:22:50.619124Z", "fetched_at": "2025-07-14T19:23:24.966654+00:00", "symbol": "ETH-USD"}, {"trade_id": 666971575, "side": "sell", "size": "0.16697536", "price": "2994.46000000", "time": "2025-07-14T19:22:50.619124Z", "fetched_at": "2025-07-14T19:23:24.966654+00:00", "symbol": "ETH-USD"}, {"trade_id": 666971574, "side": "sell", "size": "0.30000000", "price": "2994.40000000", "time": "2025-07-14T19:22:50.619124Z", "fetched_at": "2025-07-14T19:23:24.966654+00:00", "symbol": "ETH-USD"}, {"trade_id": 666971573, "side": "sell", "size": "0.83153635", "price": "2994.39000000", "time": "2025-07-14T19:22:50.619124Z", "fetched_at": "2025-07-14T19:23:24.966654+00:00", "symbol": "ETH-USD"}, {"trade_id": 666971572, "side": "buy", "size": "0.00033397", "price": "2994.38000000", "time": "2025-07-14T19:22:50.395017Z", "fetched_at": "2025-07-14T19:23:24.966654+00:00", "symbol": "ETH-USD"}, {"trade_id": 666971571, "side": "sell", "size": "0.00033063", "price": "2994.39000000", "time": "2025-07-14T19:22:50.383188Z", "fetched_at": "2025-07-14T19:23:24.966654+00:00", "symbol": "ETH-USD"}, {"trade_id": 666971570, "side": "sell", "size": "0.00302863", "price": "2994.39000000", "time": "2025-07-14T19:22:49.980117Z", "fetched_at": "2025-07-14T19:23:24.966654+00:00", "symbol": "ETH-USD"}, {"trade_id": 666971569, "side": "buy", "size": "0.95762430", "price": "2994.60000000", "time": "2025-07-14T19:22:49.735188Z", "fetched_at": "2025-07-14T19:23:24.966654+00:00", "symbol": "ETH-USD"}, {"trade_id": 666971568, "side": "buy", "size": "2.22339471", "price": "2994.60000000", "time": "2025-07-14T19:22:49.733477Z", "fetched_at": "2025-07-14T19:23:24.966654+00:00", "symbol": "ETH-USD"}, {"trade_id": 666971567, "side": "buy", "size": "2.28321540", "price": "2994.60000000", "time": "2025-07-14T19:22:49.731769Z", "fetched_at": "2025-07-14T19:23:24.966654+00:00", "symbol": "ETH-USD"}, {"trade_id": 666971566, "side": "buy", "size": "4.01159642", "price": "2994.60000000", "time": "2025-07-14T19:22:49.723002Z", "fetched_at": "2025-07-14T19:23:24.966654+00:00", "symbol": "ETH-USD"}, {"trade_id": 666971565, "side": "buy", "size": "0.07000000", "price": "2994.60000000", "time": "2025-07-14T19:22:49.413266Z", "fetched_at": "2025-07-14T19:23:24.966654+00:00", "symbol": "ETH-USD"}, {"trade_id": 666971564, "side": "sell", "size": "0.00303735", "price": "2994.59000000", "time": "2025-07-14T19:22:48.966557Z", "fetched_at": "2025-07-14T19:23:24.966654+00:00", "symbol": "ETH-USD"}, {"trade_id": 666971563, "side": "sell", "size": "0.28416350", "price": "2994.58000000", "time": "2025-07-14T19:22:48.966557Z", "fetched_at": "2025-07-14T19:23:24.966654+00:00", "symbol": "ETH-USD"}, {"trade_id": 666971562, "side": "sell", "size": "0.16696832", "price": "2994.58000000", "time": "2025-07-14T19:22:48.966557Z", "fetched_at": "2025-07-14T19:23:24.966654+00:00", "symbol": "ETH-USD"}, {"trade_id": 666971561, "side": "buy", "size": "0.00878055", "price": "2994.74000000", "time": "2025-07-14T19:22:48.816849Z", "fetched_at": "2025-07-14T19:23:24.966654+00:00", "symbol": "ETH-USD"}, {"trade_id": 666971560, "side": "buy", "size": "0.17537365", "price": "2994.74000000", "time": "2025-07-14T19:22:48.802374Z", "fetched_at": "2025-07-14T19:23:24.966654+00:00", "symbol": "ETH-USD"}, {"trade_id": 666971559, "side": "buy", "size": "1.69169795", "price": "2994.74000000", "time": "2025-07-14T19:22:48.792368Z", "fetched_at": "2025-07-14T19:23:24.966654+00:00", "symbol": "ETH-USD"}, {"trade_id": 666971558, "side": "buy", "size": "0.30454554", "price": "2994.74000000", "time": "2025-07-14T19:22:48.779563Z", "fetched_at": "2025-07-14T19:23:24.966654+00:00", "symbol": "ETH-USD"}, {"trade_id": 666971557, "side": "buy", "size": "1.67926679", "price": "2994.74000000", "time": "2025-07-14T19:22:48.763023Z", "fetched_at": "2025-07-14T19:23:24.966654+00:00", "symbol": "ETH-USD"}, {"trade_id": 666971556, "side": "buy", "size": "0.70580481", "price": "2994.74000000", "time": "2025-07-14T19:22:48.750735Z", "fetched_at": "2025-07-14T19:23:24.966654+00:00", "symbol": "ETH-USD"}, {"trade_id": 666971555, "side": "buy", "size": "2.05613903", "price": "2994.74000000", "time": "2025-07-14T19:22:48.711458Z", "fetched_at": "2025-07-14T19:23:24.966654+00:00", "symbol": "ETH-USD"}, {"trade_id": 666971554, "side": "buy", "size": "0.55497150", "price": "2994.74000000", "time": "2025-07-14T19:22:48.691517Z", "fetched_at": "2025-07-14T19:23:24.966654+00:00", "symbol": "ETH-USD"}, {"trade_id": 666971553, "side": "buy", "size": "1.65354732", "price": "2994.74000000", "time": "2025-07-14T19:22:48.678649Z", "fetched_at": "2025-07-14T19:23:24.966654+00:00", "symbol": "ETH-USD"}, {"trade_id": 666971552, "side": "buy", "size": "1.16987286", "price": "2994.74000000", "time": "2025-07-14T19:22:48.664747Z", "fetched_at": "2025-07-14T19:23:24.966654+00:00", "symbol": "ETH-USD"}, {"trade_id": 666971551, "side": "buy", "size": "0.57148000", "price": "2994.74000000", "time": "2025-07-14T19:22:48.664747Z", "fetched_at": "2025-07-14T19:23:24.966654+00:00", "symbol": "ETH-USD"}, {"trade_id": 666971550, "side": "buy", "size": "0.54814000", "price": "2994.74000000", "time": "2025-07-14T19:22:48.664747Z", "fetched_at": "2025-07-14T19:23:24.966654+00:00", "symbol": "ETH-USD"}, {"trade_id": 666971549, "side": "sell", "size": "0.83481519", "price": "2994.68000000", "time": "2025-07-14T19:22:48.294886Z", "fetched_at": "2025-07-14T19:23:24.966654+00:00", "symbol": "ETH-USD"}, {"trade_id": 666971548, "side": "sell", "size": "0.00010334", "price": "2994.67000000", "time": "2025-07-14T19:22:48.294886Z", "fetched_at": "2025-07-14T19:23:24.966654+00:00", "symbol": "ETH-USD"}, {"trade_id": 666971547, "side": "sell", "size": "0.00100000", "price": "2994.64000000", "time": "2025-07-14T19:22:48.294886Z", "fetched_at": "2025-07-14T19:23:24.966654+00:00", "symbol": "ETH-USD"}, {"trade_id": 666971546, "side": "sell", "size": "0.30000000", "price": "2994.60000000", "time": "2025-07-14T19:22:48.291086Z", "fetched_at": "2025-07-14T19:23:24.966654+00:00", "symbol": "ETH-USD"}, {"trade_id": 666971545, "side": "sell", "size": "0.00025643", "price": "2994.58000000", "time": "2025-07-14T19:22:48.291086Z", "fetched_at": "2025-07-14T19:23:24.966654+00:00", "symbol": "ETH-USD"}, {"trade_id": 666971544, "side": "sell", "size": "0.16348420", "price": "2994.57000000", "time": "2025-07-14T19:22:48.291086Z", "fetched_at": "2025-07-14T19:23:24.966654+00:00", "symbol": "ETH-USD"}, {"trade_id": 666971543, "side": "sell", "size": "0.00005590", "price": "2994.55000000", "time": "2025-07-14T19:22:48.291086Z", "fetched_at": "2025-07-14T19:23:24.966654+00:00", "symbol": "ETH-USD"}, {"trade_id": 666971542, "side": "sell", "size": "0.00303763", "price": "2994.55000000", "time": "2025-07-14T19:22:48.291086Z", "fetched_at": "2025-07-14T19:23:24.966654+00:00", "symbol": "ETH-USD"}, {"trade_id": 666971541, "side": "sell", "size": "0.00348468", "price": "2994.57000000", "time": "2025-07-14T19:22:47.916886Z", "fetched_at": "2025-07-14T19:23:24.966654+00:00", "symbol": "ETH-USD"}, {"trade_id": 666971540, "side": "sell", "size": "0.00303763", "price": "2994.26000000", "time": "2025-07-14T19:22:47.896844Z", "fetched_at": "2025-07-14T19:23:24.966654+00:00", "symbol": "ETH-USD"}, {"trade_id": 666971539, "side": "sell", "size": "0.00818000", "price": "2994.26000000", "time": "2025-07-14T19:22:47.896844Z", "fetched_at": "2025-07-14T19:23:24.966654+00:00", "symbol": "ETH-USD"}, {"trade_id": 666971538, "side": "sell", "size": "1.09113898", "price": "2994.26000000", "time": "2025-07-14T19:22:47.896844Z", "fetched_at": "2025-07-14T19:23:24.966654+00:00", "symbol": "ETH-USD"}, {"trade_id": 666971537, "side": "sell", "size": "0.80000000", "price": "2994.26000000", "time": "2025-07-14T19:22:47.896789Z", "fetched_at": "2025-07-14T19:23:24.966654+00:00", "symbol": "ETH-USD"}, {"trade_id": 666971536, "side": "sell", "size": "1.23948102", "price": "2994.26000000", "time": "2025-07-14T19:22:47.893766Z", "fetched_at": "2025-07-14T19:23:24.966654+00:00", "symbol": "ETH-USD"}, {"trade_id": 666971535, "side": "sell", "size": "2.06119429", "price": "2994.26000000", "time": "2025-07-14T19:22:47.893766Z", "fetched_at": "2025-07-14T19:23:24.966654+00:00", "symbol": "ETH-USD"}, {"trade_id": 666971534, "side": "buy", "size": "0.00323289", "price": "2994.25000000", "time": "2025-07-14T19:22:47.160194Z", "fetched_at": "2025-07-14T19:23:24.966654+00:00", "symbol": "ETH-USD"}, {"trade_id": 666971533, "side": "sell", "size": "0.00779043", "price": "2994.26000000", "time": "2025-07-14T19:22:47.048821Z", "fetched_at": "2025-07-14T19:23:24.966654+00:00", "symbol": "ETH-USD"}, {"trade_id": 666971532, "side": "sell", "size": "0.00038773", "price": "2994.26000000", "time": "2025-07-14T19:22:47.022301Z", "fetched_at": "2025-07-14T19:23:24.966654+00:00", "symbol": "ETH-USD"}, {"trade_id": 666971531, "side": "sell", "size": "3.13062755", "price": "2994.26000000", "time": "2025-07-14T19:22:46.312067Z", "fetched_at": "2025-07-14T19:23:24.966654+00:00", "symbol": "ETH-USD"}, {"trade_id": 666971530, "side": "sell", "size": "0.16698616", "price": "2994.26000000", "time": "2025-07-14T19:22:46.312067Z", "fetched_at": "2025-07-14T19:23:24.966654+00:00", "symbol": "ETH-USD"}, {"trade_id": 666971529, "side": "sell", "size": "0.00303760", "price": "2994.26000000", "time": "2025-07-14T19:22:46.312067Z", "fetched_at": "2025-07-14T19:23:24.966654+00:00", "symbol": "ETH-USD"}, {"trade_id": 666971528, "side": "buy", "size": "0.04676667", "price": "2994.25000000", "time": "2025-07-14T19:22:46.140865Z", "fetched_at": "2025-07-14T19:23:24.966654+00:00", "symbol": "ETH-USD"}, {"trade_id": 666971527, "side": "buy", "size": "0.00057108", "price": "2994.30000000", "time": "2025-07-14T19:22:46.024620Z", "fetched_at": "2025-07-14T19:23:24.966654+00:00", "symbol": "ETH-USD"}, {"trade_id": 666971526, "side": "buy", "size": "0.71133103", "price": "2994.30000000", "time": "2025-07-14T19:22:45.998396Z", "fetched_at": "2025-07-14T19:23:24.966654+00:00", "symbol": "ETH-USD"}, {"trade_id": 666971525, "side": "buy", "size": "0.96193169", "price": "2994.30000000", "time": "2025-07-14T19:22:45.955185Z", "fetched_at": "2025-07-14T19:23:24.966654+00:00", "symbol": "ETH-USD"}, {"trade_id": 666971524, "side": "buy", "size": "2.82389806", "price": "2994.30000000", "time": "2025-07-14T19:22:45.897360Z", "fetched_at": "2025-07-14T19:23:24.966654+00:00", "symbol": "ETH-USD"}, {"trade_id": 666971523, "side": "buy", "size": "1.03026995", "price": "2994.30000000", "time": "2025-07-14T19:22:45.392486Z", "fetched_at": "2025-07-14T19:23:24.966654+00:00", "symbol": "ETH-USD"}, {"trade_id": 666971522, "side": "buy", "size": "0.16842472", "price": "2994.30000000", "time": "2025-07-14T19:22:45.382194Z", "fetched_at": "2025-07-14T19:23:24.966654+00:00", "symbol": "ETH-USD"}, {"trade_id": 666971521, "side": "buy", "size": "1.72158251", "price": "2994.30000000", "time": "2025-07-14T19:22:45.371236Z", "fetched_at": "2025-07-14T19:23:24.966654+00:00", "symbol": "ETH-USD"}, {"trade_id": 666971520, "side": "buy", "size": "0.57148000", "price": "2994.38000000", "time": "2025-07-14T19:22:45.356003Z", "fetched_at": "2025-07-14T19:23:24.966654+00:00", "symbol": "ETH-USD"}, {"trade_id": 666971519, "side": "sell", "size": "0.11717785", "price": "2994.35000000", "time": "2025-07-14T19:22:45.273138Z", "fetched_at": "2025-07-14T19:23:24.966654+00:00", "symbol": "ETH-USD"}, {"trade_id": 666971518, "side": "sell", "size": "0.50146411", "price": "2994.34000000", "time": "2025-07-14T19:22:45.273138Z", "fetched_at": "2025-07-14T19:23:24.966654+00:00", "symbol": "ETH-USD"}, {"trade_id": 666971517, "side": "sell", "size": "0.30000000", "price": "2994.30000000", "time": "2025-07-14T19:22:45.273138Z", "fetched_at": "2025-07-14T19:23:24.966654+00:00", "symbol": "ETH-USD"}, {"trade_id": 666971516, "side": "sell", "size": "0.16698565", "price": "2994.27000000", "time": "2025-07-14T19:22:45.273138Z", "fetched_at": "2025-07-14T19:23:24.966654+00:00", "symbol": "ETH-USD"}, {"trade_id": 666971515, "side": "sell", "size": "0.83494530", "price": "2994.21000000", "time": "2025-07-14T19:22:45.273138Z", "fetched_at": "2025-07-14T19:23:24.966654+00:00", "symbol": "ETH-USD"}, {"trade_id": 666971514, "side": "sell", "size": "2.89329547", "price": "2994.20000000", "time": "2025-07-14T19:22:45.273138Z", "fetched_at": "2025-07-14T19:23:24.966654+00:00", "symbol": "ETH-USD"}, {"trade_id": 666971513, "side": "sell", "size": "2.30670453", "price": "2994.20000000", "time": "2025-07-14T19:22:45.273028Z", "fetched_at": "2025-07-14T19:23:24.966654+00:00", "symbol": "ETH-USD"}, {"trade_id": 666971512, "side": "sell", "size": "0.30000000", "price": "2994.20000000", "time": "2025-07-14T19:22:45.273028Z", "fetched_at": "2025-07-14T19:23:24.966654+00:00", "symbol": "ETH-USD"}, {"trade_id": 666971511, "side": "sell", "size": "1.15450997", "price": "2994.19000000", "time": "2025-07-14T19:22:45.273028Z", "fetched_at": "2025-07-14T19:23:24.966654+00:00", "symbol": "ETH-USD"}, {"trade_id": 666971510, "side": "sell", "size": "0.00006994", "price": "2994.14000000", "time": "2025-07-14T19:22:45.273028Z", "fetched_at": "2025-07-14T19:23:24.966654+00:00", "symbol": "ETH-USD"}, {"trade_id": 666971509, "side": "sell", "size": "0.00303777", "price": "2994.13000000", "time": "2025-07-14T19:22:45.273028Z", "fetched_at": "2025-07-14T19:23:24.966654+00:00", "symbol": "ETH-USD"}, {"trade_id": 666971508, "side": "sell", "size": "0.01583650", "price": "2994.12000000", "time": "2025-07-14T19:22:44.007866Z", "fetched_at": "2025-07-14T19:23:24.966654+00:00", "symbol": "ETH-USD"}, {"trade_id": 666971507, "side": "buy", "size": "0.00459231", "price": "2994.13000000", "time": "2025-07-14T19:22:43.840685Z", "fetched_at": "2025-07-14T19:23:24.966654+00:00", "symbol": "ETH-USD"}, {"trade_id": 666971506, "side": "buy", "size": "0.00228780", "price": "2994.13000000", "time": "2025-07-14T19:22:43.840685Z", "fetched_at": "2025-07-14T19:23:24.966654+00:00", "symbol": "ETH-USD"}, {"trade_id": 666971505, "side": "buy", "size": "0.00100000", "price": "2994.20000000", "time": "2025-07-14T19:22:43.133683Z", "fetched_at": "2025-07-14T19:23:24.966654+00:00", "symbol": "ETH-USD"}, {"trade_id": 666971504, "side": "buy", "size": "1.20000000", "price": "2994.27000000", "time": "2025-07-14T19:22:43.111037Z", "fetched_at": "2025-07-14T19:23:24.966654+00:00", "symbol": "ETH-USD"}, {"trade_id": 666971503, "side": "buy", "size": "0.01606347", "price": "2994.37000000", "time": "2025-07-14T19:22:43.078630Z", "fetched_at": "2025-07-14T19:23:24.966654+00:00", "symbol": "ETH-USD"}, {"trade_id": 666971502, "side": "buy", "size": "0.00000333", "price": "2994.37000000", "time": "2025-07-14T19:22:43.078630Z", "fetched_at": "2025-07-14T19:23:24.966654+00:00", "symbol": "ETH-USD"}, {"trade_id": 666971501, "side": "buy", "size": "0.00000667", "price": "2994.37000000", "time": "2025-07-14T19:22:43.078630Z", "fetched_at": "2025-07-14T19:23:24.966654+00:00", "symbol": "ETH-USD"}, {"trade_id": 666971500, "side": "buy", "size": "0.02362036", "price": "2994.45000000", "time": "2025-07-14T19:22:43.068412Z", "fetched_at": "2025-07-14T19:23:24.966654+00:00", "symbol": "ETH-USD"}, {"trade_id": 666971499, "side": "buy", "size": "0.00001001", "price": "2994.45000000", "time": "2025-07-14T19:22:43.068412Z", "fetched_at": "2025-07-14T19:23:24.966654+00:00", "symbol": "ETH-USD"}, {"trade_id": 666971498, "side": "buy", "size": "0.00002003", "price": "2994.45000000", "time": "2025-07-14T19:22:43.068412Z", "fetched_at": "2025-07-14T19:23:24.966654+00:00", "symbol": "ETH-USD"}, {"trade_id": 666971497, "side": "buy", "size": "0.70000000", "price": "2994.47000000", "time": "2025-07-14T19:22:43.068412Z", "fetched_at": "2025-07-14T19:23:24.966654+00:00", "symbol": "ETH-USD"}, {"trade_id": 666971496, "side": "buy", "size": "0.28920679", "price": "2994.57000000", "time": "2025-07-14T19:22:41.701294Z", "fetched_at": "2025-07-14T19:23:24.966654+00:00", "symbol": "ETH-USD"}, {"trade_id": 666971495, "side": "buy", "size": "0.70000000", "price": "2994.57000000", "time": "2025-07-14T19:22:41.690752Z", "fetched_at": "2025-07-14T19:23:24.966654+00:00", "symbol": "ETH-USD"}, {"trade_id": 666971494, "side": "buy", "size": "0.60000000", "price": "2994.57000000", "time": "2025-07-14T19:22:41.682271Z", "fetched_at": "2025-07-14T19:23:24.966654+00:00", "symbol": "ETH-USD"}, {"trade_id": 666971493, "side": "buy", "size": "0.70000000", "price": "2994.63000000", "time": "2025-07-14T19:22:41.682271Z", "fetched_at": "2025-07-14T19:23:24.966654+00:00", "symbol": "ETH-USD"}, {"trade_id": 666971492, "side": "buy", "size": "0.63572653", "price": "2994.61000000", "time": "2025-07-14T19:22:41.670220Z", "fetched_at": "2025-07-14T19:23:24.966654+00:00", "symbol": "ETH-USD"}, {"trade_id": 666971491, "side": "buy", "size": "0.09705609", "price": "2994.66000000", "time": "2025-07-14T19:22:41.670220Z", "fetched_at": "2025-07-14T19:23:24.966654+00:00", "symbol": "ETH-USD"}, {"trade_id": 666971490, "side": "buy", "size": "0.49935551", "price": "2994.66000000", "time": "2025-07-14T19:22:41.670220Z", "fetched_at": "2025-07-14T19:23:24.966654+00:00", "symbol": "ETH-USD"}, {"trade_id": 666971489, "side": "buy", "size": "1.17028310", "price": "2994.66000000", "time": "2025-07-14T19:22:41.670220Z", "fetched_at": "2025-07-14T19:23:24.966654+00:00", "symbol": "ETH-USD"}, {"trade_id": 666971488, "side": "buy", "size": "0.06432783", "price": "2994.66000000", "time": "2025-07-14T19:22:41.670220Z", "fetched_at": "2025-07-14T19:23:24.966654+00:00", "symbol": "ETH-USD"}, {"trade_id": 666971487, "side": "buy", "size": "0.51658260", "price": "2994.79000000", "time": "2025-07-14T19:22:38.794555Z", "fetched_at": "2025-07-14T19:23:24.966654+00:00", "symbol": "ETH-USD"}, {"trade_id": 666971486, "side": "buy", "size": "2.96850426", "price": "2994.79000000", "time": "2025-07-14T19:22:38.771522Z", "fetched_at": "2025-07-14T19:23:24.966654+00:00", "symbol": "ETH-USD"}, {"trade_id": 666971485, "side": "buy", "size": "0.17810587", "price": "2994.81000000", "time": "2025-07-14T19:22:38.719446Z", "fetched_at": "2025-07-14T19:23:24.966654+00:00", "symbol": "ETH-USD"}, {"trade_id": 666971484, "side": "buy", "size": "0.15619238", "price": "2994.81000000", "time": "2025-07-14T19:22:38.708296Z", "fetched_at": "2025-07-14T19:23:24.966654+00:00", "symbol": "ETH-USD"}, {"trade_id": 666971483, "side": "buy", "size": "0.67529952", "price": "2994.94000000", "time": "2025-07-14T19:22:38.591049Z", "fetched_at": "2025-07-14T19:23:24.966654+00:00", "symbol": "ETH-USD"}, {"trade_id": 666971482, "side": "buy", "size": "0.26233150", "price": "2994.94000000", "time": "2025-07-14T19:22:38.577332Z", "fetched_at": "2025-07-14T19:23:24.966654+00:00", "symbol": "ETH-USD"}, {"trade_id": 666971481, "side": "buy", "size": "0.02691178", "price": "2994.97000000", "time": "2025-07-14T19:22:38.566526Z", "fetched_at": "2025-07-14T19:23:24.966654+00:00", "symbol": "ETH-USD"}, {"trade_id": 666971480, "side": "buy", "size": "0.28912810", "price": "2994.97000000", "time": "2025-07-14T19:22:38.566526Z", "fetched_at": "2025-07-14T19:23:24.966654+00:00", "symbol": "ETH-USD"}, {"trade_id": 666971479, "side": "buy", "size": "0.01934576", "price": "2994.97000000", "time": "2025-07-14T19:22:38.566526Z", "fetched_at": "2025-07-14T19:23:24.966654+00:00", "symbol": "ETH-USD"}, {"trade_id": 666971478, "side": "buy", "size": "0.33202640", "price": "2994.97000000", "time": "2025-07-14T19:22:38.556024Z", "fetched_at": "2025-07-14T19:23:24.966654+00:00", "symbol": "ETH-USD"}, {"trade_id": 666971477, "side": "buy", "size": "0.25230043", "price": "2994.97000000", "time": "2025-07-14T19:22:38.536198Z", "fetched_at": "2025-07-14T19:23:24.966654+00:00", "symbol": "ETH-USD"}, {"trade_id": 666971476, "side": "buy", "size": "0.18717648", "price": "2994.97000000", "time": "2025-07-14T19:22:38.521017Z", "fetched_at": "2025-07-14T19:23:24.966654+00:00", "symbol": "ETH-USD"}, {"trade_id": 666971475, "side": "buy", "size": "1.66106399", "price": "2994.97000000", "time": "2025-07-14T19:22:38.510215Z", "fetched_at": "2025-07-14T19:23:24.966654+00:00", "symbol": "ETH-USD"}, {"trade_id": 666971474, "side": "buy", "size": "0.11596066", "price": "2994.97000000", "time": "2025-07-14T19:22:38.510215Z", "fetched_at": "2025-07-14T19:23:24.966654+00:00", "symbol": "ETH-USD"}, {"trade_id": 666971473, "side": "sell", "size": "0.33700801", "price": "2994.86000000", "time": "2025-07-14T19:22:37.291643Z", "fetched_at": "2025-07-14T19:23:24.966654+00:00", "symbol": "ETH-USD"}, {"trade_id": 666971472, "side": "sell", "size": "0.00100000", "price": "2994.86000000", "time": "2025-07-14T19:22:37.291643Z", "fetched_at": "2025-07-14T19:23:24.966654+00:00", "symbol": "ETH-USD"}, {"trade_id": 666971471, "side": "sell", "size": "0.00303748", "price": "2994.69000000", "time": "2025-07-14T19:22:37.291643Z", "fetched_at": "2025-07-14T19:23:24.966654+00:00", "symbol": "ETH-USD"}, {"trade_id": 666971470, "side": "buy", "size": "0.79968001", "price": "2994.85000000", "time": "2025-07-14T19:22:37.220104Z", "fetched_at": "2025-07-14T19:23:24.966654+00:00", "symbol": "ETH-USD"}, {"trade_id": 666971469, "side": "buy", "size": "0.10000000", "price": "2994.85000000", "time": "2025-07-14T19:22:37.202883Z", "fetched_at": "2025-07-14T19:23:24.966654+00:00", "symbol": "ETH-USD"}, {"trade_id": 666971468, "side": "buy", "size": "0.57148000", "price": "2994.85000000", "time": "2025-07-14T19:22:37.202883Z", "fetched_at": "2025-07-14T19:23:24.966654+00:00", "symbol": "ETH-USD"}, {"trade_id": 666971467, "side": "buy", "size": "0.54814000", "price": "2994.85000000", "time": "2025-07-14T19:22:37.193061Z", "fetched_at": "2025-07-14T19:23:24.966654+00:00", "symbol": "ETH-USD"}, {"trade_id": 666971466, "side": "sell", "size": "0.16695861", "price": "2994.76000000", "time": "2025-07-14T19:22:37.184830Z", "fetched_at": "2025-07-14T19:23:24.966654+00:00", "symbol": "ETH-USD"}, {"trade_id": 666971465, "side": "sell", "size": "0.00004184", "price": "2994.68000000", "time": "2025-07-14T19:22:37.184830Z", "fetched_at": "2025-07-14T19:23:24.966654+00:00", "symbol": "ETH-USD"}, {"trade_id": 666971464, "side": "sell", "size": "0.00022358", "price": "2994.68000000", "time": "2025-07-14T19:22:37.184830Z", "fetched_at": "2025-07-14T19:23:24.966654+00:00", "symbol": "ETH-USD"}, {"trade_id": 666971463, "side": "sell", "size": "0.00303748", "price": "2994.68000000", "time": "2025-07-14T19:22:37.184830Z", "fetched_at": "2025-07-14T19:23:24.966654+00:00", "symbol": "ETH-USD"}, {"trade_id": 666971462, "side": "sell", "size": "0.33202543", "price": "2994.68000000", "time": "2025-07-14T19:22:37.184830Z", "fetched_at": "2025-07-14T19:23:24.966654+00:00", "symbol": "ETH-USD"}, {"trade_id": 666971461, "side": "sell", "size": "0.30000000", "price": "2994.64000000", "time": "2025-07-14T19:22:36.971950Z", "fetched_at": "2025-07-14T19:23:24.966654+00:00", "symbol": "ETH-USD"}, {"trade_id": 666971460, "side": "sell", "size": "0.00100000", "price": "2994.64000000", "time": "2025-07-14T19:22:36.971950Z", "fetched_at": "2025-07-14T19:23:24.966654+00:00", "symbol": "ETH-USD"}, {"trade_id": 666971459, "side": "sell", "size": "0.37981526", "price": "2994.63000000", "time": "2025-07-14T19:22:36.971950Z", "fetched_at": "2025-07-14T19:23:24.966654+00:00", "symbol": "ETH-USD"}, {"trade_id": 666971458, "side": "sell", "size": "0.00010334", "price": "2994.42000000", "time": "2025-07-14T19:22:36.971950Z", "fetched_at": "2025-07-14T19:23:24.966654+00:00", "symbol": "ETH-USD"}, {"trade_id": 666971457, "side": "sell", "size": "0.00024003", "price": "2994.42000000", "time": "2025-07-14T19:22:36.971950Z", "fetched_at": "2025-07-14T19:23:24.966654+00:00", "symbol": "ETH-USD"}, {"trade_id": 666971456, "side": "sell", "size": "0.00005589", "price": "2994.42000000", "time": "2025-07-14T19:22:36.971950Z", "fetched_at": "2025-07-14T19:23:24.966654+00:00", "symbol": "ETH-USD"}, {"trade_id": 666971455, "side": "sell", "size": "0.00296521", "price": "2994.42000000", "time": "2025-07-14T19:22:36.971950Z", "fetched_at": "2025-07-14T19:23:24.966654+00:00", "symbol": "ETH-USD"}, {"trade_id": 666971454, "side": "sell", "size": "0.00026703", "price": "2994.42000000", "time": "2025-07-14T19:22:36.971950Z", "fetched_at": "2025-07-14T19:23:24.966654+00:00", "symbol": "ETH-USD"}, {"trade_id": 666971453, "side": "sell", "size": "0.00015305", "price": "2994.42000000", "time": "2025-07-14T19:22:36.600403Z", "fetched_at": "2025-07-14T19:23:24.966654+00:00", "symbol": "ETH-USD"}, {"trade_id": 666971452, "side": "buy", "size": "0.25046290", "price": "2994.41000000", "time": "2025-07-14T19:22:34.668369Z", "fetched_at": "2025-07-14T19:23:24.966654+00:00", "symbol": "ETH-USD"}, {"trade_id": 666971451, "side": "sell", "size": "0.00019991", "price": "2994.42000000", "time": "2025-07-14T19:22:33.392935Z", "fetched_at": "2025-07-14T19:23:24.966654+00:00", "symbol": "ETH-USD"}, {"trade_id": 666971450, "side": "sell", "size": "0.00005589", "price": "2994.42000000", "time": "2025-07-14T19:22:33.392935Z", "fetched_at": "2025-07-14T19:23:24.966654+00:00", "symbol": "ETH-USD"}, {"trade_id": 666971449, "side": "sell", "size": "0.00024002", "price": "2994.42000000", "time": "2025-07-14T19:22:33.392935Z", "fetched_at": "2025-07-14T19:23:24.966654+00:00", "symbol": "ETH-USD"}, {"trade_id": 666971448, "side": "sell", "size": "0.00010450", "price": "2994.38000000", "time": "2025-07-14T19:22:33.392935Z", "fetched_at": "2025-07-14T19:23:24.966654+00:00", "symbol": "ETH-USD"}, {"trade_id": 666971447, "side": "sell", "size": "0.00303749", "price": "2994.38000000", "time": "2025-07-14T19:22:33.392935Z", "fetched_at": "2025-07-14T19:23:24.966654+00:00", "symbol": "ETH-USD"}, {"trade_id": 666971446, "side": "sell", "size": "0.00161981", "price": "2994.38000000", "time": "2025-07-14T19:22:29.846919Z", "fetched_at": "2025-07-14T19:23:24.966654+00:00", "symbol": "ETH-USD"}, {"trade_id": 666971445, "side": "buy", "size": "0.05746049", "price": "2994.37000000", "time": "2025-07-14T19:22:29.592905Z", "fetched_at": "2025-07-14T19:23:24.966654+00:00", "symbol": "ETH-USD"}, {"trade_id": 666971444, "side": "buy", "size": "2.07041453", "price": "2994.37000000", "time": "2025-07-14T19:22:28.321613Z", "fetched_at": "2025-07-14T19:23:24.966654+00:00", "symbol": "ETH-USD"}, {"trade_id": 666971443, "side": "buy", "size": "0.01627365", "price": "2994.41000000", "time": "2025-07-14T19:22:28.321613Z", "fetched_at": "2025-07-14T19:23:24.966654+00:00", "symbol": "ETH-USD"}, {"trade_id": 666971442, "side": "buy", "size": "0.00094159", "price": "2994.41000000", "time": "2025-07-14T19:22:28.321613Z", "fetched_at": "2025-07-14T19:23:24.966654+00:00", "symbol": "ETH-USD"}, {"trade_id": 666971441, "side": "buy", "size": "0.00062449", "price": "2994.41000000", "time": "2025-07-14T19:22:28.321613Z", "fetched_at": "2025-07-14T19:23:24.966654+00:00", "symbol": "ETH-USD"}, {"trade_id": 666971440, "side": "buy", "size": "0.76432001", "price": "2994.41000000", "time": "2025-07-14T19:22:28.321613Z", "fetched_at": "2025-07-14T19:23:24.966654+00:00", "symbol": "ETH-USD"}, {"trade_id": 666971439, "side": "sell", "size": "0.03307044", "price": "2994.42000000", "time": "2025-07-14T19:22:27.829072Z", "fetched_at": "2025-07-14T19:23:24.966654+00:00", "symbol": "ETH-USD"}, {"trade_id": 666971438, "side": "sell", "size": "0.00031749", "price": "2994.42000000", "time": "2025-07-14T19:22:26.979802Z", "fetched_at": "2025-07-14T19:23:24.966654+00:00", "symbol": "ETH-USD"}, {"trade_id": 666971437, "side": "sell", "size": "0.00219908", "price": "2994.42000000", "time": "2025-07-14T19:22:26.579624Z", "fetched_at": "2025-07-14T19:23:24.966654+00:00", "symbol": "ETH-USD"}, {"trade_id": 666971436, "side": "sell", "size": "0.00010786", "price": "2994.42000000", "time": "2025-07-14T19:22:26.579624Z", "fetched_at": "2025-07-14T19:23:24.966654+00:00", "symbol": "ETH-USD"}, {"trade_id": 666971435, "side": "sell", "size": "0.00100000", "price": "2994.42000000", "time": "2025-07-14T19:22:26.579624Z", "fetched_at": "2025-07-14T19:23:24.966654+00:00", "symbol": "ETH-USD"}, {"trade_id": 666971434, "side": "sell", "size": "0.16697780", "price": "2994.41000000", "time": "2025-07-14T19:22:26.223545Z", "fetched_at": "2025-07-14T19:23:24.966654+00:00", "symbol": "ETH-USD"}, {"trade_id": 666971433, "side": "sell", "size": "0.00303769", "price": "2994.25000000", "time": "2025-07-14T19:22:26.223545Z", "fetched_at": "2025-07-14T19:23:24.966654+00:00", "symbol": "ETH-USD"}, {"trade_id": 666971432, "side": "buy", "size": "0.00124899", "price": "2994.41000000", "time": "2025-07-14T19:22:26.141052Z", "fetched_at": "2025-07-14T19:23:24.966654+00:00", "symbol": "ETH-USD"}, {"trade_id": 666971431, "side": "buy", "size": "0.04681055", "price": "2994.41000000", "time": "2025-07-14T19:22:26.141052Z", "fetched_at": "2025-07-14T19:23:24.966654+00:00", "symbol": "ETH-USD"}, {"trade_id": 666971430, "side": "buy", "size": "0.70312001", "price": "2994.41000000", "time": "2025-07-14T19:22:26.141052Z", "fetched_at": "2025-07-14T19:23:24.966654+00:00", "symbol": "ETH-USD"}, {"trade_id": 666971429, "side": "sell", "size": "0.00010509", "price": "2994.20000000", "time": "2025-07-14T19:22:25.034566Z", "fetched_at": "2025-07-14T19:23:24.966654+00:00", "symbol": "ETH-USD"}, {"trade_id": 666971428, "side": "sell", "size": "0.00005589", "price": "2994.20000000", "time": "2025-07-14T19:22:25.034566Z", "fetched_at": "2025-07-14T19:23:24.966654+00:00", "symbol": "ETH-USD"}, {"trade_id": 666971427, "side": "sell", "size": "0.00100000", "price": "2994.20000000", "time": "2025-07-14T19:22:25.034566Z", "fetched_at": "2025-07-14T19:23:24.966654+00:00", "symbol": "ETH-USD"}, {"trade_id": 666971426, "side": "sell", "size": "0.00303799", "price": "2994.11000000", "time": "2025-07-14T19:22:24.932399Z", "fetched_at": "2025-07-14T19:23:24.966654+00:00", "symbol": "ETH-USD"}, {"trade_id": 666971425, "side": "buy", "size": "0.03403934", "price": "2994.19000000", "time": "2025-07-14T19:22:23.511528Z", "fetched_at": "2025-07-14T19:23:24.966654+00:00", "symbol": "ETH-USD"}, {"trade_id": 666971424, "side": "buy", "size": "0.55828001", "price": "2994.19000000", "time": "2025-07-14T19:22:23.511528Z", "fetched_at": "2025-07-14T19:23:24.966654+00:00", "symbol": "ETH-USD"}