[{"trade_id": 666940279, "side": "sell", "size": "0.03164384", "price": "2996.99000000", "time": "2025-07-14T18:10:47.925209Z", "fetched_at": "2025-07-14T18:10:49.790157+00:00", "symbol": "ETH-USD"}, {"trade_id": 666940278, "side": "buy", "size": "0.07623522", "price": "2996.78000000", "time": "2025-07-14T18:10:47.801821Z", "fetched_at": "2025-07-14T18:10:49.790157+00:00", "symbol": "ETH-USD"}, {"trade_id": 666940277, "side": "buy", "size": "0.19263572", "price": "2996.90000000", "time": "2025-07-14T18:10:47.801821Z", "fetched_at": "2025-07-14T18:10:49.790157+00:00", "symbol": "ETH-USD"}, {"trade_id": 666940276, "side": "buy", "size": "0.39631447", "price": "2996.98000000", "time": "2025-07-14T18:10:47.794454Z", "fetched_at": "2025-07-14T18:10:49.790157+00:00", "symbol": "ETH-USD"}, {"trade_id": 666940275, "side": "buy", "size": "0.00000333", "price": "2996.98000000", "time": "2025-07-14T18:10:47.794454Z", "fetched_at": "2025-07-14T18:10:49.790157+00:00", "symbol": "ETH-USD"}, {"trade_id": 666940274, "side": "buy", "size": "0.01605282", "price": "2996.98000000", "time": "2025-07-14T18:10:47.794454Z", "fetched_at": "2025-07-14T18:10:49.790157+00:00", "symbol": "ETH-USD"}, {"trade_id": 666940273, "side": "buy", "size": "0.02062938", "price": "2996.98000000", "time": "2025-07-14T18:10:47.794454Z", "fetched_at": "2025-07-14T18:10:49.790157+00:00", "symbol": "ETH-USD"}, {"trade_id": 666940272, "side": "sell", "size": "0.00527118", "price": "2996.99000000", "time": "2025-07-14T18:10:46.996586Z", "fetched_at": "2025-07-14T18:10:49.790157+00:00", "symbol": "ETH-USD"}, {"trade_id": 666940271, "side": "sell", "size": "0.00010335", "price": "2996.91000000", "time": "2025-07-14T18:10:46.996586Z", "fetched_at": "2025-07-14T18:10:49.790157+00:00", "symbol": "ETH-USD"}, {"trade_id": 666940270, "side": "buy", "size": "0.14284015", "price": "2996.13000000", "time": "2025-07-14T18:10:44.154576Z", "fetched_at": "2025-07-14T18:10:49.790157+00:00", "symbol": "ETH-USD"}, {"trade_id": 666940269, "side": "buy", "size": "0.00968582", "price": "2996.13000000", "time": "2025-07-14T18:10:44.154576Z", "fetched_at": "2025-07-14T18:10:49.790157+00:00", "symbol": "ETH-USD"}, {"trade_id": 666940268, "side": "buy", "size": "0.00100000", "price": "2996.18000000", "time": "2025-07-14T18:10:44.154576Z", "fetched_at": "2025-07-14T18:10:49.790157+00:00", "symbol": "ETH-USD"}, {"trade_id": 666940267, "side": "buy", "size": "0.43017366", "price": "2996.23000000", "time": "2025-07-14T18:10:44.154576Z", "fetched_at": "2025-07-14T18:10:49.790157+00:00", "symbol": "ETH-USD"}, {"trade_id": 666940266, "side": "buy", "size": "0.02273811", "price": "2996.29000000", "time": "2025-07-14T18:10:44.154576Z", "fetched_at": "2025-07-14T18:10:49.790157+00:00", "symbol": "ETH-USD"}, {"trade_id": 666940265, "side": "buy", "size": "0.64889279", "price": "2996.36000000", "time": "2025-07-14T18:10:44.154576Z", "fetched_at": "2025-07-14T18:10:49.790157+00:00", "symbol": "ETH-USD"}, {"trade_id": 666940264, "side": "buy", "size": "0.53494150", "price": "2996.38000000", "time": "2025-07-14T18:10:44.154576Z", "fetched_at": "2025-07-14T18:10:49.790157+00:00", "symbol": "ETH-USD"}, {"trade_id": 666940263, "side": "buy", "size": "0.19265721", "price": "2996.41000000", "time": "2025-07-14T18:10:44.154576Z", "fetched_at": "2025-07-14T18:10:49.790157+00:00", "symbol": "ETH-USD"}, {"trade_id": 666940262, "side": "buy", "size": "0.24269000", "price": "2996.45000000", "time": "2025-07-14T18:10:44.154576Z", "fetched_at": "2025-07-14T18:10:49.790157+00:00", "symbol": "ETH-USD"}, {"trade_id": 666940261, "side": "buy", "size": "0.15000000", "price": "2996.46000000", "time": "2025-07-14T18:10:44.154576Z", "fetched_at": "2025-07-14T18:10:49.790157+00:00", "symbol": "ETH-USD"}, {"trade_id": 666940260, "side": "buy", "size": "0.50849391", "price": "2996.46000000", "time": "2025-07-14T18:10:44.154576Z", "fetched_at": "2025-07-14T18:10:49.790157+00:00", "symbol": "ETH-USD"}, {"trade_id": 666940259, "side": "buy", "size": "0.24269000", "price": "2996.47000000", "time": "2025-07-14T18:10:44.154576Z", "fetched_at": "2025-07-14T18:10:49.790157+00:00", "symbol": "ETH-USD"}, {"trade_id": 666940258, "side": "buy", "size": "0.05826041", "price": "2996.65000000", "time": "2025-07-14T18:10:43.776129Z", "fetched_at": "2025-07-14T18:10:49.790157+00:00", "symbol": "ETH-USD"}, {"trade_id": 666940257, "side": "buy", "size": "0.01180402", "price": "2996.98000000", "time": "2025-07-14T18:10:43.774189Z", "fetched_at": "2025-07-14T18:10:49.790157+00:00", "symbol": "ETH-USD"}, {"trade_id": 666940256, "side": "sell", "size": "0.02236913", "price": "2996.88000000", "time": "2025-07-14T18:10:43.613799Z", "fetched_at": "2025-07-14T18:10:49.790157+00:00", "symbol": "ETH-USD"}, {"trade_id": 666940255, "side": "sell", "size": "0.00322150", "price": "2996.87000000", "time": "2025-07-14T18:10:43.613799Z", "fetched_at": "2025-07-14T18:10:49.790157+00:00", "symbol": "ETH-USD"}, {"trade_id": 666940254, "side": "sell", "size": "0.00010334", "price": "2996.73000000", "time": "2025-07-14T18:10:43.613799Z", "fetched_at": "2025-07-14T18:10:49.790157+00:00", "symbol": "ETH-USD"}, {"trade_id": 666940253, "side": "sell", "size": "0.00066137", "price": "2996.66000000", "time": "2025-07-14T18:10:43.613799Z", "fetched_at": "2025-07-14T18:10:49.790157+00:00", "symbol": "ETH-USD"}, {"trade_id": 666940252, "side": "buy", "size": "0.01689000", "price": "2995.99000000", "time": "2025-07-14T18:10:39.997709Z", "fetched_at": "2025-07-14T18:10:49.790157+00:00", "symbol": "ETH-USD"}, {"trade_id": 666940251, "side": "buy", "size": "0.00100000", "price": "2996.18000000", "time": "2025-07-14T18:10:39.997228Z", "fetched_at": "2025-07-14T18:10:49.790157+00:00", "symbol": "ETH-USD"}, {"trade_id": 666940250, "side": "buy", "size": "0.00100000", "price": "2996.40000000", "time": "2025-07-14T18:10:39.997088Z", "fetched_at": "2025-07-14T18:10:49.790157+00:00", "symbol": "ETH-USD"}, {"trade_id": 666940249, "side": "buy", "size": "0.00100000", "price": "2996.62000000", "time": "2025-07-14T18:10:39.854417Z", "fetched_at": "2025-07-14T18:10:49.790157+00:00", "symbol": "ETH-USD"}, {"trade_id": 666940248, "side": "buy", "size": "0.02942982", "price": "2996.62000000", "time": "2025-07-14T18:10:39.854417Z", "fetched_at": "2025-07-14T18:10:49.790157+00:00", "symbol": "ETH-USD"}, {"trade_id": 666940247, "side": "buy", "size": "0.27999038", "price": "2996.71000000", "time": "2025-07-14T18:10:39.764816Z", "fetched_at": "2025-07-14T18:10:49.790157+00:00", "symbol": "ETH-USD"}, {"trade_id": 666940246, "side": "buy", "size": "0.01605427", "price": "2996.71000000", "time": "2025-07-14T18:10:39.340515Z", "fetched_at": "2025-07-14T18:10:49.790157+00:00", "symbol": "ETH-USD"}, {"trade_id": 666940245, "side": "buy", "size": "0.25686836", "price": "2996.71000000", "time": "2025-07-14T18:10:39.340515Z", "fetched_at": "2025-07-14T18:10:49.790157+00:00", "symbol": "ETH-USD"}, {"trade_id": 666940244, "side": "buy", "size": "0.00100000", "price": "2996.84000000", "time": "2025-07-14T18:10:39.266224Z", "fetched_at": "2025-07-14T18:10:49.790157+00:00", "symbol": "ETH-USD"}, {"trade_id": 666940243, "side": "buy", "size": "0.19772861", "price": "2997.10000000", "time": "2025-07-14T18:10:38.491834Z", "fetched_at": "2025-07-14T18:10:49.790157+00:00", "symbol": "ETH-USD"}, {"trade_id": 666940242, "side": "buy", "size": "0.01689000", "price": "2997.20000000", "time": "2025-07-14T18:10:37.223657Z", "fetched_at": "2025-07-14T18:10:49.790157+00:00", "symbol": "ETH-USD"}, {"trade_id": 666940241, "side": "sell", "size": "0.00002969", "price": "2997.28000000", "time": "2025-07-14T18:10:36.629642Z", "fetched_at": "2025-07-14T18:10:49.790157+00:00", "symbol": "ETH-USD"}, {"trade_id": 666940240, "side": "buy", "size": "0.67388001", "price": "2997.29000000", "time": "2025-07-14T18:10:36.218848Z", "fetched_at": "2025-07-14T18:10:49.790157+00:00", "symbol": "ETH-USD"}, {"trade_id": 666940239, "side": "buy", "size": "0.60656001", "price": "2997.28000000", "time": "2025-07-14T18:10:36.202227Z", "fetched_at": "2025-07-14T18:10:49.790157+00:00", "symbol": "ETH-USD"}, {"trade_id": 666940238, "side": "buy", "size": "0.32102760", "price": "2997.25000000", "time": "2025-07-14T18:10:36.192115Z", "fetched_at": "2025-07-14T18:10:49.790157+00:00", "symbol": "ETH-USD"}, {"trade_id": 666940237, "side": "buy", "size": "0.24269000", "price": "2997.26000000", "time": "2025-07-14T18:10:36.192115Z", "fetched_at": "2025-07-14T18:10:49.790157+00:00", "symbol": "ETH-USD"}, {"trade_id": 666940236, "side": "buy", "size": "0.06420175", "price": "2997.27000000", "time": "2025-07-14T18:10:36.192115Z", "fetched_at": "2025-07-14T18:10:49.790157+00:00", "symbol": "ETH-USD"}, {"trade_id": 666940235, "side": "buy", "size": "0.77393230", "price": "2997.38000000", "time": "2025-07-14T18:10:36.177072Z", "fetched_at": "2025-07-14T18:10:49.790157+00:00", "symbol": "ETH-USD"}, {"trade_id": 666940234, "side": "buy", "size": "0.00330324", "price": "2997.38000000", "time": "2025-07-14T18:10:36.174113Z", "fetched_at": "2025-07-14T18:10:49.790157+00:00", "symbol": "ETH-USD"}, {"trade_id": 666940233, "side": "sell", "size": "0.00162085", "price": "2997.39000000", "time": "2025-07-14T18:10:35.856680Z", "fetched_at": "2025-07-14T18:10:49.790157+00:00", "symbol": "ETH-USD"}, {"trade_id": 666940232, "side": "buy", "size": "0.00408447", "price": "2997.38000000", "time": "2025-07-14T18:10:35.550479Z", "fetched_at": "2025-07-14T18:10:49.790157+00:00", "symbol": "ETH-USD"}, {"trade_id": 666940231, "side": "sell", "size": "0.02844702", "price": "2997.60000000", "time": "2025-07-14T18:10:35.129435Z", "fetched_at": "2025-07-14T18:10:49.790157+00:00", "symbol": "ETH-USD"}, {"trade_id": 666940230, "side": "sell", "size": "0.00322068", "price": "2997.59000000", "time": "2025-07-14T18:10:35.129435Z", "fetched_at": "2025-07-14T18:10:49.790157+00:00", "symbol": "ETH-USD"}, {"trade_id": 666940229, "side": "sell", "size": "0.00010334", "price": "2997.35000000", "time": "2025-07-14T18:10:35.129435Z", "fetched_at": "2025-07-14T18:10:49.790157+00:00", "symbol": "ETH-USD"}, {"trade_id": 666940228, "side": "sell", "size": "0.00005589", "price": "2997.35000000", "time": "2025-07-14T18:10:35.129435Z", "fetched_at": "2025-07-14T18:10:49.790157+00:00", "symbol": "ETH-USD"}, {"trade_id": 666940227, "side": "sell", "size": "0.00031004", "price": "2997.35000000", "time": "2025-07-14T18:10:35.129435Z", "fetched_at": "2025-07-14T18:10:49.790157+00:00", "symbol": "ETH-USD"}, {"trade_id": 666940226, "side": "sell", "size": "0.00030157", "price": "2997.35000000", "time": "2025-07-14T18:10:35.129435Z", "fetched_at": "2025-07-14T18:10:49.790157+00:00", "symbol": "ETH-USD"}, {"trade_id": 666940225, "side": "sell", "size": "0.00291753", "price": "2997.35000000", "time": "2025-07-14T18:10:33.590332Z", "fetched_at": "2025-07-14T18:10:49.790157+00:00", "symbol": "ETH-USD"}, {"trade_id": 666940224, "side": "sell", "size": "0.00985636", "price": "2997.35000000", "time": "2025-07-14T18:10:32.260589Z", "fetched_at": "2025-07-14T18:10:49.790157+00:00", "symbol": "ETH-USD"}, {"trade_id": 666940223, "side": "sell", "size": "0.00024003", "price": "2997.28000000", "time": "2025-07-14T18:10:32.260589Z", "fetched_at": "2025-07-14T18:10:49.790157+00:00", "symbol": "ETH-USD"}, {"trade_id": 666940222, "side": "sell", "size": "0.00572544", "price": "2997.28000000", "time": "2025-07-14T18:10:32.260589Z", "fetched_at": "2025-07-14T18:10:49.790157+00:00", "symbol": "ETH-USD"}, {"trade_id": 666940221, "side": "buy", "size": "0.02587182", "price": "2997.27000000", "time": "2025-07-14T18:10:31.622523Z", "fetched_at": "2025-07-14T18:10:49.790157+00:00", "symbol": "ETH-USD"}, {"trade_id": 666940220, "side": "sell", "size": "0.00812933", "price": "2997.45000000", "time": "2025-07-14T18:10:30.906990Z", "fetched_at": "2025-07-14T18:10:49.790157+00:00", "symbol": "ETH-USD"}, {"trade_id": 666940219, "side": "sell", "size": "0.00322534", "price": "2997.26000000", "time": "2025-07-14T18:10:30.906990Z", "fetched_at": "2025-07-14T18:10:49.790157+00:00", "symbol": "ETH-USD"}, {"trade_id": 666940218, "side": "sell", "size": "0.01648056", "price": "2997.47000000", "time": "2025-07-14T18:10:30.805503Z", "fetched_at": "2025-07-14T18:10:49.790157+00:00", "symbol": "ETH-USD"}, {"trade_id": 666940217, "side": "sell", "size": "0.29258369", "price": "2997.50000000", "time": "2025-07-14T18:10:30.746751Z", "fetched_at": "2025-07-14T18:10:49.790157+00:00", "symbol": "ETH-USD"}, {"trade_id": 666940216, "side": "sell", "size": "0.15000000", "price": "2997.49000000", "time": "2025-07-14T18:10:30.746751Z", "fetched_at": "2025-07-14T18:10:49.790157+00:00", "symbol": "ETH-USD"}, {"trade_id": 666940215, "side": "sell", "size": "0.16680750", "price": "2997.47000000", "time": "2025-07-14T18:10:30.746751Z", "fetched_at": "2025-07-14T18:10:49.790157+00:00", "symbol": "ETH-USD"}, {"trade_id": 666940214, "side": "sell", "size": "0.42273572", "price": "2997.46000000", "time": "2025-07-14T18:10:30.746751Z", "fetched_at": "2025-07-14T18:10:49.790157+00:00", "symbol": "ETH-USD"}, {"trade_id": 666940213, "side": "sell", "size": "0.00322534", "price": "2997.21000000", "time": "2025-07-14T18:10:30.746751Z", "fetched_at": "2025-07-14T18:10:49.790157+00:00", "symbol": "ETH-USD"}, {"trade_id": 666940212, "side": "sell", "size": "0.00315448", "price": "2997.42000000", "time": "2025-07-14T18:10:29.925659Z", "fetched_at": "2025-07-14T18:10:49.790157+00:00", "symbol": "ETH-USD"}, {"trade_id": 666940211, "side": "sell", "size": "0.00010336", "price": "2997.21000000", "time": "2025-07-14T18:10:29.925659Z", "fetched_at": "2025-07-14T18:10:49.790157+00:00", "symbol": "ETH-USD"}, {"trade_id": 666940210, "side": "sell", "size": "0.00322534", "price": "2997.21000000", "time": "2025-07-14T18:10:29.925659Z", "fetched_at": "2025-07-14T18:10:49.790157+00:00", "symbol": "ETH-USD"}, {"trade_id": 666940209, "side": "sell", "size": "0.05418812", "price": "2997.62000000", "time": "2025-07-14T18:10:28.702173Z", "fetched_at": "2025-07-14T18:10:49.790157+00:00", "symbol": "ETH-USD"}, {"trade_id": 666940208, "side": "sell", "size": "0.00100000", "price": "2997.50000000", "time": "2025-07-14T18:10:28.702173Z", "fetched_at": "2025-07-14T18:10:49.790157+00:00", "symbol": "ETH-USD"}, {"trade_id": 666940207, "side": "sell", "size": "0.00061718", "price": "2997.50000000", "time": "2025-07-14T18:10:28.702173Z", "fetched_at": "2025-07-14T18:10:49.790157+00:00", "symbol": "ETH-USD"}, {"trade_id": 666940206, "side": "sell", "size": "0.03965362", "price": "2997.28000000", "time": "2025-07-14T18:10:28.702173Z", "fetched_at": "2025-07-14T18:10:49.790157+00:00", "symbol": "ETH-USD"}, {"trade_id": 666940205, "side": "sell", "size": "0.00100000", "price": "2997.28000000", "time": "2025-07-14T18:10:28.702173Z", "fetched_at": "2025-07-14T18:10:49.790157+00:00", "symbol": "ETH-USD"}, {"trade_id": 666940204, "side": "sell", "size": "0.00322534", "price": "2997.15000000", "time": "2025-07-14T18:10:28.702173Z", "fetched_at": "2025-07-14T18:10:49.790157+00:00", "symbol": "ETH-USD"}, {"trade_id": 666940203, "side": "sell", "size": "0.00530415", "price": "2997.20000000", "time": "2025-07-14T18:10:28.323819Z", "fetched_at": "2025-07-14T18:10:49.790157+00:00", "symbol": "ETH-USD"}, {"trade_id": 666940202, "side": "sell", "size": "0.00322534", "price": "2997.19000000", "time": "2025-07-14T18:10:28.323819Z", "fetched_at": "2025-07-14T18:10:49.790157+00:00", "symbol": "ETH-USD"}, {"trade_id": 666940201, "side": "sell", "size": "0.00100000", "price": "2997.06000000", "time": "2025-07-14T18:10:28.323819Z", "fetched_at": "2025-07-14T18:10:49.790157+00:00", "symbol": "ETH-USD"}, {"trade_id": 666940200, "side": "sell", "size": "0.00010334", "price": "2996.74000000", "time": "2025-07-14T18:10:28.318065Z", "fetched_at": "2025-07-14T18:10:49.790157+00:00", "symbol": "ETH-USD"}, {"trade_id": 666940199, "side": "sell", "size": "0.00043831", "price": "2996.72000000", "time": "2025-07-14T18:10:28.318065Z", "fetched_at": "2025-07-14T18:10:49.790157+00:00", "symbol": "ETH-USD"}, {"trade_id": 666940198, "side": "sell", "size": "0.00007901", "price": "2996.72000000", "time": "2025-07-14T18:10:28.318065Z", "fetched_at": "2025-07-14T18:10:49.790157+00:00", "symbol": "ETH-USD"}, {"trade_id": 666940197, "side": "sell", "size": "0.00321886", "price": "2996.72000000", "time": "2025-07-14T18:10:28.318065Z", "fetched_at": "2025-07-14T18:10:49.790157+00:00", "symbol": "ETH-USD"}, {"trade_id": 666940196, "side": "sell", "size": "0.00029515", "price": "2996.72000000", "time": "2025-07-14T18:10:28.318065Z", "fetched_at": "2025-07-14T18:10:49.790157+00:00", "symbol": "ETH-USD"}, {"trade_id": 666940195, "side": "sell", "size": "0.00539482", "price": "2996.72000000", "time": "2025-07-14T18:10:28.318065Z", "fetched_at": "2025-07-14T18:10:49.790157+00:00", "symbol": "ETH-USD"}, {"trade_id": 666940194, "side": "buy", "size": "0.18247828", "price": "2996.71000000", "time": "2025-07-14T18:10:27.996368Z", "fetched_at": "2025-07-14T18:10:49.790157+00:00", "symbol": "ETH-USD"}, {"trade_id": 666940193, "side": "buy", "size": "0.15479210", "price": "2996.71000000", "time": "2025-07-14T18:10:27.996368Z", "fetched_at": "2025-07-14T18:10:49.790157+00:00", "symbol": "ETH-USD"}, {"trade_id": 666940192, "side": "sell", "size": "0.00033038", "price": "2996.72000000", "time": "2025-07-14T18:10:27.599355Z", "fetched_at": "2025-07-14T18:10:49.790157+00:00", "symbol": "ETH-USD"}, {"trade_id": 666940191, "side": "buy", "size": "0.03786584", "price": "2996.71000000", "time": "2025-07-14T18:10:27.002910Z", "fetched_at": "2025-07-14T18:10:49.790157+00:00", "symbol": "ETH-USD"}, {"trade_id": 666940190, "side": "buy", "size": "0.03990759", "price": "2995.92000000", "time": "2025-07-14T18:10:25.457448Z", "fetched_at": "2025-07-14T18:10:49.790157+00:00", "symbol": "ETH-USD"}, {"trade_id": 666940189, "side": "buy", "size": "0.36799483", "price": "2995.93000000", "time": "2025-07-14T18:10:25.457448Z", "fetched_at": "2025-07-14T18:10:49.790157+00:00", "symbol": "ETH-USD"}, {"trade_id": 666940188, "side": "buy", "size": "0.16689037", "price": "2995.97000000", "time": "2025-07-14T18:10:25.457448Z", "fetched_at": "2025-07-14T18:10:49.790157+00:00", "symbol": "ETH-USD"}, {"trade_id": 666940187, "side": "buy", "size": "0.48600000", "price": "2996.02000000", "time": "2025-07-14T18:10:25.457448Z", "fetched_at": "2025-07-14T18:10:49.790157+00:00", "symbol": "ETH-USD"}, {"trade_id": 666940186, "side": "buy", "size": "0.15129972", "price": "2996.11000000", "time": "2025-07-14T18:10:25.457448Z", "fetched_at": "2025-07-14T18:10:49.790157+00:00", "symbol": "ETH-USD"}, {"trade_id": 666940185, "side": "buy", "size": "0.00063400", "price": "2996.15000000", "time": "2025-07-14T18:10:25.457448Z", "fetched_at": "2025-07-14T18:10:49.790157+00:00", "symbol": "ETH-USD"}, {"trade_id": 666940184, "side": "buy", "size": "0.50000000", "price": "2996.16000000", "time": "2025-07-14T18:10:25.457448Z", "fetched_at": "2025-07-14T18:10:49.790157+00:00", "symbol": "ETH-USD"}, {"trade_id": 666940183, "side": "buy", "size": "0.00100000", "price": "2996.18000000", "time": "2025-07-14T18:10:25.457448Z", "fetched_at": "2025-07-14T18:10:49.790157+00:00", "symbol": "ETH-USD"}, {"trade_id": 666940182, "side": "buy", "size": "0.24892327", "price": "2996.20000000", "time": "2025-07-14T18:10:25.457448Z", "fetched_at": "2025-07-14T18:10:49.790157+00:00", "symbol": "ETH-USD"}, {"trade_id": 666940181, "side": "buy", "size": "0.02408383", "price": "2996.20000000", "time": "2025-07-14T18:10:25.457448Z", "fetched_at": "2025-07-14T18:10:49.790157+00:00", "symbol": "ETH-USD"}, {"trade_id": 666940180, "side": "buy", "size": "0.15000000", "price": "2996.31000000", "time": "2025-07-14T18:10:25.457448Z", "fetched_at": "2025-07-14T18:10:49.790157+00:00", "symbol": "ETH-USD"}, {"trade_id": 666940179, "side": "buy", "size": "0.78744001", "price": "2996.62000000", "time": "2025-07-14T18:10:25.457448Z", "fetched_at": "2025-07-14T18:10:49.790157+00:00", "symbol": "ETH-USD"}, {"trade_id": 666940178, "side": "buy", "size": "0.62832001", "price": "2996.61000000", "time": "2025-07-14T18:10:24.708371Z", "fetched_at": "2025-07-14T18:10:49.790157+00:00", "symbol": "ETH-USD"}, {"trade_id": 666940177, "side": "sell", "size": "0.56729269", "price": "2996.77000000", "time": "2025-07-14T18:10:24.682890Z", "fetched_at": "2025-07-14T18:10:49.790157+00:00", "symbol": "ETH-USD"}, {"trade_id": 666940176, "side": "sell", "size": "0.16845105", "price": "2996.76000000", "time": "2025-07-14T18:10:24.682890Z", "fetched_at": "2025-07-14T18:10:49.790157+00:00", "symbol": "ETH-USD"}, {"trade_id": 666940175, "side": "sell", "size": "0.09841124", "price": "2996.76000000", "time": "2025-07-14T18:10:24.682890Z", "fetched_at": "2025-07-14T18:10:49.790157+00:00", "symbol": "ETH-USD"}, {"trade_id": 666940174, "side": "sell", "size": "0.00710709", "price": "2996.75000000", "time": "2025-07-14T18:10:24.559950Z", "fetched_at": "2025-07-14T18:10:49.790157+00:00", "symbol": "ETH-USD"}, {"trade_id": 666940173, "side": "sell", "size": "0.00100000", "price": "2996.62000000", "time": "2025-07-14T18:10:24.559950Z", "fetched_at": "2025-07-14T18:10:49.790157+00:00", "symbol": "ETH-USD"}, {"trade_id": 666940172, "side": "sell", "size": "0.01652799", "price": "2996.58000000", "time": "2025-07-14T18:10:23.033514Z", "fetched_at": "2025-07-14T18:10:49.790157+00:00", "symbol": "ETH-USD"}, {"trade_id": 666940171, "side": "sell", "size": "0.00488789", "price": "2996.55000000", "time": "2025-07-14T18:10:22.615794Z", "fetched_at": "2025-07-14T18:10:49.790157+00:00", "symbol": "ETH-USD"}, {"trade_id": 666940170, "side": "sell", "size": "0.00321885", "price": "2996.44000000", "time": "2025-07-14T18:10:22.615794Z", "fetched_at": "2025-07-14T18:10:49.790157+00:00", "symbol": "ETH-USD"}, {"trade_id": 666940169, "side": "sell", "size": "0.13154895", "price": "2996.52000000", "time": "2025-07-14T18:10:21.917073Z", "fetched_at": "2025-07-14T18:10:49.790157+00:00", "symbol": "ETH-USD"}, {"trade_id": 666940168, "side": "sell", "size": "0.00100000", "price": "2996.40000000", "time": "2025-07-14T18:10:21.917073Z", "fetched_at": "2025-07-14T18:10:49.790157+00:00", "symbol": "ETH-USD"}, {"trade_id": 666940167, "side": "sell", "size": "0.00572537", "price": "2996.38000000", "time": "2025-07-14T18:10:21.917073Z", "fetched_at": "2025-07-14T18:10:49.790157+00:00", "symbol": "ETH-USD"}, {"trade_id": 666940166, "side": "sell", "size": "0.00018492", "price": "2996.31000000", "time": "2025-07-14T18:10:21.917073Z", "fetched_at": "2025-07-14T18:10:49.790157+00:00", "symbol": "ETH-USD"}, {"trade_id": 666940165, "side": "sell", "size": "0.00003276", "price": "2996.31000000", "time": "2025-07-14T18:10:21.917073Z", "fetched_at": "2025-07-14T18:10:49.790157+00:00", "symbol": "ETH-USD"}, {"trade_id": 666940164, "side": "sell", "size": "0.00018170", "price": "2996.31000000", "time": "2025-07-14T18:10:21.917073Z", "fetched_at": "2025-07-14T18:10:49.790157+00:00", "symbol": "ETH-USD"}, {"trade_id": 666940163, "side": "sell", "size": "0.52880459", "price": "2996.31000000", "time": "2025-07-14T18:10:21.917073Z", "fetched_at": "2025-07-14T18:10:49.790157+00:00", "symbol": "ETH-USD"}, {"trade_id": 666940162, "side": "sell", "size": "0.05294975", "price": "2996.36000000", "time": "2025-07-14T18:10:21.679318Z", "fetched_at": "2025-07-14T18:10:49.790157+00:00", "symbol": "ETH-USD"}, {"trade_id": 666940161, "side": "sell", "size": "0.11392090", "price": "2996.32000000", "time": "2025-07-14T18:10:21.679318Z", "fetched_at": "2025-07-14T18:10:49.790157+00:00", "symbol": "ETH-USD"}, {"trade_id": 666940160, "side": "sell", "size": "0.17319592", "price": "2995.84000000", "time": "2025-07-14T18:10:20.889260Z", "fetched_at": "2025-07-14T18:10:49.790157+00:00", "symbol": "ETH-USD"}, {"trade_id": 666940159, "side": "sell", "size": "0.19997418", "price": "2995.84000000", "time": "2025-07-14T18:10:20.865399Z", "fetched_at": "2025-07-14T18:10:49.790157+00:00", "symbol": "ETH-USD"}, {"trade_id": 666940158, "side": "sell", "size": "0.00018456", "price": "2995.78000000", "time": "2025-07-14T18:10:20.865399Z", "fetched_at": "2025-07-14T18:10:49.790157+00:00", "symbol": "ETH-USD"}, {"trade_id": 666940157, "side": "sell", "size": "0.00050293", "price": "2995.78000000", "time": "2025-07-14T18:10:20.865399Z", "fetched_at": "2025-07-14T18:10:49.790157+00:00", "symbol": "ETH-USD"}, {"trade_id": 666940156, "side": "sell", "size": "0.00034509", "price": "2995.78000000", "time": "2025-07-14T18:10:20.865399Z", "fetched_at": "2025-07-14T18:10:49.790157+00:00", "symbol": "ETH-USD"}, {"trade_id": 666940155, "side": "sell", "size": "0.00009067", "price": "2995.78000000", "time": "2025-07-14T18:10:20.865399Z", "fetched_at": "2025-07-14T18:10:49.790157+00:00", "symbol": "ETH-USD"}, {"trade_id": 666940154, "side": "buy", "size": "0.17000000", "price": "2995.20000000", "time": "2025-07-14T18:10:19.086390Z", "fetched_at": "2025-07-14T18:10:49.790157+00:00", "symbol": "ETH-USD"}, {"trade_id": 666940153, "side": "buy", "size": "0.48998490", "price": "2995.18000000", "time": "2025-07-14T18:10:19.057243Z", "fetched_at": "2025-07-14T18:10:49.790157+00:00", "symbol": "ETH-USD"}, {"trade_id": 666940152, "side": "buy", "size": "0.01001510", "price": "2995.27000000", "time": "2025-07-14T18:10:19.057243Z", "fetched_at": "2025-07-14T18:10:49.790157+00:00", "symbol": "ETH-USD"}, {"trade_id": 666940151, "side": "buy", "size": "0.37000000", "price": "2995.26000000", "time": "2025-07-14T18:10:19.029734Z", "fetched_at": "2025-07-14T18:10:49.790157+00:00", "symbol": "ETH-USD"}, {"trade_id": 666940150, "side": "buy", "size": "1.09834166", "price": "2995.02000000", "time": "2025-07-14T18:10:18.484298Z", "fetched_at": "2025-07-14T18:10:49.790157+00:00", "symbol": "ETH-USD"}, {"trade_id": 666940149, "side": "buy", "size": "0.06244476", "price": "2995.08000000", "time": "2025-07-14T18:10:18.484298Z", "fetched_at": "2025-07-14T18:10:49.790157+00:00", "symbol": "ETH-USD"}, {"trade_id": 666940148, "side": "buy", "size": "0.55001716", "price": "2995.11000000", "time": "2025-07-14T18:10:18.484298Z", "fetched_at": "2025-07-14T18:10:49.790157+00:00", "symbol": "ETH-USD"}, {"trade_id": 666940147, "side": "buy", "size": "0.09999999", "price": "2995.13000000", "time": "2025-07-14T18:10:18.484298Z", "fetched_at": "2025-07-14T18:10:49.790157+00:00", "symbol": "ETH-USD"}, {"trade_id": 666940146, "side": "buy", "size": "0.19999170", "price": "2995.13000000", "time": "2025-07-14T18:10:18.484298Z", "fetched_at": "2025-07-14T18:10:49.790157+00:00", "symbol": "ETH-USD"}, {"trade_id": 666940145, "side": "buy", "size": "0.19999981", "price": "2995.13000000", "time": "2025-07-14T18:10:18.484298Z", "fetched_at": "2025-07-14T18:10:49.790157+00:00", "symbol": "ETH-USD"}, {"trade_id": 666940144, "side": "buy", "size": "0.14333886", "price": "2995.14000000", "time": "2025-07-14T18:10:18.484298Z", "fetched_at": "2025-07-14T18:10:49.790157+00:00", "symbol": "ETH-USD"}, {"trade_id": 666940143, "side": "buy", "size": "0.54614573", "price": "2995.22000000", "time": "2025-07-14T18:10:18.484298Z", "fetched_at": "2025-07-14T18:10:49.790157+00:00", "symbol": "ETH-USD"}, {"trade_id": 666940142, "side": "buy", "size": "0.10359503", "price": "2995.25000000", "time": "2025-07-14T18:10:18.484298Z", "fetched_at": "2025-07-14T18:10:49.790157+00:00", "symbol": "ETH-USD"}, {"trade_id": 666940141, "side": "sell", "size": "0.38383061", "price": "2995.38000000", "time": "2025-07-14T18:10:18.079378Z", "fetched_at": "2025-07-14T18:10:49.790157+00:00", "symbol": "ETH-USD"}, {"trade_id": 666940140, "side": "sell", "size": "0.00002110", "price": "2995.24000000", "time": "2025-07-14T18:10:18.079378Z", "fetched_at": "2025-07-14T18:10:49.790157+00:00", "symbol": "ETH-USD"}, {"trade_id": 666940139, "side": "sell", "size": "0.00014767", "price": "2995.24000000", "time": "2025-07-14T18:10:18.079378Z", "fetched_at": "2025-07-14T18:10:49.790157+00:00", "symbol": "ETH-USD"}, {"trade_id": 666940138, "side": "sell", "size": "0.00013494", "price": "2995.24000000", "time": "2025-07-14T18:10:18.079378Z", "fetched_at": "2025-07-14T18:10:49.790157+00:00", "symbol": "ETH-USD"}, {"trade_id": 666940137, "side": "sell", "size": "0.00935098", "price": "2995.17000000", "time": "2025-07-14T18:10:18.079378Z", "fetched_at": "2025-07-14T18:10:49.790157+00:00", "symbol": "ETH-USD"}, {"trade_id": 666940136, "side": "buy", "size": "0.25000000", "price": "2995.03000000", "time": "2025-07-14T18:10:17.521569Z", "fetched_at": "2025-07-14T18:10:49.790157+00:00", "symbol": "ETH-USD"}, {"trade_id": 666940135, "side": "sell", "size": "0.00413911", "price": "2994.95000000", "time": "2025-07-14T18:10:17.505338Z", "fetched_at": "2025-07-14T18:10:49.790157+00:00", "symbol": "ETH-USD"}, {"trade_id": 666940134, "side": "buy", "size": "0.12219805", "price": "2994.46000000", "time": "2025-07-14T18:10:16.725473Z", "fetched_at": "2025-07-14T18:10:49.790157+00:00", "symbol": "ETH-USD"}, {"trade_id": 666940133, "side": "buy", "size": "0.79570488", "price": "2994.84000000", "time": "2025-07-14T18:10:16.111482Z", "fetched_at": "2025-07-14T18:10:49.790157+00:00", "symbol": "ETH-USD"}, {"trade_id": 666940132, "side": "buy", "size": "0.00000001", "price": "2994.84000000", "time": "2025-07-14T18:10:15.724203Z", "fetched_at": "2025-07-14T18:10:49.790157+00:00", "symbol": "ETH-USD"}, {"trade_id": 666940131, "side": "buy", "size": "0.60000000", "price": "2994.96000000", "time": "2025-07-14T18:10:15.715010Z", "fetched_at": "2025-07-14T18:10:49.790157+00:00", "symbol": "ETH-USD"}, {"trade_id": 666940130, "side": "buy", "size": "0.21284953", "price": "2995.33000000", "time": "2025-07-14T18:10:15.220134Z", "fetched_at": "2025-07-14T18:10:49.790157+00:00", "symbol": "ETH-USD"}, {"trade_id": 666940129, "side": "sell", "size": "0.03177404", "price": "2996.40000000", "time": "2025-07-14T18:10:15.220004Z", "fetched_at": "2025-07-14T18:10:49.790157+00:00", "symbol": "ETH-USD"}, {"trade_id": 666940128, "side": "sell", "size": "0.09357508", "price": "2996.40000000", "time": "2025-07-14T18:10:15.220004Z", "fetched_at": "2025-07-14T18:10:49.790157+00:00", "symbol": "ETH-USD"}, {"trade_id": 666940127, "side": "sell", "size": "0.48600000", "price": "2996.39000000", "time": "2025-07-14T18:10:15.220004Z", "fetched_at": "2025-07-14T18:10:49.790157+00:00", "symbol": "ETH-USD"}, {"trade_id": 666940126, "side": "sell", "size": "0.08865088", "price": "2996.39000000", "time": "2025-07-14T18:10:15.220004Z", "fetched_at": "2025-07-14T18:10:49.790157+00:00", "symbol": "ETH-USD"}, {"trade_id": 666940125, "side": "sell", "size": "0.70000000", "price": "2996.39000000", "time": "2025-07-14T18:10:15.219683Z", "fetched_at": "2025-07-14T18:10:49.790157+00:00", "symbol": "ETH-USD"}, {"trade_id": 666940124, "side": "sell", "size": "0.00335312", "price": "2996.39000000", "time": "2025-07-14T18:10:15.219461Z", "fetched_at": "2025-07-14T18:10:49.790157+00:00", "symbol": "ETH-USD"}, {"trade_id": 666940123, "side": "sell", "size": "0.35819688", "price": "2996.38000000", "time": "2025-07-14T18:10:15.219461Z", "fetched_at": "2025-07-14T18:10:49.790157+00:00", "symbol": "ETH-USD"}, {"trade_id": 666940122, "side": "sell", "size": "0.33845000", "price": "2995.53000000", "time": "2025-07-14T18:10:15.219461Z", "fetched_at": "2025-07-14T18:10:49.790157+00:00", "symbol": "ETH-USD"}, {"trade_id": 666940121, "side": "sell", "size": "0.14755000", "price": "2995.53000000", "time": "2025-07-14T18:10:15.219408Z", "fetched_at": "2025-07-14T18:10:49.790157+00:00", "symbol": "ETH-USD"}, {"trade_id": 666940120, "side": "sell", "size": "0.55245000", "price": "2995.53000000", "time": "2025-07-14T18:10:15.219408Z", "fetched_at": "2025-07-14T18:10:49.790157+00:00", "symbol": "ETH-USD"}, {"trade_id": 666940119, "side": "sell", "size": "0.48600000", "price": "2995.69000000", "time": "2025-07-14T18:10:15.194917Z", "fetched_at": "2025-07-14T18:10:49.790157+00:00", "symbol": "ETH-USD"}, {"trade_id": 666940118, "side": "buy", "size": "0.24512243", "price": "2995.48000000", "time": "2025-07-14T18:10:15.182139Z", "fetched_at": "2025-07-14T18:10:49.790157+00:00", "symbol": "ETH-USD"}, {"trade_id": 666940117, "side": "buy", "size": "0.30000000", "price": "2995.80000000", "time": "2025-07-14T18:10:15.177967Z", "fetched_at": "2025-07-14T18:10:49.790157+00:00", "symbol": "ETH-USD"}, {"trade_id": 666940116, "side": "buy", "size": "0.76871432", "price": "2995.62000000", "time": "2025-07-14T18:10:15.176654Z", "fetched_at": "2025-07-14T18:10:49.790157+00:00", "symbol": "ETH-USD"}, {"trade_id": 666940115, "side": "buy", "size": "0.07820354", "price": "2995.71000000", "time": "2025-07-14T18:10:15.173443Z", "fetched_at": "2025-07-14T18:10:49.790157+00:00", "symbol": "ETH-USD"}, {"trade_id": 666940114, "side": "buy", "size": "0.16327246", "price": "2995.80000000", "time": "2025-07-14T18:10:15.172835Z", "fetched_at": "2025-07-14T18:10:49.790157+00:00", "symbol": "ETH-USD"}, {"trade_id": 666940113, "side": "buy", "size": "0.30000000", "price": "2996.31000000", "time": "2025-07-14T18:10:15.172835Z", "fetched_at": "2025-07-14T18:10:49.790157+00:00", "symbol": "ETH-USD"}, {"trade_id": 666940112, "side": "buy", "size": "0.43791616", "price": "2995.89000000", "time": "2025-07-14T18:10:15.172379Z", "fetched_at": "2025-07-14T18:10:49.790157+00:00", "symbol": "ETH-USD"}, {"trade_id": 666940111, "side": "buy", "size": "0.21290000", "price": "2995.89000000", "time": "2025-07-14T18:10:15.172036Z", "fetched_at": "2025-07-14T18:10:49.790157+00:00", "symbol": "ETH-USD"}, {"trade_id": 666940110, "side": "buy", "size": "0.16100000", "price": "2995.80000000", "time": "2025-07-14T18:10:15.171839Z", "fetched_at": "2025-07-14T18:10:49.790157+00:00", "symbol": "ETH-USD"}, {"trade_id": 666940109, "side": "buy", "size": "0.27423310", "price": "2995.70000000", "time": "2025-07-14T18:10:15.171299Z", "fetched_at": "2025-07-14T18:10:49.790157+00:00", "symbol": "ETH-USD"}, {"trade_id": 666940108, "side": "buy", "size": "0.40299687", "price": "2996.09000000", "time": "2025-07-14T18:10:15.171299Z", "fetched_at": "2025-07-14T18:10:49.790157+00:00", "symbol": "ETH-USD"}, {"trade_id": 666940107, "side": "buy", "size": "0.38044838", "price": "2996.10000000", "time": "2025-07-14T18:10:15.171299Z", "fetched_at": "2025-07-14T18:10:49.790157+00:00", "symbol": "ETH-USD"}, {"trade_id": 666940106, "side": "buy", "size": "0.85048313", "price": "2996.09000000", "time": "2025-07-14T18:10:15.170652Z", "fetched_at": "2025-07-14T18:10:49.790157+00:00", "symbol": "ETH-USD"}, {"trade_id": 666940105, "side": "buy", "size": "0.23461059", "price": "2996.44000000", "time": "2025-07-14T18:10:15.168095Z", "fetched_at": "2025-07-14T18:10:49.790157+00:00", "symbol": "ETH-USD"}, {"trade_id": 666940104, "side": "buy", "size": "0.55245506", "price": "2995.79000000", "time": "2025-07-14T18:10:15.162577Z", "fetched_at": "2025-07-14T18:10:49.790157+00:00", "symbol": "ETH-USD"}, {"trade_id": 666940103, "side": "buy", "size": "0.06998466", "price": "2996.44000000", "time": "2025-07-14T18:10:15.161237Z", "fetched_at": "2025-07-14T18:10:49.790157+00:00", "symbol": "ETH-USD"}, {"trade_id": 666940102, "side": "buy", "size": "0.11706142", "price": "2996.44000000", "time": "2025-07-14T18:10:15.161210Z", "fetched_at": "2025-07-14T18:10:49.790157+00:00", "symbol": "ETH-USD"}, {"trade_id": 666940101, "side": "buy", "size": "0.43770000", "price": "2996.44000000", "time": "2025-07-14T18:10:15.161100Z", "fetched_at": "2025-07-14T18:10:49.790157+00:00", "symbol": "ETH-USD"}, {"trade_id": 666940100, "side": "buy", "size": "0.33860312", "price": "2996.08000000", "time": "2025-07-14T18:10:15.156604Z", "fetched_at": "2025-07-14T18:10:49.790157+00:00", "symbol": "ETH-USD"}, {"trade_id": 666940099, "side": "buy", "size": "0.10110664", "price": "2996.08000000", "time": "2025-07-14T18:10:15.156604Z", "fetched_at": "2025-07-14T18:10:49.790157+00:00", "symbol": "ETH-USD"}, {"trade_id": 666940098, "side": "buy", "size": "0.11706142", "price": "2996.30000000", "time": "2025-07-14T18:10:15.155738Z", "fetched_at": "2025-07-14T18:10:49.790157+00:00", "symbol": "ETH-USD"}, {"trade_id": 666940097, "side": "buy", "size": "0.01689000", "price": "2996.30000000", "time": "2025-07-14T18:10:15.154911Z", "fetched_at": "2025-07-14T18:10:49.790157+00:00", "symbol": "ETH-USD"}, {"trade_id": 666940096, "side": "sell", "size": "5.82759195", "price": "2996.74000000", "time": "2025-07-14T18:10:15.149299Z", "fetched_at": "2025-07-14T18:10:49.790157+00:00", "symbol": "ETH-USD"}, {"trade_id": 666940095, "side": "sell", "size": "2.67240805", "price": "2996.72000000", "time": "2025-07-14T18:10:15.149299Z", "fetched_at": "2025-07-14T18:10:49.790157+00:00", "symbol": "ETH-USD"}, {"trade_id": 666940094, "side": "sell", "size": "0.01689000", "price": "2996.55000000", "time": "2025-07-14T18:10:15.138815Z", "fetched_at": "2025-07-14T18:10:49.790157+00:00", "symbol": "ETH-USD"}, {"trade_id": 666940093, "side": "sell", "size": "0.01689000", "price": "2996.55000000", "time": "2025-07-14T18:10:15.137969Z", "fetched_at": "2025-07-14T18:10:49.790157+00:00", "symbol": "ETH-USD"}, {"trade_id": 666940092, "side": "sell", "size": "1.78455209", "price": "2996.55000000", "time": "2025-07-14T18:10:15.137932Z", "fetched_at": "2025-07-14T18:10:49.790157+00:00", "symbol": "ETH-USD"}, {"trade_id": 666940091, "side": "sell", "size": "1.37103000", "price": "2996.50000000", "time": "2025-07-14T18:10:15.137932Z", "fetched_at": "2025-07-14T18:10:49.790157+00:00", "symbol": "ETH-USD"}, {"trade_id": 666940090, "side": "sell", "size": "0.23376980", "price": "2996.44000000", "time": "2025-07-14T18:10:15.137932Z", "fetched_at": "2025-07-14T18:10:49.790157+00:00", "symbol": "ETH-USD"}, {"trade_id": 666940089, "side": "sell", "size": "0.48600000", "price": "2996.43000000", "time": "2025-07-14T18:10:15.137932Z", "fetched_at": "2025-07-14T18:10:49.790157+00:00", "symbol": "ETH-USD"}, {"trade_id": 666940088, "side": "sell", "size": "0.01689000", "price": "2996.44000000", "time": "2025-07-14T18:10:15.130129Z", "fetched_at": "2025-07-14T18:10:49.790157+00:00", "symbol": "ETH-USD"}, {"trade_id": 666940087, "side": "sell", "size": "0.02882940", "price": "2996.43000000", "time": "2025-07-14T18:10:15.114252Z", "fetched_at": "2025-07-14T18:10:49.790157+00:00", "symbol": "ETH-USD"}, {"trade_id": 666940086, "side": "sell", "size": "0.26036746", "price": "2996.53000000", "time": "2025-07-14T18:10:15.105690Z", "fetched_at": "2025-07-14T18:10:49.790157+00:00", "symbol": "ETH-USD"}, {"trade_id": 666940085, "side": "sell", "size": "0.05658821", "price": "2996.48000000", "time": "2025-07-14T18:10:15.105690Z", "fetched_at": "2025-07-14T18:10:49.790157+00:00", "symbol": "ETH-USD"}, {"trade_id": 666940084, "side": "sell", "size": "2.77025042", "price": "2996.48000000", "time": "2025-07-14T18:10:15.105690Z", "fetched_at": "2025-07-14T18:10:49.790157+00:00", "symbol": "ETH-USD"}, {"trade_id": 666940083, "side": "sell", "size": "1.95375025", "price": "2996.47000000", "time": "2025-07-14T18:10:15.105690Z", "fetched_at": "2025-07-14T18:10:49.790157+00:00", "symbol": "ETH-USD"}, {"trade_id": 666940082, "side": "sell", "size": "0.00100000", "price": "2996.40000000", "time": "2025-07-14T18:10:15.105690Z", "fetched_at": "2025-07-14T18:10:49.790157+00:00", "symbol": "ETH-USD"}, {"trade_id": 666940081, "side": "sell", "size": "12.51523993", "price": "2996.35000000", "time": "2025-07-14T18:10:15.105690Z", "fetched_at": "2025-07-14T18:10:49.790157+00:00", "symbol": "ETH-USD"}, {"trade_id": 666940080, "side": "sell", "size": "4.20224384", "price": "2996.27000000", "time": "2025-07-14T18:10:15.105690Z", "fetched_at": "2025-07-14T18:10:49.790157+00:00", "symbol": "ETH-USD"}, {"trade_id": 666940079, "side": "sell", "size": "7.50974396", "price": "2996.27000000", "time": "2025-07-14T18:10:15.105690Z", "fetched_at": "2025-07-14T18:10:49.790157+00:00", "symbol": "ETH-USD"}, {"trade_id": 666940078, "side": "sell", "size": "0.00050089", "price": "2996.25000000", "time": "2025-07-14T18:10:15.105690Z", "fetched_at": "2025-07-14T18:10:49.790157+00:00", "symbol": "ETH-USD"}, {"trade_id": 666940077, "side": "sell", "size": "1.34534205", "price": "2996.07000000", "time": "2025-07-14T18:10:15.105690Z", "fetched_at": "2025-07-14T18:10:49.790157+00:00", "symbol": "ETH-USD"}, {"trade_id": 666940076, "side": "sell", "size": "0.66917820", "price": "2996.04000000", "time": "2025-07-14T18:10:15.105690Z", "fetched_at": "2025-07-14T18:10:49.790157+00:00", "symbol": "ETH-USD"}, {"trade_id": 666940075, "side": "sell", "size": "0.10423429", "price": "2995.06000000", "time": "2025-07-14T18:10:15.102496Z", "fetched_at": "2025-07-14T18:10:49.790157+00:00", "symbol": "ETH-USD"}, {"trade_id": 666940074, "side": "sell", "size": "1.77457484", "price": "2996.04000000", "time": "2025-07-14T18:10:15.101620Z", "fetched_at": "2025-07-14T18:10:49.790157+00:00", "symbol": "ETH-USD"}, {"trade_id": 666940073, "side": "sell", "size": "7.03986916", "price": "2995.96000000", "time": "2025-07-14T18:10:15.099493Z", "fetched_at": "2025-07-14T18:10:49.790157+00:00", "symbol": "ETH-USD"}, {"trade_id": 666940072, "side": "sell", "size": "0.25465426", "price": "2995.95000000", "time": "2025-07-14T18:10:15.099493Z", "fetched_at": "2025-07-14T18:10:49.790157+00:00", "symbol": "ETH-USD"}, {"trade_id": 666940071, "side": "sell", "size": "0.48600000", "price": "2995.90000000", "time": "2025-07-14T18:10:15.099493Z", "fetched_at": "2025-07-14T18:10:49.790157+00:00", "symbol": "ETH-USD"}, {"trade_id": 666940070, "side": "sell", "size": "0.22183500", "price": "2995.89000000", "time": "2025-07-14T18:10:15.099493Z", "fetched_at": "2025-07-14T18:10:49.790157+00:00", "symbol": "ETH-USD"}, {"trade_id": 666940069, "side": "sell", "size": "0.02829410", "price": "2995.74000000", "time": "2025-07-14T18:10:15.099493Z", "fetched_at": "2025-07-14T18:10:49.790157+00:00", "symbol": "ETH-USD"}, {"trade_id": 666940068, "side": "sell", "size": "0.23087105", "price": "2995.74000000", "time": "2025-07-14T18:10:15.099493Z", "fetched_at": "2025-07-14T18:10:49.790157+00:00", "symbol": "ETH-USD"}, {"trade_id": 666940067, "side": "sell", "size": "2.11065995", "price": "2995.74000000", "time": "2025-07-14T18:10:15.098883Z", "fetched_at": "2025-07-14T18:10:49.790157+00:00", "symbol": "ETH-USD"}, {"trade_id": 666940066, "side": "sell", "size": "0.43685747", "price": "2995.69000000", "time": "2025-07-14T18:10:15.098883Z", "fetched_at": "2025-07-14T18:10:49.790157+00:00", "symbol": "ETH-USD"}, {"trade_id": 666940065, "side": "sell", "size": "0.12729702", "price": "2994.96000000", "time": "2025-07-14T18:10:15.098508Z", "fetched_at": "2025-07-14T18:10:49.790157+00:00", "symbol": "ETH-USD"}, {"trade_id": 666940064, "side": "sell", "size": "0.01332600", "price": "2994.80000000", "time": "2025-07-14T18:10:15.098319Z", "fetched_at": "2025-07-14T18:10:49.790157+00:00", "symbol": "ETH-USD"}, {"trade_id": 666940063, "side": "sell", "size": "3.02643575", "price": "2995.69000000", "time": "2025-07-14T18:10:15.098186Z", "fetched_at": "2025-07-14T18:10:49.790157+00:00", "symbol": "ETH-USD"}, {"trade_id": 666940062, "side": "sell", "size": "3.96395153", "price": "2995.69000000", "time": "2025-07-14T18:10:15.095534Z", "fetched_at": "2025-07-14T18:10:49.790157+00:00", "symbol": "ETH-USD"}, {"trade_id": 666940061, "side": "sell", "size": "0.01689000", "price": "2995.69000000", "time": "2025-07-14T18:10:15.094687Z", "fetched_at": "2025-07-14T18:10:49.790157+00:00", "symbol": "ETH-USD"}, {"trade_id": 666940060, "side": "sell", "size": "5.07387235", "price": "2995.69000000", "time": "2025-07-14T18:10:15.093839Z", "fetched_at": "2025-07-14T18:10:49.790157+00:00", "symbol": "ETH-USD"}, {"trade_id": 666940059, "side": "sell", "size": "8.91572286", "price": "2995.68000000", "time": "2025-07-14T18:10:15.093839Z", "fetched_at": "2025-07-14T18:10:49.790157+00:00", "symbol": "ETH-USD"}, {"trade_id": 666940058, "side": "sell", "size": "0.35191147", "price": "2995.59000000", "time": "2025-07-14T18:10:15.093839Z", "fetched_at": "2025-07-14T18:10:49.790157+00:00", "symbol": "ETH-USD"}, {"trade_id": 666940057, "side": "sell", "size": "1.17346008", "price": "2995.53000000", "time": "2025-07-14T18:10:15.093839Z", "fetched_at": "2025-07-14T18:10:49.790157+00:00", "symbol": "ETH-USD"}, {"trade_id": 666940056, "side": "sell", "size": "0.01689000", "price": "2995.53000000", "time": "2025-07-14T18:10:15.093802Z", "fetched_at": "2025-07-14T18:10:49.790157+00:00", "symbol": "ETH-USD"}, {"trade_id": 666940055, "side": "sell", "size": "0.12816255", "price": "2995.53000000", "time": "2025-07-14T18:10:15.091360Z", "fetched_at": "2025-07-14T18:10:49.790157+00:00", "symbol": "ETH-USD"}, {"trade_id": 666940054, "side": "sell", "size": "0.00100000", "price": "2995.52000000", "time": "2025-07-14T18:10:15.091360Z", "fetched_at": "2025-07-14T18:10:49.790157+00:00", "symbol": "ETH-USD"}, {"trade_id": 666940053, "side": "sell", "size": "1.00225446", "price": "2995.52000000", "time": "2025-07-14T18:10:15.091360Z", "fetched_at": "2025-07-14T18:10:49.790157+00:00", "symbol": "ETH-USD"}, {"trade_id": 666940052, "side": "sell", "size": "0.48600000", "price": "2995.45000000", "time": "2025-07-14T18:10:15.091360Z", "fetched_at": "2025-07-14T18:10:49.790157+00:00", "symbol": "ETH-USD"}, {"trade_id": 666940051, "side": "sell", "size": "7.54755426", "price": "2995.35000000", "time": "2025-07-14T18:10:15.091360Z", "fetched_at": "2025-07-14T18:10:49.790157+00:00", "symbol": "ETH-USD"}, {"trade_id": 666940050, "side": "sell", "size": "0.01689000", "price": "2995.35000000", "time": "2025-07-14T18:10:15.090521Z", "fetched_at": "2025-07-14T18:10:49.790157+00:00", "symbol": "ETH-USD"}, {"trade_id": 666940049, "side": "sell", "size": "0.78184806", "price": "2995.35000000", "time": "2025-07-14T18:10:15.090042Z", "fetched_at": "2025-07-14T18:10:49.790157+00:00", "symbol": "ETH-USD"}, {"trade_id": 666940048, "side": "sell", "size": "0.00050095", "price": "2995.35000000", "time": "2025-07-14T18:10:15.090042Z", "fetched_at": "2025-07-14T18:10:49.790157+00:00", "symbol": "ETH-USD"}, {"trade_id": 666940047, "side": "sell", "size": "0.66779901", "price": "2995.30000000", "time": "2025-07-14T18:10:15.090042Z", "fetched_at": "2025-07-14T18:10:49.790157+00:00", "symbol": "ETH-USD"}, {"trade_id": 666940046, "side": "sell", "size": "2.33894707", "price": "2995.20000000", "time": "2025-07-14T18:10:15.090042Z", "fetched_at": "2025-07-14T18:10:49.790157+00:00", "symbol": "ETH-USD"}, {"trade_id": 666940045, "side": "sell", "size": "0.66116522", "price": "2995.20000000", "time": "2025-07-14T18:10:15.089857Z", "fetched_at": "2025-07-14T18:10:49.790157+00:00", "symbol": "ETH-USD"}, {"trade_id": 666940044, "side": "sell", "size": "1.83412196", "price": "2995.20000000", "time": "2025-07-14T18:10:15.089664Z", "fetched_at": "2025-07-14T18:10:49.790157+00:00", "symbol": "ETH-USD"}, {"trade_id": 666940043, "side": "sell", "size": "0.76739801", "price": "2995.12000000", "time": "2025-07-14T18:10:15.089664Z", "fetched_at": "2025-07-14T18:10:49.790157+00:00", "symbol": "ETH-USD"}, {"trade_id": 666940042, "side": "sell", "size": "1.63354987", "price": "2995.12000000", "time": "2025-07-14T18:10:15.089248Z", "fetched_at": "2025-07-14T18:10:49.790157+00:00", "symbol": "ETH-USD"}, {"trade_id": 666940041, "side": "sell", "size": "2.42701195", "price": "2995.12000000", "time": "2025-07-14T18:10:15.088565Z", "fetched_at": "2025-07-14T18:10:49.790157+00:00", "symbol": "ETH-USD"}, {"trade_id": 666940040, "side": "sell", "size": "2.92678821", "price": "2995.12000000", "time": "2025-07-14T18:10:15.087911Z", "fetched_at": "2025-07-14T18:10:49.790157+00:00", "symbol": "ETH-USD"}, {"trade_id": 666940039, "side": "sell", "size": "3.57045600", "price": "2995.09000000", "time": "2025-07-14T18:10:15.087911Z", "fetched_at": "2025-07-14T18:10:49.790157+00:00", "symbol": "ETH-USD"}, {"trade_id": 666940038, "side": "sell", "size": "0.59084007", "price": "2995.08000000", "time": "2025-07-14T18:10:15.087911Z", "fetched_at": "2025-07-14T18:10:49.790157+00:00", "symbol": "ETH-USD"}, {"trade_id": 666940037, "side": "sell", "size": "4.11645481", "price": "2995.07000000", "time": "2025-07-14T18:10:15.087911Z", "fetched_at": "2025-07-14T18:10:49.790157+00:00", "symbol": "ETH-USD"}, {"trade_id": 666940036, "side": "sell", "size": "0.21746600", "price": "2995.07000000", "time": "2025-07-14T18:10:15.087879Z", "fetched_at": "2025-07-14T18:10:49.790157+00:00", "symbol": "ETH-USD"}, {"trade_id": 666940035, "side": "sell", "size": "0.48600000", "price": "2995.07000000", "time": "2025-07-14T18:10:15.087713Z", "fetched_at": "2025-07-14T18:10:49.790157+00:00", "symbol": "ETH-USD"}, {"trade_id": 666940034, "side": "sell", "size": "3.39930206", "price": "2995.07000000", "time": "2025-07-14T18:10:15.086962Z", "fetched_at": "2025-07-14T18:10:49.790157+00:00", "symbol": "ETH-USD"}, {"trade_id": 666940033, "side": "sell", "size": "0.35450404", "price": "2995.07000000", "time": "2025-07-14T18:10:15.086962Z", "fetched_at": "2025-07-14T18:10:49.790157+00:00", "symbol": "ETH-USD"}, {"trade_id": 666940032, "side": "sell", "size": "3.99958449", "price": "2994.98000000", "time": "2025-07-14T18:10:15.086962Z", "fetched_at": "2025-07-14T18:10:49.790157+00:00", "symbol": "ETH-USD"}, {"trade_id": 666940031, "side": "sell", "size": "0.79599618", "price": "2994.11000000", "time": "2025-07-14T18:10:15.086962Z", "fetched_at": "2025-07-14T18:10:49.790157+00:00", "symbol": "ETH-USD"}, {"trade_id": 666940030, "side": "sell", "size": "6.00241551", "price": "2994.98000000", "time": "2025-07-14T18:10:15.086197Z", "fetched_at": "2025-07-14T18:10:49.790157+00:00", "symbol": "ETH-USD"}, {"trade_id": 666940029, "side": "sell", "size": "1.27707584", "price": "2994.97000000", "time": "2025-07-14T18:10:15.085971Z", "fetched_at": "2025-07-14T18:10:49.790157+00:00", "symbol": "ETH-USD"}, {"trade_id": 666940028, "side": "sell", "size": "4.72412416", "price": "2994.97000000", "time": "2025-07-14T18:10:15.085599Z", "fetched_at": "2025-07-14T18:10:49.790157+00:00", "symbol": "ETH-USD"}, {"trade_id": 666940027, "side": "sell", "size": "7.50553408", "price": "2994.86000000", "time": "2025-07-14T18:10:15.085599Z", "fetched_at": "2025-07-14T18:10:49.790157+00:00", "symbol": "ETH-USD"}, {"trade_id": 666940026, "side": "sell", "size": "0.09074592", "price": "2994.86000000", "time": "2025-07-14T18:10:15.085512Z", "fetched_at": "2025-07-14T18:10:49.790157+00:00", "symbol": "ETH-USD"}, {"trade_id": 666940025, "side": "sell", "size": "6.01841457", "price": "2994.85000000", "time": "2025-07-14T18:10:15.085512Z", "fetched_at": "2025-07-14T18:10:49.790157+00:00", "symbol": "ETH-USD"}, {"trade_id": 666940024, "side": "sell", "size": "0.00066684", "price": "2994.80000000", "time": "2025-07-14T18:10:15.085512Z", "fetched_at": "2025-07-14T18:10:49.790157+00:00", "symbol": "ETH-USD"}, {"trade_id": 666940023, "side": "sell", "size": "4.71105989", "price": "2994.80000000", "time": "2025-07-14T18:10:15.085512Z", "fetched_at": "2025-07-14T18:10:49.790157+00:00", "symbol": "ETH-USD"}, {"trade_id": 666940022, "side": "sell", "size": "5.11212334", "price": "2994.80000000", "time": "2025-07-14T18:10:15.085512Z", "fetched_at": "2025-07-14T18:10:49.790157+00:00", "symbol": "ETH-USD"}, {"trade_id": 666940021, "side": "sell", "size": "3.82271897", "price": "2994.51000000", "time": "2025-07-14T18:10:15.085512Z", "fetched_at": "2025-07-14T18:10:49.790157+00:00", "symbol": "ETH-USD"}, {"trade_id": 666940020, "side": "sell", "size": "3.68281511", "price": "2994.50000000", "time": "2025-07-14T18:10:15.085512Z", "fetched_at": "2025-07-14T18:10:49.790157+00:00", "symbol": "ETH-USD"}, {"trade_id": 666940019, "side": "sell", "size": "2.31718489", "price": "2994.50000000", "time": "2025-07-14T18:10:15.085410Z", "fetched_at": "2025-07-14T18:10:49.790157+00:00", "symbol": "ETH-USD"}, {"trade_id": 666940018, "side": "sell", "size": "5.89362373", "price": "2994.49000000", "time": "2025-07-14T18:10:15.085410Z", "fetched_at": "2025-07-14T18:10:49.790157+00:00", "symbol": "ETH-USD"}, {"trade_id": 666940017, "side": "sell", "size": "0.00050112", "price": "2994.45000000", "time": "2025-07-14T18:10:15.085410Z", "fetched_at": "2025-07-14T18:10:49.790157+00:00", "symbol": "ETH-USD"}, {"trade_id": 666940016, "side": "sell", "size": "0.24586962", "price": "2994.43000000", "time": "2025-07-14T18:10:15.085410Z", "fetched_at": "2025-07-14T18:10:49.790157+00:00", "symbol": "ETH-USD"}, {"trade_id": 666940015, "side": "sell", "size": "0.40000000", "price": "2994.42000000", "time": "2025-07-14T18:10:15.085410Z", "fetched_at": "2025-07-14T18:10:49.790157+00:00", "symbol": "ETH-USD"}, {"trade_id": 666940014, "side": "sell", "size": "0.20000000", "price": "2994.42000000", "time": "2025-07-14T18:10:15.085410Z", "fetched_at": "2025-07-14T18:10:49.790157+00:00", "symbol": "ETH-USD"}, {"trade_id": 666940013, "side": "sell", "size": "0.40000000", "price": "2994.42000000", "time": "2025-07-14T18:10:15.085410Z", "fetched_at": "2025-07-14T18:10:49.790157+00:00", "symbol": "ETH-USD"}, {"trade_id": 666940012, "side": "sell", "size": "0.20000000", "price": "2994.42000000", "time": "2025-07-14T18:10:15.085410Z", "fetched_at": "2025-07-14T18:10:49.790157+00:00", "symbol": "ETH-USD"}, {"trade_id": 666940011, "side": "sell", "size": "0.00100000", "price": "2994.42000000", "time": "2025-07-14T18:10:15.085410Z", "fetched_at": "2025-07-14T18:10:49.790157+00:00", "symbol": "ETH-USD"}, {"trade_id": 666940010, "side": "sell", "size": "0.86842244", "price": "2994.41000000", "time": "2025-07-14T18:10:15.085410Z", "fetched_at": "2025-07-14T18:10:49.790157+00:00", "symbol": "ETH-USD"}, {"trade_id": 666940009, "side": "sell", "size": "0.13366143", "price": "2994.29000000", "time": "2025-07-14T18:10:15.085410Z", "fetched_at": "2025-07-14T18:10:49.790157+00:00", "symbol": "ETH-USD"}, {"trade_id": 666940008, "side": "sell", "size": "0.61873540", "price": "2994.22000000", "time": "2025-07-14T18:10:15.085410Z", "fetched_at": "2025-07-14T18:10:49.790157+00:00", "symbol": "ETH-USD"}, {"trade_id": 666940007, "side": "sell", "size": "0.62288918", "price": "2994.17000000", "time": "2025-07-14T18:10:15.085410Z", "fetched_at": "2025-07-14T18:10:49.790157+00:00", "symbol": "ETH-USD"}, {"trade_id": 666940006, "side": "sell", "size": "0.31687788", "price": "2994.17000000", "time": "2025-07-14T18:10:15.085410Z", "fetched_at": "2025-07-14T18:10:49.790157+00:00", "symbol": "ETH-USD"}, {"trade_id": 666940005, "side": "sell", "size": "0.38375937", "price": "2994.16000000", "time": "2025-07-14T18:10:15.085410Z", "fetched_at": "2025-07-14T18:10:49.790157+00:00", "symbol": "ETH-USD"}, {"trade_id": 666940004, "side": "sell", "size": "0.56136797", "price": "2994.16000000", "time": "2025-07-14T18:10:15.085410Z", "fetched_at": "2025-07-14T18:10:49.790157+00:00", "symbol": "ETH-USD"}, {"trade_id": 666940003, "side": "sell", "size": "0.31740998", "price": "2994.14000000", "time": "2025-07-14T18:10:15.085410Z", "fetched_at": "2025-07-14T18:10:49.790157+00:00", "symbol": "ETH-USD"}, {"trade_id": 666940002, "side": "sell", "size": "0.42903812", "price": "2994.13000000", "time": "2025-07-14T18:10:15.085410Z", "fetched_at": "2025-07-14T18:10:49.790157+00:00", "symbol": "ETH-USD"}, {"trade_id": 666940001, "side": "sell", "size": "0.58021220", "price": "2994.12000000", "time": "2025-07-14T18:10:15.085410Z", "fetched_at": "2025-07-14T18:10:49.790157+00:00", "symbol": "ETH-USD"}, {"trade_id": 666940000, "side": "sell", "size": "1.12274376", "price": "2994.01000000", "time": "2025-07-14T18:10:15.085410Z", "fetched_at": "2025-07-14T18:10:49.790157+00:00", "symbol": "ETH-USD"}, {"trade_id": 666939999, "side": "sell", "size": "0.67443744", "price": "2994.00000000", "time": "2025-07-14T18:10:15.085410Z", "fetched_at": "2025-07-14T18:10:49.790157+00:00", "symbol": "ETH-USD"}, {"trade_id": 666939998, "side": "sell", "size": "0.00100000", "price": "2993.98000000", "time": "2025-07-14T18:10:15.085410Z", "fetched_at": "2025-07-14T18:10:49.790157+00:00", "symbol": "ETH-USD"}, {"trade_id": 666939997, "side": "sell", "size": "0.83501170", "price": "2993.97000000", "time": "2025-07-14T18:10:15.085410Z", "fetched_at": "2025-07-14T18:10:49.790157+00:00", "symbol": "ETH-USD"}, {"trade_id": 666939996, "side": "sell", "size": "0.39600004", "price": "2993.96000000", "time": "2025-07-14T18:10:15.085410Z", "fetched_at": "2025-07-14T18:10:49.790157+00:00", "symbol": "ETH-USD"}, {"trade_id": 666939995, "side": "sell", "size": "0.02638961", "price": "2993.95000000", "time": "2025-07-14T18:10:15.085410Z", "fetched_at": "2025-07-14T18:10:49.790157+00:00", "symbol": "ETH-USD"}, {"trade_id": 666939994, "side": "sell", "size": "0.48600000", "price": "2993.89000000", "time": "2025-07-14T18:10:15.085410Z", "fetched_at": "2025-07-14T18:10:49.790157+00:00", "symbol": "ETH-USD"}, {"trade_id": 666939993, "side": "sell", "size": "0.54120739", "price": "2993.88000000", "time": "2025-07-14T18:10:15.084890Z", "fetched_at": "2025-07-14T18:10:49.790157+00:00", "symbol": "ETH-USD"}, {"trade_id": 666939992, "side": "sell", "size": "0.44444155", "price": "2993.88000000", "time": "2025-07-14T18:10:15.084890Z", "fetched_at": "2025-07-14T18:10:49.790157+00:00", "symbol": "ETH-USD"}, {"trade_id": 666939991, "side": "sell", "size": "0.36399924", "price": "2993.88000000", "time": "2025-07-14T18:10:15.084726Z", "fetched_at": "2025-07-14T18:10:49.790157+00:00", "symbol": "ETH-USD"}, {"trade_id": 666939990, "side": "sell", "size": "0.16701850", "price": "2993.69000000", "time": "2025-07-14T18:10:15.084726Z", "fetched_at": "2025-07-14T18:10:49.790157+00:00", "symbol": "ETH-USD"}, {"trade_id": 666939989, "side": "sell", "size": "0.59172602", "price": "2993.66000000", "time": "2025-07-14T18:10:15.084726Z", "fetched_at": "2025-07-14T18:10:49.790157+00:00", "symbol": "ETH-USD"}, {"trade_id": 666939988, "side": "sell", "size": "0.24337420", "price": "2993.66000000", "time": "2025-07-14T18:10:15.084550Z", "fetched_at": "2025-07-14T18:10:49.790157+00:00", "symbol": "ETH-USD"}, {"trade_id": 666939987, "side": "sell", "size": "0.50106013", "price": "2993.65000000", "time": "2025-07-14T18:10:15.084550Z", "fetched_at": "2025-07-14T18:10:49.790157+00:00", "symbol": "ETH-USD"}, {"trade_id": 666939986, "side": "sell", "size": "0.35495707", "price": "2993.55000000", "time": "2025-07-14T18:10:15.084550Z", "fetched_at": "2025-07-14T18:10:49.790157+00:00", "symbol": "ETH-USD"}, {"trade_id": 666939985, "side": "sell", "size": "1.33616035", "price": "2993.55000000", "time": "2025-07-14T18:10:15.084539Z", "fetched_at": "2025-07-14T18:10:49.790157+00:00", "symbol": "ETH-USD"}, {"trade_id": 666939984, "side": "sell", "size": "1.69111742", "price": "2993.40000000", "time": "2025-07-14T18:10:15.084198Z", "fetched_at": "2025-07-14T18:10:49.790157+00:00", "symbol": "ETH-USD"}, {"trade_id": 666939983, "side": "sell", "size": "0.16703470", "price": "2993.39000000", "time": "2025-07-14T18:10:14.923696Z", "fetched_at": "2025-07-14T18:10:49.790157+00:00", "symbol": "ETH-USD"}, {"trade_id": 666939982, "side": "sell", "size": "0.16703525", "price": "2993.38000000", "time": "2025-07-14T18:10:14.923696Z", "fetched_at": "2025-07-14T18:10:49.790157+00:00", "symbol": "ETH-USD"}, {"trade_id": 666939981, "side": "buy", "size": "0.01353606", "price": "2993.31000000", "time": "2025-07-14T18:10:14.608028Z", "fetched_at": "2025-07-14T18:10:49.790157+00:00", "symbol": "ETH-USD"}, {"trade_id": 666939980, "side": "sell", "size": "0.16705322", "price": "2993.06000000", "time": "2025-07-14T18:10:14.109771Z", "fetched_at": "2025-07-14T18:10:49.790157+00:00", "symbol": "ETH-USD"}, {"trade_id": 666939979, "side": "buy", "size": "0.03842419", "price": "2992.95000000", "time": "2025-07-14T18:10:13.985723Z", "fetched_at": "2025-07-14T18:10:49.790157+00:00", "symbol": "ETH-USD"}, {"trade_id": 666939978, "side": "buy", "size": "0.00523227", "price": "2992.96000000", "time": "2025-07-14T18:10:13.985723Z", "fetched_at": "2025-07-14T18:10:49.790157+00:00", "symbol": "ETH-USD"}, {"trade_id": 666939977, "side": "buy", "size": "2.39774003", "price": "2993.30000000", "time": "2025-07-14T18:10:13.635630Z", "fetched_at": "2025-07-14T18:10:49.790157+00:00", "symbol": "ETH-USD"}, {"trade_id": 666939976, "side": "buy", "size": "0.00100000", "price": "2993.32000000", "time": "2025-07-14T18:10:13.635630Z", "fetched_at": "2025-07-14T18:10:49.790157+00:00", "symbol": "ETH-USD"}, {"trade_id": 666939975, "side": "sell", "size": "0.00159723", "price": "2993.33000000", "time": "2025-07-14T18:10:13.629389Z", "fetched_at": "2025-07-14T18:10:49.790157+00:00", "symbol": "ETH-USD"}, {"trade_id": 666939974, "side": "sell", "size": "0.16703804", "price": "2993.33000000", "time": "2025-07-14T18:10:13.629389Z", "fetched_at": "2025-07-14T18:10:49.790157+00:00", "symbol": "ETH-USD"}, {"trade_id": 666939973, "side": "buy", "size": "1.66089631", "price": "2993.67000000", "time": "2025-07-14T18:10:13.471535Z", "fetched_at": "2025-07-14T18:10:49.790157+00:00", "symbol": "ETH-USD"}, {"trade_id": 666939972, "side": "sell", "size": "0.18943000", "price": "2993.61000000", "time": "2025-07-14T18:10:13.460404Z", "fetched_at": "2025-07-14T18:10:49.790157+00:00", "symbol": "ETH-USD"}, {"trade_id": 666939971, "side": "sell", "size": "0.48600000", "price": "2993.61000000", "time": "2025-07-14T18:10:13.460404Z", "fetched_at": "2025-07-14T18:10:49.790157+00:00", "symbol": "ETH-USD"}, {"trade_id": 666939970, "side": "buy", "size": "0.00000001", "price": "2993.59000000", "time": "2025-07-14T18:10:13.460346Z", "fetched_at": "2025-07-14T18:10:49.790157+00:00", "symbol": "ETH-USD"}, {"trade_id": 666939969, "side": "buy", "size": "0.10215098", "price": "2993.60000000", "time": "2025-07-14T18:10:13.460346Z", "fetched_at": "2025-07-14T18:10:49.790157+00:00", "symbol": "ETH-USD"}, {"trade_id": 666939968, "side": "buy", "size": "0.00606552", "price": "2993.97000000", "time": "2025-07-14T18:10:13.194368Z", "fetched_at": "2025-07-14T18:10:49.790157+00:00", "symbol": "ETH-USD"}, {"trade_id": 666939967, "side": "buy", "size": "0.00000334", "price": "2993.97000000", "time": "2025-07-14T18:10:13.113008Z", "fetched_at": "2025-07-14T18:10:49.790157+00:00", "symbol": "ETH-USD"}, {"trade_id": 666939966, "side": "sell", "size": "0.01689000", "price": "2993.98000000", "time": "2025-07-14T18:10:13.103762Z", "fetched_at": "2025-07-14T18:10:49.790157+00:00", "symbol": "ETH-USD"}, {"trade_id": 666939965, "side": "sell", "size": "0.01625445", "price": "2993.98000000", "time": "2025-07-14T18:10:13.103463Z", "fetched_at": "2025-07-14T18:10:49.790157+00:00", "symbol": "ETH-USD"}, {"trade_id": 666939964, "side": "sell", "size": "0.00063555", "price": "2993.98000000", "time": "2025-07-14T18:10:13.103463Z", "fetched_at": "2025-07-14T18:10:49.790157+00:00", "symbol": "ETH-USD"}, {"trade_id": 666939963, "side": "buy", "size": "0.00002936", "price": "2993.97000000", "time": "2025-07-14T18:10:12.809926Z", "fetched_at": "2025-07-14T18:10:49.790157+00:00", "symbol": "ETH-USD"}, {"trade_id": 666939962, "side": "buy", "size": "0.40698139", "price": "2994.13000000", "time": "2025-07-14T18:10:12.809926Z", "fetched_at": "2025-07-14T18:10:49.790157+00:00", "symbol": "ETH-USD"}, {"trade_id": 666939961, "side": "sell", "size": "0.16700066", "price": "2994.00000000", "time": "2025-07-14T18:10:12.804849Z", "fetched_at": "2025-07-14T18:10:49.790157+00:00", "symbol": "ETH-USD"}, {"trade_id": 666939960, "side": "sell", "size": "0.53668662", "price": "2993.98000000", "time": "2025-07-14T18:10:12.804849Z", "fetched_at": "2025-07-14T18:10:49.790157+00:00", "symbol": "ETH-USD"}, {"trade_id": 666939959, "side": "sell", "size": "0.00151720", "price": "2993.98000000", "time": "2025-07-14T18:10:12.804849Z", "fetched_at": "2025-07-14T18:10:49.790157+00:00", "symbol": "ETH-USD"}, {"trade_id": 666939958, "side": "sell", "size": "0.43772000", "price": "2993.98000000", "time": "2025-07-14T18:10:12.804849Z", "fetched_at": "2025-07-14T18:10:49.790157+00:00", "symbol": "ETH-USD"}, {"trade_id": 666939957, "side": "sell", "size": "0.48600000", "price": "2993.98000000", "time": "2025-07-14T18:10:12.804849Z", "fetched_at": "2025-07-14T18:10:49.790157+00:00", "symbol": "ETH-USD"}, {"trade_id": 666939956, "side": "sell", "size": "0.07221750", "price": "2994.39000000", "time": "2025-07-14T18:10:12.696425Z", "fetched_at": "2025-07-14T18:10:49.790157+00:00", "symbol": "ETH-USD"}, {"trade_id": 666939955, "side": "sell", "size": "0.46878328", "price": "2994.38000000", "time": "2025-07-14T18:10:12.696425Z", "fetched_at": "2025-07-14T18:10:49.790157+00:00", "symbol": "ETH-USD"}, {"trade_id": 666939954, "side": "sell", "size": "1.26731030", "price": "2994.37000000", "time": "2025-07-14T18:10:12.696425Z", "fetched_at": "2025-07-14T18:10:49.790157+00:00", "symbol": "ETH-USD"}, {"trade_id": 666939953, "side": "sell", "size": "0.00151720", "price": "2994.37000000", "time": "2025-07-14T18:10:12.696425Z", "fetched_at": "2025-07-14T18:10:49.790157+00:00", "symbol": "ETH-USD"}, {"trade_id": 666939952, "side": "sell", "size": "0.83492804", "price": "2994.27000000", "time": "2025-07-14T18:10:12.696425Z", "fetched_at": "2025-07-14T18:10:49.790157+00:00", "symbol": "ETH-USD"}, {"trade_id": 666939951, "side": "sell", "size": "0.48600000", "price": "2994.01000000", "time": "2025-07-14T18:10:12.696425Z", "fetched_at": "2025-07-14T18:10:49.790157+00:00", "symbol": "ETH-USD"}, {"trade_id": 666939950, "side": "buy", "size": "6.02377057", "price": "2994.37000000", "time": "2025-07-14T18:10:12.602165Z", "fetched_at": "2025-07-14T18:10:49.790157+00:00", "symbol": "ETH-USD"}, {"trade_id": 666939949, "side": "buy", "size": "0.01606347", "price": "2994.37000000", "time": "2025-07-14T18:10:12.602165Z", "fetched_at": "2025-07-14T18:10:49.790157+00:00", "symbol": "ETH-USD"}, {"trade_id": 666939948, "side": "buy", "size": "0.59084007", "price": "2994.44000000", "time": "2025-07-14T18:10:12.578921Z", "fetched_at": "2025-07-14T18:10:49.790157+00:00", "symbol": "ETH-USD"}, {"trade_id": 666939947, "side": "sell", "size": "0.55475881", "price": "2994.93000000", "time": "2025-07-14T18:10:12.522800Z", "fetched_at": "2025-07-14T18:10:49.790157+00:00", "symbol": "ETH-USD"}, {"trade_id": 666939946, "side": "sell", "size": "0.03445825", "price": "2994.92000000", "time": "2025-07-14T18:10:12.522800Z", "fetched_at": "2025-07-14T18:10:49.790157+00:00", "symbol": "ETH-USD"}, {"trade_id": 666939945, "side": "sell", "size": "0.00151720", "price": "2994.91000000", "time": "2025-07-14T18:10:12.522800Z", "fetched_at": "2025-07-14T18:10:49.790157+00:00", "symbol": "ETH-USD"}, {"trade_id": 666939944, "side": "sell", "size": "0.48600000", "price": "2994.71000000", "time": "2025-07-14T18:10:12.522800Z", "fetched_at": "2025-07-14T18:10:49.790157+00:00", "symbol": "ETH-USD"}, {"trade_id": 666939943, "side": "sell", "size": "0.79404101", "price": "2994.50000000", "time": "2025-07-14T18:10:12.189351Z", "fetched_at": "2025-07-14T18:10:49.790157+00:00", "symbol": "ETH-USD"}, {"trade_id": 666939942, "side": "sell", "size": "0.00005192", "price": "2994.50000000", "time": "2025-07-14T18:10:12.092405Z", "fetched_at": "2025-07-14T18:10:49.790157+00:00", "symbol": "ETH-USD"}, {"trade_id": 666939941, "side": "sell", "size": "0.00151720", "price": "2994.49000000", "time": "2025-07-14T18:10:12.092405Z", "fetched_at": "2025-07-14T18:10:49.790157+00:00", "symbol": "ETH-USD"}, {"trade_id": 666939940, "side": "sell", "size": "0.01689000", "price": "2994.50000000", "time": "2025-07-14T18:10:12.085171Z", "fetched_at": "2025-07-14T18:10:49.790157+00:00", "symbol": "ETH-USD"}, {"trade_id": 666939939, "side": "sell", "size": "0.01689000", "price": "2994.50000000", "time": "2025-07-14T18:10:12.084963Z", "fetched_at": "2025-07-14T18:10:49.790157+00:00", "symbol": "ETH-USD"}, {"trade_id": 666939938, "side": "sell", "size": "0.28307000", "price": "2994.40000000", "time": "2025-07-14T18:10:12.084735Z", "fetched_at": "2025-07-14T18:10:49.790157+00:00", "symbol": "ETH-USD"}, {"trade_id": 666939937, "side": "sell", "size": "0.01689000", "price": "2994.40000000", "time": "2025-07-14T18:10:12.084725Z", "fetched_at": "2025-07-14T18:10:49.790157+00:00", "symbol": "ETH-USD"}, {"trade_id": 666939936, "side": "sell", "size": "0.33374000", "price": "2994.38000000", "time": "2025-07-14T18:10:12.084279Z", "fetched_at": "2025-07-14T18:10:49.790157+00:00", "symbol": "ETH-USD"}, {"trade_id": 666939935, "side": "sell", "size": "0.48600000", "price": "2994.38000000", "time": "2025-07-14T18:10:12.084279Z", "fetched_at": "2025-07-14T18:10:49.790157+00:00", "symbol": "ETH-USD"}, {"trade_id": 666939934, "side": "sell", "size": "0.13319947", "price": "2994.38000000", "time": "2025-07-14T18:10:12.084279Z", "fetched_at": "2025-07-14T18:10:49.790157+00:00", "symbol": "ETH-USD"}, {"trade_id": 666939933, "side": "sell", "size": "0.01689000", "price": "2994.38000000", "time": "2025-07-14T18:10:12.084142Z", "fetched_at": "2025-07-14T18:10:49.790157+00:00", "symbol": "ETH-USD"}, {"trade_id": 666939932, "side": "sell", "size": "0.01689000", "price": "2994.38000000", "time": "2025-07-14T18:10:12.083782Z", "fetched_at": "2025-07-14T18:10:49.790157+00:00", "symbol": "ETH-USD"}, {"trade_id": 666939931, "side": "buy", "size": "0.00002004", "price": "2994.35000000", "time": "2025-07-14T18:10:12.081247Z", "fetched_at": "2025-07-14T18:10:49.790157+00:00", "symbol": "ETH-USD"}, {"trade_id": 666939930, "side": "buy", "size": "0.19526645", "price": "2994.37000000", "time": "2025-07-14T18:10:12.081247Z", "fetched_at": "2025-07-14T18:10:49.790157+00:00", "symbol": "ETH-USD"}, {"trade_id": 666939929, "side": "buy", "size": "0.00290211", "price": "2994.37000000", "time": "2025-07-14T18:10:12.081247Z", "fetched_at": "2025-07-14T18:10:49.790157+00:00", "symbol": "ETH-USD"}, {"trade_id": 666939928, "side": "buy", "size": "0.22576377", "price": "2994.65000000", "time": "2025-07-14T18:10:11.491889Z", "fetched_at": "2025-07-14T18:10:49.790157+00:00", "symbol": "ETH-USD"}, {"trade_id": 666939927, "side": "sell", "size": "0.00004834", "price": "2994.90000000", "time": "2025-07-14T18:10:11.362107Z", "fetched_at": "2025-07-14T18:10:49.790157+00:00", "symbol": "ETH-USD"}, {"trade_id": 666939926, "side": "sell", "size": "0.00152086", "price": "2994.89000000", "time": "2025-07-14T18:10:11.362107Z", "fetched_at": "2025-07-14T18:10:49.790157+00:00", "symbol": "ETH-USD"}, {"trade_id": 666939925, "side": "sell", "size": "0.52844634", "price": "2994.38000000", "time": "2025-07-14T18:10:11.106187Z", "fetched_at": "2025-07-14T18:10:49.790157+00:00", "symbol": "ETH-USD"}, {"trade_id": 666939924, "side": "sell", "size": "0.30879878", "price": "2994.38000000", "time": "2025-07-14T18:10:11.105455Z", "fetched_at": "2025-07-14T18:10:49.790157+00:00", "symbol": "ETH-USD"}, {"trade_id": 666939923, "side": "sell", "size": "0.00229893", "price": "2994.38000000", "time": "2025-07-14T18:10:11.105455Z", "fetched_at": "2025-07-14T18:10:49.790157+00:00", "symbol": "ETH-USD"}, {"trade_id": 666939922, "side": "sell", "size": "0.00002214", "price": "2994.38000000", "time": "2025-07-14T18:10:11.105455Z", "fetched_at": "2025-07-14T18:10:49.790157+00:00", "symbol": "ETH-USD"}, {"trade_id": 666939921, "side": "sell", "size": "0.00152988", "price": "2994.38000000", "time": "2025-07-14T18:10:10.861071Z", "fetched_at": "2025-07-14T18:10:49.790157+00:00", "symbol": "ETH-USD"}, {"trade_id": 666939920, "side": "sell", "size": "0.00643764", "price": "2994.38000000", "time": "2025-07-14T18:10:10.855595Z", "fetched_at": "2025-07-14T18:10:49.790157+00:00", "symbol": "ETH-USD"}, {"trade_id": 666939919, "side": "sell", "size": "0.00031003", "price": "2994.38000000", "time": "2025-07-14T18:10:10.855595Z", "fetched_at": "2025-07-14T18:10:49.790157+00:00", "symbol": "ETH-USD"}, {"trade_id": 666939918, "side": "sell", "size": "0.00152988", "price": "2994.38000000", "time": "2025-07-14T18:10:10.855595Z", "fetched_at": "2025-07-14T18:10:49.790157+00:00", "symbol": "ETH-USD"}, {"trade_id": 666939917, "side": "sell", "size": "0.39897000", "price": "2994.38000000", "time": "2025-07-14T18:10:10.820730Z", "fetched_at": "2025-07-14T18:10:49.790157+00:00", "symbol": "ETH-USD"}, {"trade_id": 666939916, "side": "sell", "size": "0.00152988", "price": "2994.38000000", "time": "2025-07-14T18:10:10.820730Z", "fetched_at": "2025-07-14T18:10:49.790157+00:00", "symbol": "ETH-USD"}, {"trade_id": 666939915, "side": "sell", "size": "0.62288918", "price": "2994.38000000", "time": "2025-07-14T18:10:10.775329Z", "fetched_at": "2025-07-14T18:10:49.790157+00:00", "symbol": "ETH-USD"}, {"trade_id": 666939914, "side": "sell", "size": "0.31740998", "price": "2994.38000000", "time": "2025-07-14T18:10:10.775329Z", "fetched_at": "2025-07-14T18:10:49.790157+00:00", "symbol": "ETH-USD"}, {"trade_id": 666939913, "side": "sell", "size": "0.24269000", "price": "2994.38000000", "time": "2025-07-14T18:10:10.775329Z", "fetched_at": "2025-07-14T18:10:49.790157+00:00", "symbol": "ETH-USD"}, {"trade_id": 666939912, "side": "sell", "size": "0.39792000", "price": "2994.38000000", "time": "2025-07-14T18:10:10.775329Z", "fetched_at": "2025-07-14T18:10:49.790157+00:00", "symbol": "ETH-USD"}, {"trade_id": 666939911, "side": "sell", "size": "0.00152988", "price": "2994.38000000", "time": "2025-07-14T18:10:10.775329Z", "fetched_at": "2025-07-14T18:10:49.790157+00:00", "symbol": "ETH-USD"}, {"trade_id": 666939910, "side": "buy", "size": "0.07371000", "price": "2994.38000000", "time": "2025-07-14T18:10:10.603283Z", "fetched_at": "2025-07-14T18:10:49.790157+00:00", "symbol": "ETH-USD"}, {"trade_id": 666939909, "side": "sell", "size": "0.00180836", "price": "2994.39000000", "time": "2025-07-14T18:10:10.598407Z", "fetched_at": "2025-07-14T18:10:49.790157+00:00", "symbol": "ETH-USD"}, {"trade_id": 666939908, "side": "sell", "size": "0.00152988", "price": "2994.39000000", "time": "2025-07-14T18:10:10.598407Z", "fetched_at": "2025-07-14T18:10:49.790157+00:00", "symbol": "ETH-USD"}, {"trade_id": 666939907, "side": "sell", "size": "0.40000000", "price": "2994.87000000", "time": "2025-07-14T18:10:10.407667Z", "fetched_at": "2025-07-14T18:10:49.790157+00:00", "symbol": "ETH-USD"}, {"trade_id": 666939906, "side": "sell", "size": "0.20000000", "price": "2994.87000000", "time": "2025-07-14T18:10:10.407667Z", "fetched_at": "2025-07-14T18:10:49.790157+00:00", "symbol": "ETH-USD"}, {"trade_id": 666939905, "side": "sell", "size": "0.00049385", "price": "2994.86000000", "time": "2025-07-14T18:10:10.407667Z", "fetched_at": "2025-07-14T18:10:49.790157+00:00", "symbol": "ETH-USD"}, {"trade_id": 666939904, "side": "sell", "size": "2.36882213", "price": "2994.85000000", "time": "2025-07-14T18:10:10.407667Z", "fetched_at": "2025-07-14T18:10:49.790157+00:00", "symbol": "ETH-USD"}, {"trade_id": 666939903, "side": "sell", "size": "0.08723747", "price": "2994.84000000", "time": "2025-07-14T18:10:10.407667Z", "fetched_at": "2025-07-14T18:10:49.790157+00:00", "symbol": "ETH-USD"}, {"trade_id": 666939902, "side": "sell", "size": "0.16300891", "price": "2994.50000000", "time": "2025-07-14T18:10:10.377118Z", "fetched_at": "2025-07-14T18:10:49.790157+00:00", "symbol": "ETH-USD"}, {"trade_id": 666939901, "side": "sell", "size": "0.00049385", "price": "2994.49000000", "time": "2025-07-14T18:10:10.377118Z", "fetched_at": "2025-07-14T18:10:49.790157+00:00", "symbol": "ETH-USD"}, {"trade_id": 666939900, "side": "sell", "size": "3.66881012", "price": "2994.38000000", "time": "2025-07-14T18:10:10.344951Z", "fetched_at": "2025-07-14T18:10:49.790157+00:00", "symbol": "ETH-USD"}, {"trade_id": 666939899, "side": "sell", "size": "3.04452863", "price": "2994.38000000", "time": "2025-07-14T18:10:10.344861Z", "fetched_at": "2025-07-14T18:10:49.790157+00:00", "symbol": "ETH-USD"}, {"trade_id": 666939898, "side": "sell", "size": "0.16251506", "price": "2994.38000000", "time": "2025-07-14T18:10:10.344070Z", "fetched_at": "2025-07-14T18:10:49.790157+00:00", "symbol": "ETH-USD"}, {"trade_id": 666939897, "side": "sell", "size": "0.00049385", "price": "2994.30000000", "time": "2025-07-14T18:10:10.344070Z", "fetched_at": "2025-07-14T18:10:49.790157+00:00", "symbol": "ETH-USD"}, {"trade_id": 666939896, "side": "buy", "size": "4.41347000", "price": "2994.11000000", "time": "2025-07-14T18:10:10.325422Z", "fetched_at": "2025-07-14T18:10:49.790157+00:00", "symbol": "ETH-USD"}, {"trade_id": 666939895, "side": "sell", "size": "2.74717179", "price": "2994.51000000", "time": "2025-07-14T18:10:10.324149Z", "fetched_at": "2025-07-14T18:10:49.790157+00:00", "symbol": "ETH-USD"}, {"trade_id": 666939894, "side": "sell", "size": "0.00049385", "price": "2994.49000000", "time": "2025-07-14T18:10:10.324149Z", "fetched_at": "2025-07-14T18:10:49.790157+00:00", "symbol": "ETH-USD"}, {"trade_id": 666939893, "side": "sell", "size": "0.83437347", "price": "2994.49000000", "time": "2025-07-14T18:10:10.322188Z", "fetched_at": "2025-07-14T18:10:49.790157+00:00", "symbol": "ETH-USD"}, {"trade_id": 666939892, "side": "sell", "size": "0.00049385", "price": "2994.48000000", "time": "2025-07-14T18:10:10.322188Z", "fetched_at": "2025-07-14T18:10:49.790157+00:00", "symbol": "ETH-USD"}, {"trade_id": 666939891, "side": "sell", "size": "4.13912866", "price": "2994.31000000", "time": "2025-07-14T18:10:10.314561Z", "fetched_at": "2025-07-14T18:10:49.790157+00:00", "symbol": "ETH-USD"}, {"trade_id": 666939890, "side": "sell", "size": "0.15000000", "price": "2994.30000000", "time": "2025-07-14T18:10:10.314561Z", "fetched_at": "2025-07-14T18:10:49.790157+00:00", "symbol": "ETH-USD"}, {"trade_id": 666939889, "side": "sell", "size": "0.00049385", "price": "2994.30000000", "time": "2025-07-14T18:10:10.314561Z", "fetched_at": "2025-07-14T18:10:49.790157+00:00", "symbol": "ETH-USD"}, {"trade_id": 666939888, "side": "sell", "size": "0.14973269", "price": "2994.28000000", "time": "2025-07-14T18:10:10.314561Z", "fetched_at": "2025-07-14T18:10:49.790157+00:00", "symbol": "ETH-USD"}, {"trade_id": 666939887, "side": "sell", "size": "0.04452507", "price": "2994.29000000", "time": "2025-07-14T18:10:10.290898Z", "fetched_at": "2025-07-14T18:10:49.790157+00:00", "symbol": "ETH-USD"}, {"trade_id": 666939886, "side": "sell", "size": "0.15000000", "price": "2993.79000000", "time": "2025-07-14T18:10:10.290898Z", "fetched_at": "2025-07-14T18:10:49.790157+00:00", "symbol": "ETH-USD"}, {"trade_id": 666939885, "side": "sell", "size": "0.37437173", "price": "2993.80000000", "time": "2025-07-14T18:10:10.288878Z", "fetched_at": "2025-07-14T18:10:49.790157+00:00", "symbol": "ETH-USD"}, {"trade_id": 666939884, "side": "sell", "size": "0.32207722", "price": "2993.38000000", "time": "2025-07-14T18:10:10.288399Z", "fetched_at": "2025-07-14T18:10:49.790157+00:00", "symbol": "ETH-USD"}, {"trade_id": 666939883, "side": "sell", "size": "0.25842065", "price": "2993.81000000", "time": "2025-07-14T18:10:10.268837Z", "fetched_at": "2025-07-14T18:10:49.790157+00:00", "symbol": "ETH-USD"}, {"trade_id": 666939882, "side": "sell", "size": "0.08806325", "price": "2993.80000000", "time": "2025-07-14T18:10:10.268837Z", "fetched_at": "2025-07-14T18:10:49.790157+00:00", "symbol": "ETH-USD"}, {"trade_id": 666939881, "side": "buy", "size": "1.25329614", "price": "2993.51000000", "time": "2025-07-14T18:10:10.263423Z", "fetched_at": "2025-07-14T18:10:49.790157+00:00", "symbol": "ETH-USD"}, {"trade_id": 666939880, "side": "buy", "size": "0.48600000", "price": "2993.58000000", "time": "2025-07-14T18:10:10.263423Z", "fetched_at": "2025-07-14T18:10:49.790157+00:00", "symbol": "ETH-USD"}, {"trade_id": 666939879, "side": "sell", "size": "0.22881463", "price": "2993.80000000", "time": "2025-07-14T18:10:10.255493Z", "fetched_at": "2025-07-14T18:10:49.790157+00:00", "symbol": "ETH-USD"}, {"trade_id": 666939878, "side": "buy", "size": "1.56824996", "price": "2993.27000000", "time": "2025-07-14T18:10:10.253281Z", "fetched_at": "2025-07-14T18:10:49.790157+00:00", "symbol": "ETH-USD"}, {"trade_id": 666939877, "side": "buy", "size": "2.34296737", "price": "2993.57000000", "time": "2025-07-14T18:10:10.253281Z", "fetched_at": "2025-07-14T18:10:49.790157+00:00", "symbol": "ETH-USD"}, {"trade_id": 666939876, "side": "buy", "size": "0.31940496", "price": "2992.31000000", "time": "2025-07-14T18:10:10.237013Z", "fetched_at": "2025-07-14T18:10:49.790157+00:00", "symbol": "ETH-USD"}, {"trade_id": 666939875, "side": "buy", "size": "0.00031493", "price": "2992.44000000", "time": "2025-07-14T18:10:10.237013Z", "fetched_at": "2025-07-14T18:10:49.790157+00:00", "symbol": "ETH-USD"}, {"trade_id": 666939874, "side": "buy", "size": "0.48600000", "price": "2992.51000000", "time": "2025-07-14T18:10:10.237013Z", "fetched_at": "2025-07-14T18:10:49.790157+00:00", "symbol": "ETH-USD"}, {"trade_id": 666939873, "side": "buy", "size": "0.00120837", "price": "2992.51000000", "time": "2025-07-14T18:10:10.237013Z", "fetched_at": "2025-07-14T18:10:49.790157+00:00", "symbol": "ETH-USD"}, {"trade_id": 666939872, "side": "buy", "size": "0.04990716", "price": "2992.72000000", "time": "2025-07-14T18:10:10.237013Z", "fetched_at": "2025-07-14T18:10:49.790157+00:00", "symbol": "ETH-USD"}, {"trade_id": 666939871, "side": "buy", "size": "0.00012915", "price": "2992.73000000", "time": "2025-07-14T18:10:10.237013Z", "fetched_at": "2025-07-14T18:10:49.790157+00:00", "symbol": "ETH-USD"}, {"trade_id": 666939870, "side": "buy", "size": "0.00609585", "price": "2992.76000000", "time": "2025-07-14T18:10:10.237013Z", "fetched_at": "2025-07-14T18:10:49.790157+00:00", "symbol": "ETH-USD"}, {"trade_id": 666939869, "side": "buy", "size": "0.04276875", "price": "2992.84000000", "time": "2025-07-14T18:10:10.237013Z", "fetched_at": "2025-07-14T18:10:49.790157+00:00", "symbol": "ETH-USD"}, {"trade_id": 666939868, "side": "buy", "size": "0.00334130", "price": "2992.85000000", "time": "2025-07-14T18:10:10.237013Z", "fetched_at": "2025-07-14T18:10:49.790157+00:00", "symbol": "ETH-USD"}, {"trade_id": 666939867, "side": "buy", "size": "0.00100000", "price": "2992.88000000", "time": "2025-07-14T18:10:10.237013Z", "fetched_at": "2025-07-14T18:10:49.790157+00:00", "symbol": "ETH-USD"}, {"trade_id": 666939866, "side": "buy", "size": "0.53179361", "price": "2992.92000000", "time": "2025-07-14T18:10:10.237013Z", "fetched_at": "2025-07-14T18:10:49.790157+00:00", "symbol": "ETH-USD"}, {"trade_id": 666939865, "side": "buy", "size": "0.54284453", "price": "2992.92000000", "time": "2025-07-14T18:10:10.237013Z", "fetched_at": "2025-07-14T18:10:49.790157+00:00", "symbol": "ETH-USD"}, {"trade_id": 666939864, "side": "buy", "size": "0.07228540", "price": "2992.93000000", "time": "2025-07-14T18:10:10.237013Z", "fetched_at": "2025-07-14T18:10:49.790157+00:00", "symbol": "ETH-USD"}, {"trade_id": 666939863, "side": "buy", "size": "0.46911000", "price": "2992.94000000", "time": "2025-07-14T18:10:10.237013Z", "fetched_at": "2025-07-14T18:10:49.790157+00:00", "symbol": "ETH-USD"}, {"trade_id": 666939862, "side": "buy", "size": "0.01689000", "price": "2992.94000000", "time": "2025-07-14T18:10:10.237013Z", "fetched_at": "2025-07-14T18:10:49.790157+00:00", "symbol": "ETH-USD"}, {"trade_id": 666939861, "side": "sell", "size": "0.05000000", "price": "2994.33000000", "time": "2025-07-14T18:10:10.190322Z", "fetched_at": "2025-07-14T18:10:49.790157+00:00", "symbol": "ETH-USD"}, {"trade_id": 666939860, "side": "sell", "size": "0.15000000", "price": "2993.89000000", "time": "2025-07-14T18:10:10.190322Z", "fetched_at": "2025-07-14T18:10:49.790157+00:00", "symbol": "ETH-USD"}, {"trade_id": 666939859, "side": "buy", "size": "0.00104518", "price": "2993.02000000", "time": "2025-07-14T18:10:10.177593Z", "fetched_at": "2025-07-14T18:10:49.790157+00:00", "symbol": "ETH-USD"}, {"trade_id": 666939858, "side": "buy", "size": "0.15000000", "price": "2993.11000000", "time": "2025-07-14T18:10:10.177593Z", "fetched_at": "2025-07-14T18:10:49.790157+00:00", "symbol": "ETH-USD"}, {"trade_id": 666939857, "side": "buy", "size": "0.48600000", "price": "2993.11000000", "time": "2025-07-14T18:10:10.177593Z", "fetched_at": "2025-07-14T18:10:49.790157+00:00", "symbol": "ETH-USD"}, {"trade_id": 666939856, "side": "buy", "size": "0.34275463", "price": "2993.75000000", "time": "2025-07-14T18:10:10.170699Z", "fetched_at": "2025-07-14T18:10:49.790157+00:00", "symbol": "ETH-USD"}, {"trade_id": 666939855, "side": "sell", "size": "2.33064524", "price": "2993.03000000", "time": "2025-07-14T18:10:10.160126Z", "fetched_at": "2025-07-14T18:10:49.790157+00:00", "symbol": "ETH-USD"}, {"trade_id": 666939854, "side": "sell", "size": "2.07999901", "price": "2993.03000000", "time": "2025-07-14T18:10:10.160115Z", "fetched_at": "2025-07-14T18:10:49.790157+00:00", "symbol": "ETH-USD"}, {"trade_id": 666939853, "side": "sell", "size": "0.90980000", "price": "2993.03000000", "time": "2025-07-14T18:10:10.160096Z", "fetched_at": "2025-07-14T18:10:49.790157+00:00", "symbol": "ETH-USD"}, {"trade_id": 666939852, "side": "sell", "size": "0.00840000", "price": "2993.03000000", "time": "2025-07-14T18:10:10.159056Z", "fetched_at": "2025-07-14T18:10:49.790157+00:00", "symbol": "ETH-USD"}, {"trade_id": 666939851, "side": "sell", "size": "4.21995818", "price": "2993.03000000", "time": "2025-07-14T18:10:10.159008Z", "fetched_at": "2025-07-14T18:10:49.790157+00:00", "symbol": "ETH-USD"}, {"trade_id": 666939850, "side": "sell", "size": "1.84561757", "price": "2993.03000000", "time": "2025-07-14T18:10:10.158982Z", "fetched_at": "2025-07-14T18:10:49.790157+00:00", "symbol": "ETH-USD"}, {"trade_id": 666939849, "side": "buy", "size": "0.68336423", "price": "2993.09000000", "time": "2025-07-14T18:10:10.150932Z", "fetched_at": "2025-07-14T18:10:49.790157+00:00", "symbol": "ETH-USD"}, {"trade_id": 666939848, "side": "buy", "size": "3.02240577", "price": "2993.10000000", "time": "2025-07-14T18:10:10.150932Z", "fetched_at": "2025-07-14T18:10:49.790157+00:00", "symbol": "ETH-USD"}, {"trade_id": 666939847, "side": "buy", "size": "0.48600000", "price": "2993.30000000", "time": "2025-07-14T18:10:10.150756Z", "fetched_at": "2025-07-14T18:10:49.790157+00:00", "symbol": "ETH-USD"}, {"trade_id": 666939846, "side": "sell", "size": "0.01689000", "price": "2993.59000000", "time": "2025-07-14T18:10:10.132670Z", "fetched_at": "2025-07-14T18:10:49.790157+00:00", "symbol": "ETH-USD"}, {"trade_id": 666939845, "side": "buy", "size": "6.20256527", "price": "2993.10000000", "time": "2025-07-14T18:10:10.131008Z", "fetched_at": "2025-07-14T18:10:49.790157+00:00", "symbol": "ETH-USD"}, {"trade_id": 666939844, "side": "buy", "size": "1.51793385", "price": "2993.12000000", "time": "2025-07-14T18:10:10.131008Z", "fetched_at": "2025-07-14T18:10:49.790157+00:00", "symbol": "ETH-USD"}, {"trade_id": 666939843, "side": "buy", "size": "0.16703092", "price": "2993.45000000", "time": "2025-07-14T18:10:10.131008Z", "fetched_at": "2025-07-14T18:10:49.790157+00:00", "symbol": "ETH-USD"}, {"trade_id": 666939842, "side": "buy", "size": "0.25545514", "price": "2993.53000000", "time": "2025-07-14T18:10:10.129981Z", "fetched_at": "2025-07-14T18:10:49.790157+00:00", "symbol": "ETH-USD"}, {"trade_id": 666939841, "side": "buy", "size": "4.74134556", "price": "2993.12000000", "time": "2025-07-14T18:10:10.125522Z", "fetched_at": "2025-07-14T18:10:49.790157+00:00", "symbol": "ETH-USD"}, {"trade_id": 666939840, "side": "buy", "size": "0.01202734", "price": "2993.18000000", "time": "2025-07-14T18:10:10.125522Z", "fetched_at": "2025-07-14T18:10:49.790157+00:00", "symbol": "ETH-USD"}, {"trade_id": 666939839, "side": "buy", "size": "0.03300704", "price": "2993.30000000", "time": "2025-07-14T18:10:10.125522Z", "fetched_at": "2025-07-14T18:10:49.790157+00:00", "symbol": "ETH-USD"}, {"trade_id": 666939838, "side": "buy", "size": "0.00566775", "price": "2993.30000000", "time": "2025-07-14T18:10:10.125522Z", "fetched_at": "2025-07-14T18:10:49.790157+00:00", "symbol": "ETH-USD"}, {"trade_id": 666939837, "side": "buy", "size": "0.09230624", "price": "2994.21000000", "time": "2025-07-14T18:10:10.125522Z", "fetched_at": "2025-07-14T18:10:49.790157+00:00", "symbol": "ETH-USD"}, {"trade_id": 666939836, "side": "sell", "size": "0.00002336", "price": "2994.36000000", "time": "2025-07-14T18:10:10.124585Z", "fetched_at": "2025-07-14T18:10:49.790157+00:00", "symbol": "ETH-USD"}, {"trade_id": 666939835, "side": "buy", "size": "0.06389644", "price": "2993.31000000", "time": "2025-07-14T18:10:10.118999Z", "fetched_at": "2025-07-14T18:10:49.790157+00:00", "symbol": "ETH-USD"}, {"trade_id": 666939834, "side": "buy", "size": "0.15605384", "price": "2993.32000000", "time": "2025-07-14T18:10:10.118999Z", "fetched_at": "2025-07-14T18:10:49.790157+00:00", "symbol": "ETH-USD"}, {"trade_id": 666939833, "side": "buy", "size": "0.00004972", "price": "2993.33000000", "time": "2025-07-14T18:10:10.118999Z", "fetched_at": "2025-07-14T18:10:49.790157+00:00", "symbol": "ETH-USD"}, {"trade_id": 666939832, "side": "buy", "size": "0.06681478", "price": "2993.35000000", "time": "2025-07-14T18:10:10.118999Z", "fetched_at": "2025-07-14T18:10:49.790157+00:00", "symbol": "ETH-USD"}, {"trade_id": 666939831, "side": "buy", "size": "0.99620826", "price": "2993.35000000", "time": "2025-07-14T18:10:10.118999Z", "fetched_at": "2025-07-14T18:10:49.790157+00:00", "symbol": "ETH-USD"}, {"trade_id": 666939830, "side": "buy", "size": "0.17651578", "price": "2993.39000000", "time": "2025-07-14T18:10:10.118999Z", "fetched_at": "2025-07-14T18:10:49.790157+00:00", "symbol": "ETH-USD"}, {"trade_id": 666939829, "side": "buy", "size": "4.09836941", "price": "2993.40000000", "time": "2025-07-14T18:10:10.118999Z", "fetched_at": "2025-07-14T18:10:49.790157+00:00", "symbol": "ETH-USD"}, {"trade_id": 666939828, "side": "buy", "size": "0.01585130", "price": "2993.45000000", "time": "2025-07-14T18:10:10.118999Z", "fetched_at": "2025-07-14T18:10:49.790157+00:00", "symbol": "ETH-USD"}, {"trade_id": 666939827, "side": "buy", "size": "0.00323262", "price": "2993.50000000", "time": "2025-07-14T18:10:10.118999Z", "fetched_at": "2025-07-14T18:10:49.790157+00:00", "symbol": "ETH-USD"}, {"trade_id": 666939826, "side": "buy", "size": "0.15604445", "price": "2993.50000000", "time": "2025-07-14T18:10:10.118999Z", "fetched_at": "2025-07-14T18:10:49.790157+00:00", "symbol": "ETH-USD"}, {"trade_id": 666939825, "side": "buy", "size": "0.00179000", "price": "2993.52000000", "time": "2025-07-14T18:10:10.118999Z", "fetched_at": "2025-07-14T18:10:49.790157+00:00", "symbol": "ETH-USD"}, {"trade_id": 666939824, "side": "buy", "size": "0.00173540", "price": "2993.53000000", "time": "2025-07-14T18:10:10.118999Z", "fetched_at": "2025-07-14T18:10:49.790157+00:00", "symbol": "ETH-USD"}, {"trade_id": 666939823, "side": "buy", "size": "1.00000000", "price": "2993.60000000", "time": "2025-07-14T18:10:10.117156Z", "fetched_at": "2025-07-14T18:10:49.790157+00:00", "symbol": "ETH-USD"}, {"trade_id": 666939822, "side": "buy", "size": "0.35168737", "price": "2993.62000000", "time": "2025-07-14T18:10:10.117156Z", "fetched_at": "2025-07-14T18:10:49.790157+00:00", "symbol": "ETH-USD"}, {"trade_id": 666939821, "side": "buy", "size": "0.00890986", "price": "2993.71000000", "time": "2025-07-14T18:10:10.117156Z", "fetched_at": "2025-07-14T18:10:49.790157+00:00", "symbol": "ETH-USD"}, {"trade_id": 666939820, "side": "buy", "size": "0.00100000", "price": "2993.76000000", "time": "2025-07-14T18:10:10.117156Z", "fetched_at": "2025-07-14T18:10:49.790157+00:00", "symbol": "ETH-USD"}, {"trade_id": 666939819, "side": "buy", "size": "0.00593391", "price": "2993.87000000", "time": "2025-07-14T18:10:10.113981Z", "fetched_at": "2025-07-14T18:10:49.790157+00:00", "symbol": "ETH-USD"}, {"trade_id": 666939818, "side": "buy", "size": "0.00163806", "price": "2993.93000000", "time": "2025-07-14T18:10:10.113981Z", "fetched_at": "2025-07-14T18:10:49.790157+00:00", "symbol": "ETH-USD"}, {"trade_id": 666939817, "side": "buy", "size": "0.24963935", "price": "2993.97000000", "time": "2025-07-14T18:10:10.113981Z", "fetched_at": "2025-07-14T18:10:49.790157+00:00", "symbol": "ETH-USD"}, {"trade_id": 666939816, "side": "buy", "size": "0.22271543", "price": "2994.09000000", "time": "2025-07-14T18:10:10.113981Z", "fetched_at": "2025-07-14T18:10:49.790157+00:00", "symbol": "ETH-USD"}, {"trade_id": 666939815, "side": "buy", "size": "0.00918364", "price": "2994.09000000", "time": "2025-07-14T18:10:10.113981Z", "fetched_at": "2025-07-14T18:10:49.790157+00:00", "symbol": "ETH-USD"}, {"trade_id": 666939814, "side": "buy", "size": "0.00848374", "price": "2994.64000000", "time": "2025-07-14T18:10:10.111363Z", "fetched_at": "2025-07-14T18:10:49.790157+00:00", "symbol": "ETH-USD"}, {"trade_id": 666939813, "side": "buy", "size": "0.36893792", "price": "2994.64000000", "time": "2025-07-14T18:10:10.111363Z", "fetched_at": "2025-07-14T18:10:49.790157+00:00", "symbol": "ETH-USD"}, {"trade_id": 666939812, "side": "buy", "size": "0.24499366", "price": "2994.63000000", "time": "2025-07-14T18:10:10.106904Z", "fetched_at": "2025-07-14T18:10:49.790157+00:00", "symbol": "ETH-USD"}, {"trade_id": 666939811, "side": "buy", "size": "1.80096425", "price": "2994.00000000", "time": "2025-07-14T18:10:10.104514Z", "fetched_at": "2025-07-14T18:10:49.790157+00:00", "symbol": "ETH-USD"}, {"trade_id": 666939810, "side": "buy", "size": "1.16785050", "price": "2994.06000000", "time": "2025-07-14T18:10:10.104388Z", "fetched_at": "2025-07-14T18:10:49.790157+00:00", "symbol": "ETH-USD"}, {"trade_id": 666939809, "side": "buy", "size": "0.34512562", "price": "2994.08000000", "time": "2025-07-14T18:10:10.104388Z", "fetched_at": "2025-07-14T18:10:49.790157+00:00", "symbol": "ETH-USD"}, {"trade_id": 666939808, "side": "buy", "size": "0.00050079", "price": "2994.15000000", "time": "2025-07-14T18:10:10.104388Z", "fetched_at": "2025-07-14T18:10:49.790157+00:00", "symbol": "ETH-USD"}, {"trade_id": 666939807, "side": "buy", "size": "0.00100000", "price": "2994.20000000", "time": "2025-07-14T18:10:10.104388Z", "fetched_at": "2025-07-14T18:10:49.790157+00:00", "symbol": "ETH-USD"}, {"trade_id": 666939806, "side": "buy", "size": "0.12433150", "price": "2995.18000000", "time": "2025-07-14T18:10:10.104388Z", "fetched_at": "2025-07-14T18:10:49.790157+00:00", "symbol": "ETH-USD"}, {"trade_id": 666939805, "side": "buy", "size": "0.02061145", "price": "2994.37000000", "time": "2025-07-14T18:10:10.096364Z", "fetched_at": "2025-07-14T18:10:49.790157+00:00", "symbol": "ETH-USD"}, {"trade_id": 666939804, "side": "buy", "size": "0.00100000", "price": "2994.42000000", "time": "2025-07-14T18:10:10.096364Z", "fetched_at": "2025-07-14T18:10:49.790157+00:00", "symbol": "ETH-USD"}, {"trade_id": 666939803, "side": "buy", "size": "0.22170200", "price": "2995.32000000", "time": "2025-07-14T18:10:10.095560Z", "fetched_at": "2025-07-14T18:10:49.790157+00:00", "symbol": "ETH-USD"}, {"trade_id": 666939802, "side": "buy", "size": "0.92403046", "price": "2994.49000000", "time": "2025-07-14T18:10:10.094452Z", "fetched_at": "2025-07-14T18:10:49.790157+00:00", "symbol": "ETH-USD"}, {"trade_id": 666939801, "side": "buy", "size": "0.38099465", "price": "2994.50000000", "time": "2025-07-14T18:10:10.094452Z", "fetched_at": "2025-07-14T18:10:49.790157+00:00", "symbol": "ETH-USD"}, {"trade_id": 666939800, "side": "buy", "size": "0.25210230", "price": "2994.63000000", "time": "2025-07-14T18:10:10.094452Z", "fetched_at": "2025-07-14T18:10:49.790157+00:00", "symbol": "ETH-USD"}, {"trade_id": 666939799, "side": "buy", "size": "0.35591799", "price": "2994.63000000", "time": "2025-07-14T18:10:10.094452Z", "fetched_at": "2025-07-14T18:10:49.790157+00:00", "symbol": "ETH-USD"}, {"trade_id": 666939798, "side": "buy", "size": "0.00100000", "price": "2994.64000000", "time": "2025-07-14T18:10:10.094452Z", "fetched_at": "2025-07-14T18:10:49.790157+00:00", "symbol": "ETH-USD"}, {"trade_id": 666939797, "side": "buy", "size": "0.50113291", "price": "2996.20000000", "time": "2025-07-14T18:10:10.094004Z", "fetched_at": "2025-07-14T18:10:49.790157+00:00", "symbol": "ETH-USD"}, {"trade_id": 666939796, "side": "buy", "size": "1.30316681", "price": "2994.70000000", "time": "2025-07-14T18:10:10.092712Z", "fetched_at": "2025-07-14T18:10:49.790157+00:00", "symbol": "ETH-USD"}, {"trade_id": 666939795, "side": "buy", "size": "0.06210722", "price": "2994.75000000", "time": "2025-07-14T18:10:10.092515Z", "fetched_at": "2025-07-14T18:10:49.790157+00:00", "symbol": "ETH-USD"}, {"trade_id": 666939794, "side": "buy", "size": "0.20952031", "price": "2994.79000000", "time": "2025-07-14T18:10:10.092515Z", "fetched_at": "2025-07-14T18:10:49.790157+00:00", "symbol": "ETH-USD"}, {"trade_id": 666939793, "side": "buy", "size": "0.03175474", "price": "2994.79000000", "time": "2025-07-14T18:10:10.091956Z", "fetched_at": "2025-07-14T18:10:49.790157+00:00", "symbol": "ETH-USD"}, {"trade_id": 666939792, "side": "buy", "size": "0.00100000", "price": "2994.86000000", "time": "2025-07-14T18:10:10.091956Z", "fetched_at": "2025-07-14T18:10:49.790157+00:00", "symbol": "ETH-USD"}, {"trade_id": 666939791, "side": "buy", "size": "0.00100000", "price": "2995.08000000", "time": "2025-07-14T18:10:10.091956Z", "fetched_at": "2025-07-14T18:10:49.790157+00:00", "symbol": "ETH-USD"}, {"trade_id": 666939790, "side": "buy", "size": "0.00002951", "price": "2995.09000000", "time": "2025-07-14T18:10:10.091956Z", "fetched_at": "2025-07-14T18:10:49.790157+00:00", "symbol": "ETH-USD"}, {"trade_id": 666939789, "side": "buy", "size": "0.12433150", "price": "2995.18000000", "time": "2025-07-14T18:10:10.091956Z", "fetched_at": "2025-07-14T18:10:49.790157+00:00", "symbol": "ETH-USD"}, {"trade_id": 666939788, "side": "buy", "size": "2.37504642", "price": "2995.23000000", "time": "2025-07-14T18:10:10.091956Z", "fetched_at": "2025-07-14T18:10:49.790157+00:00", "symbol": "ETH-USD"}, {"trade_id": 666939787, "side": "buy", "size": "1.31117562", "price": "2995.30000000", "time": "2025-07-14T18:10:10.091956Z", "fetched_at": "2025-07-14T18:10:49.790157+00:00", "symbol": "ETH-USD"}, {"trade_id": 666939786, "side": "buy", "size": "0.00100000", "price": "2995.30000000", "time": "2025-07-14T18:10:10.091956Z", "fetched_at": "2025-07-14T18:10:49.790157+00:00", "symbol": "ETH-USD"}, {"trade_id": 666939785, "side": "buy", "size": "0.70000000", "price": "2996.21000000", "time": "2025-07-14T18:10:10.090082Z", "fetched_at": "2025-07-14T18:10:49.790157+00:00", "symbol": "ETH-USD"}, {"trade_id": 666939784, "side": "buy", "size": "0.35191147", "price": "2995.32000000", "time": "2025-07-14T18:10:10.088327Z", "fetched_at": "2025-07-14T18:10:49.790157+00:00", "symbol": "ETH-USD"}, {"trade_id": 666939783, "side": "buy", "size": "0.40000000", "price": "2995.32000000", "time": "2025-07-14T18:10:10.088327Z", "fetched_at": "2025-07-14T18:10:49.790157+00:00", "symbol": "ETH-USD"}, {"trade_id": 666939782, "side": "buy", "size": "0.20000000", "price": "2995.32000000", "time": "2025-07-14T18:10:10.088327Z", "fetched_at": "2025-07-14T18:10:49.790157+00:00", "symbol": "ETH-USD"}, {"trade_id": 666939781, "side": "buy", "size": "0.61332471", "price": "2996.01000000", "time": "2025-07-14T18:10:10.088166Z", "fetched_at": "2025-07-14T18:10:49.790157+00:00", "symbol": "ETH-USD"}, {"trade_id": 666939780, "side": "buy", "size": "0.00100000", "price": "2995.52000000", "time": "2025-07-14T18:10:10.086885Z", "fetched_at": "2025-07-14T18:10:49.790157+00:00", "symbol": "ETH-USD"}, {"trade_id": 666939779, "side": "buy", "size": "0.95014968", "price": "2995.53000000", "time": "2025-07-14T18:10:10.086885Z", "fetched_at": "2025-07-14T18:10:49.790157+00:00", "symbol": "ETH-USD"}, {"trade_id": 666939778, "side": "buy", "size": "1.22261023", "price": "2995.53000000", "time": "2025-07-14T18:10:10.086655Z", "fetched_at": "2025-07-14T18:10:49.790157+00:00", "symbol": "ETH-USD"}, {"trade_id": 666939777, "side": "buy", "size": "0.20013195", "price": "2995.53000000", "time": "2025-07-14T18:10:10.086564Z", "fetched_at": "2025-07-14T18:10:49.790157+00:00", "symbol": "ETH-USD"}