[{"trade_id": 666822123, "side": "buy", "size": "0.15561635", "price": "3051.61000000", "time": "2025-07-14T14:23:28.710282Z", "fetched_at": "2025-07-14T14:23:29.395753+00:00", "symbol": "ETH-USD"}, {"trade_id": 666822122, "side": "buy", "size": "0.41160000", "price": "3051.62000000", "time": "2025-07-14T14:23:28.710282Z", "fetched_at": "2025-07-14T14:23:29.395753+00:00", "symbol": "ETH-USD"}, {"trade_id": 666822121, "side": "buy", "size": "0.15000000", "price": "3051.62000000", "time": "2025-07-14T14:23:28.710282Z", "fetched_at": "2025-07-14T14:23:29.395753+00:00", "symbol": "ETH-USD"}, {"trade_id": 666822120, "side": "buy", "size": "0.00001310", "price": "3051.84000000", "time": "2025-07-14T14:23:28.710282Z", "fetched_at": "2025-07-14T14:23:29.395753+00:00", "symbol": "ETH-USD"}, {"trade_id": 666822119, "side": "buy", "size": "0.13929000", "price": "3051.84000000", "time": "2025-07-14T14:23:28.710282Z", "fetched_at": "2025-07-14T14:23:29.395753+00:00", "symbol": "ETH-USD"}, {"trade_id": 666822118, "side": "buy", "size": "0.19654867", "price": "3051.84000000", "time": "2025-07-14T14:23:28.710282Z", "fetched_at": "2025-07-14T14:23:29.395753+00:00", "symbol": "ETH-USD"}, {"trade_id": 666822117, "side": "buy", "size": "0.36445396", "price": "3051.39000000", "time": "2025-07-14T14:23:28.594359Z", "fetched_at": "2025-07-14T14:23:29.395753+00:00", "symbol": "ETH-USD"}, {"trade_id": 666822116, "side": "buy", "size": "0.36029020", "price": "3051.40000000", "time": "2025-07-14T14:23:28.594359Z", "fetched_at": "2025-07-14T14:23:29.395753+00:00", "symbol": "ETH-USD"}, {"trade_id": 666822115, "side": "buy", "size": "0.39406090", "price": "3051.40000000", "time": "2025-07-14T14:23:28.594359Z", "fetched_at": "2025-07-14T14:23:29.395753+00:00", "symbol": "ETH-USD"}, {"trade_id": 666822114, "side": "buy", "size": "0.14345649", "price": "3051.41000000", "time": "2025-07-14T14:23:28.594359Z", "fetched_at": "2025-07-14T14:23:29.395753+00:00", "symbol": "ETH-USD"}, {"trade_id": 666822113, "side": "buy", "size": "0.14207201", "price": "3051.42000000", "time": "2025-07-14T14:23:28.594359Z", "fetched_at": "2025-07-14T14:23:29.395753+00:00", "symbol": "ETH-USD"}, {"trade_id": 666822112, "side": "buy", "size": "0.33052464", "price": "3051.43000000", "time": "2025-07-14T14:23:28.594359Z", "fetched_at": "2025-07-14T14:23:29.395753+00:00", "symbol": "ETH-USD"}, {"trade_id": 666822111, "side": "buy", "size": "0.00919567", "price": "3051.44000000", "time": "2025-07-14T14:23:28.594359Z", "fetched_at": "2025-07-14T14:23:29.395753+00:00", "symbol": "ETH-USD"}, {"trade_id": 666822110, "side": "buy", "size": "0.61774183", "price": "3051.45000000", "time": "2025-07-14T14:23:28.594359Z", "fetched_at": "2025-07-14T14:23:29.395753+00:00", "symbol": "ETH-USD"}, {"trade_id": 666822109, "side": "buy", "size": "0.31444455", "price": "3051.47000000", "time": "2025-07-14T14:23:28.594359Z", "fetched_at": "2025-07-14T14:23:29.395753+00:00", "symbol": "ETH-USD"}, {"trade_id": 666822108, "side": "buy", "size": "0.00034418", "price": "3051.47000000", "time": "2025-07-14T14:23:28.594359Z", "fetched_at": "2025-07-14T14:23:29.395753+00:00", "symbol": "ETH-USD"}, {"trade_id": 666822107, "side": "buy", "size": "0.18044889", "price": "3051.48000000", "time": "2025-07-14T14:23:28.594359Z", "fetched_at": "2025-07-14T14:23:29.395753+00:00", "symbol": "ETH-USD"}, {"trade_id": 666822106, "side": "buy", "size": "0.00358479", "price": "3051.49000000", "time": "2025-07-14T14:23:28.594359Z", "fetched_at": "2025-07-14T14:23:29.395753+00:00", "symbol": "ETH-USD"}, {"trade_id": 666822105, "side": "buy", "size": "0.00002293", "price": "3051.59000000", "time": "2025-07-14T14:23:28.594359Z", "fetched_at": "2025-07-14T14:23:29.395753+00:00", "symbol": "ETH-USD"}, {"trade_id": 666822104, "side": "buy", "size": "0.05156000", "price": "3051.59000000", "time": "2025-07-14T14:23:28.594359Z", "fetched_at": "2025-07-14T14:23:29.395753+00:00", "symbol": "ETH-USD"}, {"trade_id": 666822103, "side": "buy", "size": "0.32936470", "price": "3051.60000000", "time": "2025-07-14T14:23:28.594359Z", "fetched_at": "2025-07-14T14:23:29.395753+00:00", "symbol": "ETH-USD"}, {"trade_id": 666822102, "side": "buy", "size": "0.33024320", "price": "3051.60000000", "time": "2025-07-14T14:23:28.594359Z", "fetched_at": "2025-07-14T14:23:29.395753+00:00", "symbol": "ETH-USD"}, {"trade_id": 666822101, "side": "buy", "size": "0.20000000", "price": "3051.71000000", "time": "2025-07-14T14:23:28.594359Z", "fetched_at": "2025-07-14T14:23:29.395753+00:00", "symbol": "ETH-USD"}, {"trade_id": 666822100, "side": "buy", "size": "0.26830813", "price": "3051.73000000", "time": "2025-07-14T14:23:28.594359Z", "fetched_at": "2025-07-14T14:23:29.395753+00:00", "symbol": "ETH-USD"}, {"trade_id": 666822099, "side": "buy", "size": "0.19654867", "price": "3051.84000000", "time": "2025-07-14T14:23:28.594359Z", "fetched_at": "2025-07-14T14:23:29.395753+00:00", "symbol": "ETH-USD"}, {"trade_id": 666822098, "side": "buy", "size": "0.52520587", "price": "3051.84000000", "time": "2025-07-14T14:23:28.594359Z", "fetched_at": "2025-07-14T14:23:29.395753+00:00", "symbol": "ETH-USD"}, {"trade_id": 666822097, "side": "buy", "size": "0.24269000", "price": "3051.84000000", "time": "2025-07-14T14:23:28.594359Z", "fetched_at": "2025-07-14T14:23:29.395753+00:00", "symbol": "ETH-USD"}, {"trade_id": 666822096, "side": "buy", "size": "1.21083000", "price": "3051.84000000", "time": "2025-07-14T14:23:28.594359Z", "fetched_at": "2025-07-14T14:23:29.395753+00:00", "symbol": "ETH-USD"}, {"trade_id": 666822095, "side": "buy", "size": "0.20000000", "price": "3051.84000000", "time": "2025-07-14T14:23:28.594359Z", "fetched_at": "2025-07-14T14:23:29.395753+00:00", "symbol": "ETH-USD"}, {"trade_id": 666822094, "side": "buy", "size": "0.13929000", "price": "3051.84000000", "time": "2025-07-14T14:23:28.594359Z", "fetched_at": "2025-07-14T14:23:29.395753+00:00", "symbol": "ETH-USD"}, {"trade_id": 666822093, "side": "buy", "size": "0.00155662", "price": "3051.70000000", "time": "2025-07-14T14:23:28.301748Z", "fetched_at": "2025-07-14T14:23:29.395753+00:00", "symbol": "ETH-USD"}, {"trade_id": 666822092, "side": "sell", "size": "0.15920185", "price": "3051.60000000", "time": "2025-07-14T14:23:28.163081Z", "fetched_at": "2025-07-14T14:23:29.395753+00:00", "symbol": "ETH-USD"}, {"trade_id": 666822091, "side": "sell", "size": "0.00267337", "price": "3051.72000000", "time": "2025-07-14T14:23:27.727183Z", "fetched_at": "2025-07-14T14:23:29.395753+00:00", "symbol": "ETH-USD"}, {"trade_id": 666822090, "side": "sell", "size": "0.00386026", "price": "3051.72000000", "time": "2025-07-14T14:23:27.624913Z", "fetched_at": "2025-07-14T14:23:29.395753+00:00", "symbol": "ETH-USD"}, {"trade_id": 666822089, "side": "sell", "size": "0.15000000", "price": "3051.71000000", "time": "2025-07-14T14:23:27.624913Z", "fetched_at": "2025-07-14T14:23:29.395753+00:00", "symbol": "ETH-USD"}, {"trade_id": 666822088, "side": "sell", "size": "0.00009470", "price": "3051.60000000", "time": "2025-07-14T14:23:27.624913Z", "fetched_at": "2025-07-14T14:23:29.395753+00:00", "symbol": "ETH-USD"}, {"trade_id": 666822087, "side": "sell", "size": "0.00052460", "price": "3051.60000000", "time": "2025-07-14T14:23:27.624913Z", "fetched_at": "2025-07-14T14:23:29.395753+00:00", "symbol": "ETH-USD"}, {"trade_id": 666822086, "side": "sell", "size": "0.16384851", "price": "3051.60000000", "time": "2025-07-14T14:23:27.624913Z", "fetched_at": "2025-07-14T14:23:29.395753+00:00", "symbol": "ETH-USD"}, {"trade_id": 666822085, "side": "sell", "size": "0.02101573", "price": "3051.60000000", "time": "2025-07-14T14:23:26.883199Z", "fetched_at": "2025-07-14T14:23:29.395753+00:00", "symbol": "ETH-USD"}, {"trade_id": 666822084, "side": "buy", "size": "0.01011364", "price": "3051.41000000", "time": "2025-07-14T14:23:26.263394Z", "fetched_at": "2025-07-14T14:23:29.395753+00:00", "symbol": "ETH-USD"}, {"trade_id": 666822083, "side": "buy", "size": "0.02264772", "price": "3051.52000000", "time": "2025-07-14T14:23:26.263394Z", "fetched_at": "2025-07-14T14:23:29.395753+00:00", "symbol": "ETH-USD"}, {"trade_id": 666822082, "side": "buy", "size": "0.00000983", "price": "3051.52000000", "time": "2025-07-14T14:23:26.263394Z", "fetched_at": "2025-07-14T14:23:29.395753+00:00", "symbol": "ETH-USD"}, {"trade_id": 666822081, "side": "buy", "size": "0.07733644", "price": "3051.86000000", "time": "2025-07-14T14:23:25.188494Z", "fetched_at": "2025-07-14T14:23:29.395753+00:00", "symbol": "ETH-USD"}, {"trade_id": 666822080, "side": "buy", "size": "0.13929000", "price": "3051.86000000", "time": "2025-07-14T14:23:25.188494Z", "fetched_at": "2025-07-14T14:23:29.395753+00:00", "symbol": "ETH-USD"}, {"trade_id": 666822079, "side": "buy", "size": "0.13929000", "price": "3051.72000000", "time": "2025-07-14T14:23:24.977395Z", "fetched_at": "2025-07-14T14:23:29.395753+00:00", "symbol": "ETH-USD"}, {"trade_id": 666822078, "side": "sell", "size": "0.00033008", "price": "3051.75000000", "time": "2025-07-14T14:23:24.693465Z", "fetched_at": "2025-07-14T14:23:29.395753+00:00", "symbol": "ETH-USD"}, {"trade_id": 666822077, "side": "sell", "size": "0.00010000", "price": "3051.71000000", "time": "2025-07-14T14:23:24.693465Z", "fetched_at": "2025-07-14T14:23:29.395753+00:00", "symbol": "ETH-USD"}, {"trade_id": 666822076, "side": "sell", "size": "0.00100000", "price": "3051.64000000", "time": "2025-07-14T14:23:24.693465Z", "fetched_at": "2025-07-14T14:23:29.395753+00:00", "symbol": "ETH-USD"}, {"trade_id": 666822075, "side": "sell", "size": "0.00011003", "price": "3051.13000000", "time": "2025-07-14T14:23:24.463607Z", "fetched_at": "2025-07-14T14:23:29.395753+00:00", "symbol": "ETH-USD"}, {"trade_id": 666822074, "side": "buy", "size": "0.00665253", "price": "3051.47000000", "time": "2025-07-14T14:23:23.743023Z", "fetched_at": "2025-07-14T14:23:29.395753+00:00", "symbol": "ETH-USD"}, {"trade_id": 666822073, "side": "buy", "size": "0.13929000", "price": "3051.40000000", "time": "2025-07-14T14:23:23.472795Z", "fetched_at": "2025-07-14T14:23:29.395753+00:00", "symbol": "ETH-USD"}, {"trade_id": 666822072, "side": "sell", "size": "0.81936856", "price": "3051.13000000", "time": "2025-07-14T14:23:23.464880Z", "fetched_at": "2025-07-14T14:23:29.395753+00:00", "symbol": "ETH-USD"}, {"trade_id": 666822071, "side": "sell", "size": "0.81937124", "price": "3051.12000000", "time": "2025-07-14T14:23:23.464667Z", "fetched_at": "2025-07-14T14:23:29.395753+00:00", "symbol": "ETH-USD"}, {"trade_id": 666822070, "side": "sell", "size": "0.16225691", "price": "3051.03000000", "time": "2025-07-14T14:23:23.464667Z", "fetched_at": "2025-07-14T14:23:29.395753+00:00", "symbol": "ETH-USD"}, {"trade_id": 666822069, "side": "sell", "size": "0.00162217", "price": "3051.03000000", "time": "2025-07-14T14:23:23.305675Z", "fetched_at": "2025-07-14T14:23:29.395753+00:00", "symbol": "ETH-USD"}, {"trade_id": 666822068, "side": "sell", "size": "0.81936856", "price": "3051.13000000", "time": "2025-07-14T14:23:22.550773Z", "fetched_at": "2025-07-14T14:23:29.395753+00:00", "symbol": "ETH-USD"}, {"trade_id": 666822067, "side": "sell", "size": "0.16387908", "price": "3051.03000000", "time": "2025-07-14T14:23:22.519757Z", "fetched_at": "2025-07-14T14:23:29.395753+00:00", "symbol": "ETH-USD"}, {"trade_id": 666822066, "side": "sell", "size": "0.00024001", "price": "3051.07000000", "time": "2025-07-14T14:23:22.487682Z", "fetched_at": "2025-07-14T14:23:29.395753+00:00", "symbol": "ETH-USD"}, {"trade_id": 666822065, "side": "sell", "size": "0.66938523", "price": "3051.07000000", "time": "2025-07-14T14:23:22.455826Z", "fetched_at": "2025-07-14T14:23:29.395753+00:00", "symbol": "ETH-USD"}, {"trade_id": 666822064, "side": "sell", "size": "0.15000000", "price": "3051.06000000", "time": "2025-07-14T14:23:22.455826Z", "fetched_at": "2025-07-14T14:23:29.395753+00:00", "symbol": "ETH-USD"}, {"trade_id": 666822063, "side": "buy", "size": "0.00666638", "price": "3051.13000000", "time": "2025-07-14T14:23:22.390994Z", "fetched_at": "2025-07-14T14:23:29.395753+00:00", "symbol": "ETH-USD"}, {"trade_id": 666822062, "side": "buy", "size": "0.09884663", "price": "3051.13000000", "time": "2025-07-14T14:23:22.390994Z", "fetched_at": "2025-07-14T14:23:29.395753+00:00", "symbol": "ETH-USD"}, {"trade_id": 666822061, "side": "buy", "size": "0.00000655", "price": "3051.15000000", "time": "2025-07-14T14:23:22.380456Z", "fetched_at": "2025-07-14T14:23:29.395753+00:00", "symbol": "ETH-USD"}, {"trade_id": 666822060, "side": "buy", "size": "0.00000655", "price": "3051.15000000", "time": "2025-07-14T14:23:22.380456Z", "fetched_at": "2025-07-14T14:23:29.395753+00:00", "symbol": "ETH-USD"}, {"trade_id": 666822059, "side": "buy", "size": "0.07263630", "price": "3051.15000000", "time": "2025-07-14T14:23:22.380456Z", "fetched_at": "2025-07-14T14:23:29.395753+00:00", "symbol": "ETH-USD"}, {"trade_id": 666822058, "side": "sell", "size": "0.00811078", "price": "3051.23000000", "time": "2025-07-14T14:23:21.896154Z", "fetched_at": "2025-07-14T14:23:29.395753+00:00", "symbol": "ETH-USD"}, {"trade_id": 666822057, "side": "sell", "size": "0.00031792", "price": "3051.30000000", "time": "2025-07-14T14:23:21.747180Z", "fetched_at": "2025-07-14T14:23:29.395753+00:00", "symbol": "ETH-USD"}, {"trade_id": 666822056, "side": "buy", "size": "0.02359923", "price": "3051.37000000", "time": "2025-07-14T14:23:21.590465Z", "fetched_at": "2025-07-14T14:23:29.395753+00:00", "symbol": "ETH-USD"}, {"trade_id": 666822055, "side": "buy", "size": "0.24269000", "price": "3051.42000000", "time": "2025-07-14T14:23:21.494096Z", "fetched_at": "2025-07-14T14:23:29.395753+00:00", "symbol": "ETH-USD"}, {"trade_id": 666822054, "side": "buy", "size": "0.24269000", "price": "3051.43000000", "time": "2025-07-14T14:23:21.494096Z", "fetched_at": "2025-07-14T14:23:29.395753+00:00", "symbol": "ETH-USD"}, {"trade_id": 666822053, "side": "buy", "size": "0.00001310", "price": "3051.63000000", "time": "2025-07-14T14:23:21.494096Z", "fetched_at": "2025-07-14T14:23:29.395753+00:00", "symbol": "ETH-USD"}, {"trade_id": 666822052, "side": "sell", "size": "0.00001708", "price": "3051.49000000", "time": "2025-07-14T14:23:21.014466Z", "fetched_at": "2025-07-14T14:23:29.395753+00:00", "symbol": "ETH-USD"}, {"trade_id": 666822051, "side": "sell", "size": "0.00009543", "price": "3051.49000000", "time": "2025-07-14T14:23:21.014466Z", "fetched_at": "2025-07-14T14:23:29.395753+00:00", "symbol": "ETH-USD"}, {"trade_id": 666822050, "side": "sell", "size": "0.00016572", "price": "3051.49000000", "time": "2025-07-14T14:23:21.014466Z", "fetched_at": "2025-07-14T14:23:29.395753+00:00", "symbol": "ETH-USD"}, {"trade_id": 666822049, "side": "sell", "size": "0.81928263", "price": "3051.45000000", "time": "2025-07-14T14:23:21.012096Z", "fetched_at": "2025-07-14T14:23:29.395753+00:00", "symbol": "ETH-USD"}, {"trade_id": 666822048, "side": "sell", "size": "0.16386028", "price": "3051.38000000", "time": "2025-07-14T14:23:21.010593Z", "fetched_at": "2025-07-14T14:23:29.395753+00:00", "symbol": "ETH-USD"}, {"trade_id": 666822047, "side": "sell", "size": "0.81930143", "price": "3051.38000000", "time": "2025-07-14T14:23:21.010593Z", "fetched_at": "2025-07-14T14:23:29.395753+00:00", "symbol": "ETH-USD"}, {"trade_id": 666822046, "side": "sell", "size": "0.16386774", "price": "3051.25000000", "time": "2025-07-14T14:23:20.847882Z", "fetched_at": "2025-07-14T14:23:29.395753+00:00", "symbol": "ETH-USD"}, {"trade_id": 666822045, "side": "buy", "size": "0.02581182", "price": "3051.18000000", "time": "2025-07-14T14:23:20.737557Z", "fetched_at": "2025-07-14T14:23:29.395753+00:00", "symbol": "ETH-USD"}, {"trade_id": 666822044, "side": "sell", "size": "0.16387093", "price": "3051.19000000", "time": "2025-07-14T14:23:20.691137Z", "fetched_at": "2025-07-14T14:23:29.395753+00:00", "symbol": "ETH-USD"}, {"trade_id": 666822043, "side": "sell", "size": "0.66000000", "price": "3051.45000000", "time": "2025-07-14T14:23:20.490236Z", "fetched_at": "2025-07-14T14:23:29.395753+00:00", "symbol": "ETH-USD"}, {"trade_id": 666822042, "side": "sell", "size": "0.16387108", "price": "3051.18000000", "time": "2025-07-14T14:23:20.478139Z", "fetched_at": "2025-07-14T14:23:29.395753+00:00", "symbol": "ETH-USD"}, {"trade_id": 666822041, "side": "buy", "size": "0.18977207", "price": "3051.45000000", "time": "2025-07-14T14:23:20.380501Z", "fetched_at": "2025-07-14T14:23:29.395753+00:00", "symbol": "ETH-USD"}, {"trade_id": 666822040, "side": "buy", "size": "0.00170410", "price": "3051.45000000", "time": "2025-07-14T14:23:20.380501Z", "fetched_at": "2025-07-14T14:23:29.395753+00:00", "symbol": "ETH-USD"}, {"trade_id": 666822039, "side": "buy", "size": "0.58838369", "price": "3051.01000000", "time": "2025-07-14T14:23:18.983866Z", "fetched_at": "2025-07-14T14:23:29.395753+00:00", "symbol": "ETH-USD"}, {"trade_id": 666822038, "side": "buy", "size": "0.48600000", "price": "3051.10000000", "time": "2025-07-14T14:23:18.983866Z", "fetched_at": "2025-07-14T14:23:29.395753+00:00", "symbol": "ETH-USD"}, {"trade_id": 666822037, "side": "buy", "size": "0.49356797", "price": "3051.13000000", "time": "2025-07-14T14:23:18.983866Z", "fetched_at": "2025-07-14T14:23:29.395753+00:00", "symbol": "ETH-USD"}, {"trade_id": 666822036, "side": "buy", "size": "2.39820840", "price": "3051.14000000", "time": "2025-07-14T14:23:18.983866Z", "fetched_at": "2025-07-14T14:23:29.395753+00:00", "symbol": "ETH-USD"}, {"trade_id": 666822035, "side": "buy", "size": "0.58774078", "price": "3051.14000000", "time": "2025-07-14T14:23:18.983866Z", "fetched_at": "2025-07-14T14:23:29.395753+00:00", "symbol": "ETH-USD"}, {"trade_id": 666822034, "side": "buy", "size": "0.00049147", "price": "3051.14000000", "time": "2025-07-14T14:23:18.983866Z", "fetched_at": "2025-07-14T14:23:29.395753+00:00", "symbol": "ETH-USD"}, {"trade_id": 666822033, "side": "buy", "size": "0.00100000", "price": "3051.18000000", "time": "2025-07-14T14:23:18.983866Z", "fetched_at": "2025-07-14T14:23:29.395753+00:00", "symbol": "ETH-USD"}, {"trade_id": 666822032, "side": "buy", "size": "1.20000000", "price": "3051.19000000", "time": "2025-07-14T14:23:18.983866Z", "fetched_at": "2025-07-14T14:23:29.395753+00:00", "symbol": "ETH-USD"}, {"trade_id": 666822031, "side": "buy", "size": "0.15000000", "price": "3051.21000000", "time": "2025-07-14T14:23:18.983866Z", "fetched_at": "2025-07-14T14:23:29.395753+00:00", "symbol": "ETH-USD"}, {"trade_id": 666822030, "side": "buy", "size": "0.20000000", "price": "3051.21000000", "time": "2025-07-14T14:23:18.983866Z", "fetched_at": "2025-07-14T14:23:29.395753+00:00", "symbol": "ETH-USD"}, {"trade_id": 666822029, "side": "buy", "size": "0.84533000", "price": "3051.22000000", "time": "2025-07-14T14:23:18.983866Z", "fetched_at": "2025-07-14T14:23:29.395753+00:00", "symbol": "ETH-USD"}, {"trade_id": 666822028, "side": "buy", "size": "0.20000000", "price": "3051.22000000", "time": "2025-07-14T14:23:18.983866Z", "fetched_at": "2025-07-14T14:23:29.395753+00:00", "symbol": "ETH-USD"}, {"trade_id": 666822027, "side": "buy", "size": "0.06590455", "price": "3051.23000000", "time": "2025-07-14T14:23:18.983866Z", "fetched_at": "2025-07-14T14:23:29.395753+00:00", "symbol": "ETH-USD"}, {"trade_id": 666822026, "side": "buy", "size": "1.55779800", "price": "3051.23000000", "time": "2025-07-14T14:23:18.983866Z", "fetched_at": "2025-07-14T14:23:29.395753+00:00", "symbol": "ETH-USD"}, {"trade_id": 666822025, "side": "buy", "size": "0.04797464", "price": "3051.24000000", "time": "2025-07-14T14:23:18.983866Z", "fetched_at": "2025-07-14T14:23:29.395753+00:00", "symbol": "ETH-USD"}, {"trade_id": 666822024, "side": "buy", "size": "0.00340826", "price": "3051.41000000", "time": "2025-07-14T14:23:18.983866Z", "fetched_at": "2025-07-14T14:23:29.395753+00:00", "symbol": "ETH-USD"}, {"trade_id": 666822023, "side": "buy", "size": "0.00571539", "price": "3051.41000000", "time": "2025-07-14T14:23:18.983866Z", "fetched_at": "2025-07-14T14:23:29.395753+00:00", "symbol": "ETH-USD"}, {"trade_id": 666822022, "side": "buy", "size": "0.00370648", "price": "3051.41000000", "time": "2025-07-14T14:23:18.983866Z", "fetched_at": "2025-07-14T14:23:29.395753+00:00", "symbol": "ETH-USD"}, {"trade_id": 666822021, "side": "sell", "size": "0.06367844", "price": "3051.68000000", "time": "2025-07-14T14:23:18.715117Z", "fetched_at": "2025-07-14T14:23:29.395753+00:00", "symbol": "ETH-USD"}, {"trade_id": 666822020, "side": "sell", "size": "0.81926921", "price": "3051.50000000", "time": "2025-07-14T14:23:18.670165Z", "fetched_at": "2025-07-14T14:23:29.395753+00:00", "symbol": "ETH-USD"}, {"trade_id": 666822019, "side": "sell", "size": "0.00003428", "price": "3051.42000000", "time": "2025-07-14T14:23:18.668205Z", "fetched_at": "2025-07-14T14:23:29.395753+00:00", "symbol": "ETH-USD"}, {"trade_id": 666822018, "side": "sell", "size": "0.00003924", "price": "3051.42000000", "time": "2025-07-14T14:23:18.668205Z", "fetched_at": "2025-07-14T14:23:29.395753+00:00", "symbol": "ETH-USD"}, {"trade_id": 666822017, "side": "sell", "size": "0.00021842", "price": "3051.42000000", "time": "2025-07-14T14:23:18.668205Z", "fetched_at": "2025-07-14T14:23:29.395753+00:00", "symbol": "ETH-USD"}, {"trade_id": 666822016, "side": "sell", "size": "0.16385813", "price": "3051.42000000", "time": "2025-07-14T14:23:18.668205Z", "fetched_at": "2025-07-14T14:23:29.395753+00:00", "symbol": "ETH-USD"}, {"trade_id": 666822015, "side": "sell", "size": "0.08038666", "price": "3051.42000000", "time": "2025-07-14T14:23:18.204286Z", "fetched_at": "2025-07-14T14:23:29.395753+00:00", "symbol": "ETH-USD"}, {"trade_id": 666822014, "side": "sell", "size": "0.00798459", "price": "3051.42000000", "time": "2025-07-14T14:23:18.130589Z", "fetched_at": "2025-07-14T14:23:29.395753+00:00", "symbol": "ETH-USD"}, {"trade_id": 666822013, "side": "sell", "size": "0.00007254", "price": "3051.42000000", "time": "2025-07-14T14:23:18.130589Z", "fetched_at": "2025-07-14T14:23:29.395753+00:00", "symbol": "ETH-USD"}, {"trade_id": 666822012, "side": "sell", "size": "0.00040158", "price": "3051.42000000", "time": "2025-07-14T14:23:18.130589Z", "fetched_at": "2025-07-14T14:23:29.395753+00:00", "symbol": "ETH-USD"}, {"trade_id": 666822011, "side": "buy", "size": "0.00100000", "price": "3051.41000000", "time": "2025-07-14T14:23:17.519212Z", "fetched_at": "2025-07-14T14:23:29.395753+00:00", "symbol": "ETH-USD"}, {"trade_id": 666822010, "side": "buy", "size": "0.32761428", "price": "3051.45000000", "time": "2025-07-14T14:23:17.508663Z", "fetched_at": "2025-07-14T14:23:29.395753+00:00", "symbol": "ETH-USD"}, {"trade_id": 666822009, "side": "buy", "size": "0.00100000", "price": "3051.64000000", "time": "2025-07-14T14:23:17.465083Z", "fetched_at": "2025-07-14T14:23:29.395753+00:00", "symbol": "ETH-USD"}, {"trade_id": 666822008, "side": "buy", "size": "0.11913427", "price": "3051.69000000", "time": "2025-07-14T14:23:17.465083Z", "fetched_at": "2025-07-14T14:23:29.395753+00:00", "symbol": "ETH-USD"}, {"trade_id": 666822007, "side": "buy", "size": "0.29999741", "price": "3051.69000000", "time": "2025-07-14T14:23:17.465083Z", "fetched_at": "2025-07-14T14:23:29.395753+00:00", "symbol": "ETH-USD"}, {"trade_id": 666822006, "side": "buy", "size": "0.03569837", "price": "3051.96000000", "time": "2025-07-14T14:23:17.251383Z", "fetched_at": "2025-07-14T14:23:29.395753+00:00", "symbol": "ETH-USD"}, {"trade_id": 666822005, "side": "buy", "size": "0.00194301", "price": "3051.96000000", "time": "2025-07-14T14:23:17.251383Z", "fetched_at": "2025-07-14T14:23:29.395753+00:00", "symbol": "ETH-USD"}, {"trade_id": 666822004, "side": "buy", "size": "0.19117878", "price": "3051.96000000", "time": "2025-07-14T14:23:17.251383Z", "fetched_at": "2025-07-14T14:23:29.395753+00:00", "symbol": "ETH-USD"}, {"trade_id": 666822003, "side": "buy", "size": "0.06370639", "price": "3051.97000000", "time": "2025-07-14T14:23:17.251383Z", "fetched_at": "2025-07-14T14:23:29.395753+00:00", "symbol": "ETH-USD"}, {"trade_id": 666822002, "side": "sell", "size": "0.01592253", "price": "3052.05000000", "time": "2025-07-14T14:23:17.005877Z", "fetched_at": "2025-07-14T14:23:29.395753+00:00", "symbol": "ETH-USD"}, {"trade_id": 666822001, "side": "buy", "size": "0.06304842", "price": "3051.94000000", "time": "2025-07-14T14:23:15.436188Z", "fetched_at": "2025-07-14T14:23:29.395753+00:00", "symbol": "ETH-USD"}, {"trade_id": 666822000, "side": "buy", "size": "0.06305825", "price": "3051.94000000", "time": "2025-07-14T14:23:15.436188Z", "fetched_at": "2025-07-14T14:23:29.395753+00:00", "symbol": "ETH-USD"}, {"trade_id": 666821999, "side": "buy", "size": "0.06088546", "price": "3051.96000000", "time": "2025-07-14T14:23:15.436188Z", "fetched_at": "2025-07-14T14:23:29.395753+00:00", "symbol": "ETH-USD"}, {"trade_id": 666821998, "side": "sell", "size": "0.08356387", "price": "3052.20000000", "time": "2025-07-14T14:23:15.042051Z", "fetched_at": "2025-07-14T14:23:29.395753+00:00", "symbol": "ETH-USD"}, {"trade_id": 666821997, "side": "sell", "size": "0.07566403", "price": "3052.18000000", "time": "2025-07-14T14:23:15.042051Z", "fetched_at": "2025-07-14T14:23:29.395753+00:00", "symbol": "ETH-USD"}, {"trade_id": 666821996, "side": "buy", "size": "0.24269000", "price": "3052.09000000", "time": "2025-07-14T14:23:14.787456Z", "fetched_at": "2025-07-14T14:23:29.395753+00:00", "symbol": "ETH-USD"}, {"trade_id": 666821995, "side": "buy", "size": "0.03673334", "price": "3052.02000000", "time": "2025-07-14T14:23:14.123466Z", "fetched_at": "2025-07-14T14:23:29.395753+00:00", "symbol": "ETH-USD"}, {"trade_id": 666821994, "side": "buy", "size": "0.66751285", "price": "3051.75000000", "time": "2025-07-14T14:23:12.864649Z", "fetched_at": "2025-07-14T14:23:29.395753+00:00", "symbol": "ETH-USD"}, {"trade_id": 666821993, "side": "buy", "size": "0.21451826", "price": "3051.76000000", "time": "2025-07-14T14:23:12.864649Z", "fetched_at": "2025-07-14T14:23:29.395753+00:00", "symbol": "ETH-USD"}, {"trade_id": 666821992, "side": "buy", "size": "0.49324040", "price": "3051.77000000", "time": "2025-07-14T14:23:12.864649Z", "fetched_at": "2025-07-14T14:23:29.395753+00:00", "symbol": "ETH-USD"}, {"trade_id": 666821991, "side": "buy", "size": "0.10485192", "price": "3051.77000000", "time": "2025-07-14T14:23:12.864649Z", "fetched_at": "2025-07-14T14:23:29.395753+00:00", "symbol": "ETH-USD"}, {"trade_id": 666821990, "side": "buy", "size": "0.33052464", "price": "3051.78000000", "time": "2025-07-14T14:23:12.864649Z", "fetched_at": "2025-07-14T14:23:29.395753+00:00", "symbol": "ETH-USD"}, {"trade_id": 666821989, "side": "buy", "size": "0.49142768", "price": "3051.80000000", "time": "2025-07-14T14:23:12.864649Z", "fetched_at": "2025-07-14T14:23:29.395753+00:00", "symbol": "ETH-USD"}, {"trade_id": 666821988, "side": "buy", "size": "0.65438615", "price": "3051.81000000", "time": "2025-07-14T14:23:12.864649Z", "fetched_at": "2025-07-14T14:23:29.395753+00:00", "symbol": "ETH-USD"}, {"trade_id": 666821987, "side": "buy", "size": "0.48600000", "price": "3051.93000000", "time": "2025-07-14T14:23:12.864649Z", "fetched_at": "2025-07-14T14:23:29.395753+00:00", "symbol": "ETH-USD"}, {"trade_id": 666821986, "side": "buy", "size": "0.46798832", "price": "3051.99000000", "time": "2025-07-14T14:23:12.864649Z", "fetched_at": "2025-07-14T14:23:29.395753+00:00", "symbol": "ETH-USD"}, {"trade_id": 666821985, "side": "buy", "size": "0.57239299", "price": "3052.00000000", "time": "2025-07-14T14:23:12.864649Z", "fetched_at": "2025-07-14T14:23:29.395753+00:00", "symbol": "ETH-USD"}, {"trade_id": 666821984, "side": "buy", "size": "0.18915049", "price": "3052.12000000", "time": "2025-07-14T14:23:12.864649Z", "fetched_at": "2025-07-14T14:23:29.395753+00:00", "symbol": "ETH-USD"}, {"trade_id": 666821983, "side": "buy", "size": "0.29144238", "price": "3052.24000000", "time": "2025-07-14T14:23:12.864649Z", "fetched_at": "2025-07-14T14:23:29.395753+00:00", "symbol": "ETH-USD"}, {"trade_id": 666821982, "side": "buy", "size": "0.06304733", "price": "3052.31000000", "time": "2025-07-14T14:23:12.359635Z", "fetched_at": "2025-07-14T14:23:29.395753+00:00", "symbol": "ETH-USD"}, {"trade_id": 666821981, "side": "buy", "size": "0.01575855", "price": "3052.31000000", "time": "2025-07-14T14:23:12.359635Z", "fetched_at": "2025-07-14T14:23:29.395753+00:00", "symbol": "ETH-USD"}, {"trade_id": 666821980, "side": "buy", "size": "0.07667869", "price": "3052.36000000", "time": "2025-07-14T14:23:11.772924Z", "fetched_at": "2025-07-14T14:23:29.395753+00:00", "symbol": "ETH-USD"}, {"trade_id": 666821979, "side": "buy", "size": "0.01256535", "price": "3052.34000000", "time": "2025-07-14T14:23:11.350363Z", "fetched_at": "2025-07-14T14:23:29.395753+00:00", "symbol": "ETH-USD"}, {"trade_id": 666821978, "side": "buy", "size": "0.05100000", "price": "3052.30000000", "time": "2025-07-14T14:23:11.210661Z", "fetched_at": "2025-07-14T14:23:29.395753+00:00", "symbol": "ETH-USD"}, {"trade_id": 666821977, "side": "sell", "size": "0.00100000", "price": "3052.33000000", "time": "2025-07-14T14:23:10.657991Z", "fetched_at": "2025-07-14T14:23:29.395753+00:00", "symbol": "ETH-USD"}, {"trade_id": 666821976, "side": "sell", "size": "0.32183148", "price": "3052.25000000", "time": "2025-07-14T14:23:10.655232Z", "fetched_at": "2025-07-14T14:23:29.395753+00:00", "symbol": "ETH-USD"}, {"trade_id": 666821975, "side": "sell", "size": "0.00005588", "price": "3052.18000000", "time": "2025-07-14T14:23:10.652153Z", "fetched_at": "2025-07-14T14:23:29.395753+00:00", "symbol": "ETH-USD"}, {"trade_id": 666821974, "side": "sell", "size": "0.00030999", "price": "3052.18000000", "time": "2025-07-14T14:23:10.652153Z", "fetched_at": "2025-07-14T14:23:29.395753+00:00", "symbol": "ETH-USD"}, {"trade_id": 666821973, "side": "sell", "size": "0.00010795", "price": "3052.18000000", "time": "2025-07-14T14:23:10.652153Z", "fetched_at": "2025-07-14T14:23:29.395753+00:00", "symbol": "ETH-USD"}, {"trade_id": 666821972, "side": "sell", "size": "0.19996964", "price": "3052.18000000", "time": "2025-07-14T14:23:10.652153Z", "fetched_at": "2025-07-14T14:23:29.395753+00:00", "symbol": "ETH-USD"}, {"trade_id": 666821971, "side": "sell", "size": "0.13866625", "price": "3052.18000000", "time": "2025-07-14T14:23:10.652153Z", "fetched_at": "2025-07-14T14:23:29.395753+00:00", "symbol": "ETH-USD"}, {"trade_id": 666821970, "side": "sell", "size": "0.06114947", "price": "3052.18000000", "time": "2025-07-14T14:23:10.141481Z", "fetched_at": "2025-07-14T14:23:29.395753+00:00", "symbol": "ETH-USD"}, {"trade_id": 666821969, "side": "sell", "size": "0.00100000", "price": "3052.10000000", "time": "2025-07-14T14:23:10.141481Z", "fetched_at": "2025-07-14T14:23:29.395753+00:00", "symbol": "ETH-USD"}, {"trade_id": 666821968, "side": "sell", "size": "0.07112565", "price": "3052.00000000", "time": "2025-07-14T14:23:09.971927Z", "fetched_at": "2025-07-14T14:23:29.395753+00:00", "symbol": "ETH-USD"}, {"trade_id": 666821967, "side": "sell", "size": "0.19348738", "price": "3052.00000000", "time": "2025-07-14T14:23:09.971927Z", "fetched_at": "2025-07-14T14:23:29.395753+00:00", "symbol": "ETH-USD"}, {"trade_id": 666821966, "side": "sell", "size": "0.00028055", "price": "3051.87000000", "time": "2025-07-14T14:23:09.754895Z", "fetched_at": "2025-07-14T14:23:29.395753+00:00", "symbol": "ETH-USD"}, {"trade_id": 666821965, "side": "sell", "size": "0.00100000", "price": "3051.87000000", "time": "2025-07-14T14:23:09.754895Z", "fetched_at": "2025-07-14T14:23:29.395753+00:00", "symbol": "ETH-USD"}, {"trade_id": 666821964, "side": "buy", "size": "0.03480039", "price": "3051.86000000", "time": "2025-07-14T14:23:09.717136Z", "fetched_at": "2025-07-14T14:23:29.395753+00:00", "symbol": "ETH-USD"}, {"trade_id": 666821963, "side": "buy", "size": "0.48600000", "price": "3051.86000000", "time": "2025-07-14T14:23:09.717136Z", "fetched_at": "2025-07-14T14:23:29.395753+00:00", "symbol": "ETH-USD"}, {"trade_id": 666821962, "side": "sell", "size": "0.00040143", "price": "3051.64000000", "time": "2025-07-14T14:23:09.604973Z", "fetched_at": "2025-07-14T14:23:29.395753+00:00", "symbol": "ETH-USD"}, {"trade_id": 666821961, "side": "sell", "size": "0.00007250", "price": "3051.64000000", "time": "2025-07-14T14:23:09.604973Z", "fetched_at": "2025-07-14T14:23:29.395753+00:00", "symbol": "ETH-USD"}, {"trade_id": 666821960, "side": "sell", "size": "0.00012342", "price": "3051.64000000", "time": "2025-07-14T14:23:09.604973Z", "fetched_at": "2025-07-14T14:23:29.395753+00:00", "symbol": "ETH-USD"}, {"trade_id": 666821959, "side": "sell", "size": "0.00009873", "price": "3051.64000000", "time": "2025-07-14T14:23:09.604973Z", "fetched_at": "2025-07-14T14:23:29.395753+00:00", "symbol": "ETH-USD"}, {"trade_id": 666821958, "side": "sell", "size": "0.00100000", "price": "3051.64000000", "time": "2025-07-14T14:23:09.604973Z", "fetched_at": "2025-07-14T14:23:29.395753+00:00", "symbol": "ETH-USD"}, {"trade_id": 666821957, "side": "buy", "size": "0.01689000", "price": "3051.63000000", "time": "2025-07-14T14:23:09.339265Z", "fetched_at": "2025-07-14T14:23:29.395753+00:00", "symbol": "ETH-USD"}, {"trade_id": 666821956, "side": "sell", "size": "0.00100000", "price": "3051.41000000", "time": "2025-07-14T14:23:09.332941Z", "fetched_at": "2025-07-14T14:23:29.395753+00:00", "symbol": "ETH-USD"}, {"trade_id": 666821955, "side": "sell", "size": "0.50950618", "price": "3051.27000000", "time": "2025-07-14T14:23:09.202878Z", "fetched_at": "2025-07-14T14:23:29.395753+00:00", "symbol": "ETH-USD"}, {"trade_id": 666821954, "side": "sell", "size": "0.48916745", "price": "3051.18000000", "time": "2025-07-14T14:23:09.017024Z", "fetched_at": "2025-07-14T14:23:29.395753+00:00", "symbol": "ETH-USD"}, {"trade_id": 666821953, "side": "sell", "size": "0.52054149", "price": "3051.10000000", "time": "2025-07-14T14:23:08.908737Z", "fetched_at": "2025-07-14T14:23:29.395753+00:00", "symbol": "ETH-USD"}, {"trade_id": 666821952, "side": "sell", "size": "0.81938736", "price": "3051.06000000", "time": "2025-07-14T14:23:08.908737Z", "fetched_at": "2025-07-14T14:23:29.395753+00:00", "symbol": "ETH-USD"}, {"trade_id": 666821951, "side": "sell", "size": "0.16387962", "price": "3051.02000000", "time": "2025-07-14T14:23:08.908737Z", "fetched_at": "2025-07-14T14:23:29.395753+00:00", "symbol": "ETH-USD"}, {"trade_id": 666821950, "side": "buy", "size": "0.06555764", "price": "3050.78000000", "time": "2025-07-14T14:23:08.733414Z", "fetched_at": "2025-07-14T14:23:29.395753+00:00", "symbol": "ETH-USD"}, {"trade_id": 666821949, "side": "sell", "size": "0.03183693", "price": "3051.00000000", "time": "2025-07-14T14:23:08.099813Z", "fetched_at": "2025-07-14T14:23:29.395753+00:00", "symbol": "ETH-USD"}, {"trade_id": 666821948, "side": "buy", "size": "0.07772373", "price": "3050.70000000", "time": "2025-07-14T14:23:07.981834Z", "fetched_at": "2025-07-14T14:23:29.395753+00:00", "symbol": "ETH-USD"}, {"trade_id": 666821947, "side": "buy", "size": "0.00001311", "price": "3050.75000000", "time": "2025-07-14T14:23:07.981834Z", "fetched_at": "2025-07-14T14:23:29.395753+00:00", "symbol": "ETH-USD"}, {"trade_id": 666821946, "side": "buy", "size": "0.07170523", "price": "3050.76000000", "time": "2025-07-14T14:23:07.981834Z", "fetched_at": "2025-07-14T14:23:29.395753+00:00", "symbol": "ETH-USD"}, {"trade_id": 666821945, "side": "buy", "size": "0.07893241", "price": "3050.78000000", "time": "2025-07-14T14:23:07.981834Z", "fetched_at": "2025-07-14T14:23:29.395753+00:00", "symbol": "ETH-USD"}, {"trade_id": 666821944, "side": "sell", "size": "0.00159265", "price": "3050.83000000", "time": "2025-07-14T14:23:07.206943Z", "fetched_at": "2025-07-14T14:23:29.395753+00:00", "symbol": "ETH-USD"}, {"trade_id": 666821943, "side": "buy", "size": "0.00100000", "price": "3050.95000000", "time": "2025-07-14T14:23:06.965045Z", "fetched_at": "2025-07-14T14:23:29.395753+00:00", "symbol": "ETH-USD"}, {"trade_id": 666821942, "side": "buy", "size": "0.09133129", "price": "3051.09000000", "time": "2025-07-14T14:23:06.924529Z", "fetched_at": "2025-07-14T14:23:29.395753+00:00", "symbol": "ETH-USD"}, {"trade_id": 666821941, "side": "buy", "size": "0.00002294", "price": "3051.09000000", "time": "2025-07-14T14:23:06.924529Z", "fetched_at": "2025-07-14T14:23:29.395753+00:00", "symbol": "ETH-USD"}, {"trade_id": 666821940, "side": "buy", "size": "0.00002949", "price": "3051.09000000", "time": "2025-07-14T14:23:06.924529Z", "fetched_at": "2025-07-14T14:23:29.395753+00:00", "symbol": "ETH-USD"}, {"trade_id": 666821939, "side": "sell", "size": "0.64285014", "price": "3051.27000000", "time": "2025-07-14T14:23:06.743048Z", "fetched_at": "2025-07-14T14:23:29.395753+00:00", "symbol": "ETH-USD"}, {"trade_id": 666821938, "side": "sell", "size": "0.15000000", "price": "3051.26000000", "time": "2025-07-14T14:23:06.743048Z", "fetched_at": "2025-07-14T14:23:29.395753+00:00", "symbol": "ETH-USD"}, {"trade_id": 666821937, "side": "sell", "size": "0.16225288", "price": "3051.12000000", "time": "2025-07-14T14:23:06.743048Z", "fetched_at": "2025-07-14T14:23:29.395753+00:00", "symbol": "ETH-USD"}, {"trade_id": 666821936, "side": "sell", "size": "0.00162166", "price": "3051.12000000", "time": "2025-07-14T14:23:06.491896Z", "fetched_at": "2025-07-14T14:23:29.395753+00:00", "symbol": "ETH-USD"}, {"trade_id": 666821935, "side": "buy", "size": "1.30000000", "price": "3051.30000000", "time": "2025-07-14T14:23:06.429381Z", "fetched_at": "2025-07-14T14:23:29.395753+00:00", "symbol": "ETH-USD"}, {"trade_id": 666821934, "side": "sell", "size": "0.07768522", "price": "3051.38000000", "time": "2025-07-14T14:23:06.361894Z", "fetched_at": "2025-07-14T14:23:29.395753+00:00", "symbol": "ETH-USD"}, {"trade_id": 666821933, "side": "buy", "size": "0.15000000", "price": "3051.35000000", "time": "2025-07-14T14:23:06.212663Z", "fetched_at": "2025-07-14T14:23:29.395753+00:00", "symbol": "ETH-USD"}, {"trade_id": 666821932, "side": "sell", "size": "0.06505517", "price": "3051.41000000", "time": "2025-07-14T14:23:06.182224Z", "fetched_at": "2025-07-14T14:23:29.395753+00:00", "symbol": "ETH-USD"}, {"trade_id": 666821931, "side": "buy", "size": "0.01097795", "price": "3051.57000000", "time": "2025-07-14T14:23:06.166262Z", "fetched_at": "2025-07-14T14:23:29.395753+00:00", "symbol": "ETH-USD"}, {"trade_id": 666821930, "side": "buy", "size": "0.00000327", "price": "3051.57000000", "time": "2025-07-14T14:23:06.166262Z", "fetched_at": "2025-07-14T14:23:29.395753+00:00", "symbol": "ETH-USD"}, {"trade_id": 666821929, "side": "sell", "size": "0.52654633", "price": "3051.32000000", "time": "2025-07-14T14:23:05.681886Z", "fetched_at": "2025-07-14T14:23:29.395753+00:00", "symbol": "ETH-USD"}, {"trade_id": 666821928, "side": "sell", "size": "0.00081352", "price": "3051.32000000", "time": "2025-07-14T14:23:05.467229Z", "fetched_at": "2025-07-14T14:23:29.395753+00:00", "symbol": "ETH-USD"}, {"trade_id": 666821927, "side": "buy", "size": "0.04243198", "price": "3051.00000000", "time": "2025-07-14T14:23:05.109847Z", "fetched_at": "2025-07-14T14:23:29.395753+00:00", "symbol": "ETH-USD"}, {"trade_id": 666821926, "side": "buy", "size": "0.01100950", "price": "3051.00000000", "time": "2025-07-14T14:23:05.109847Z", "fetched_at": "2025-07-14T14:23:29.395753+00:00", "symbol": "ETH-USD"}, {"trade_id": 666821925, "side": "buy", "size": "0.52712382", "price": "3051.09000000", "time": "2025-07-14T14:23:05.109847Z", "fetched_at": "2025-07-14T14:23:29.395753+00:00", "symbol": "ETH-USD"}, {"trade_id": 666821924, "side": "buy", "size": "0.33256798", "price": "3051.12000000", "time": "2025-07-14T14:23:05.097876Z", "fetched_at": "2025-07-14T14:23:29.395753+00:00", "symbol": "ETH-USD"}, {"trade_id": 666821923, "side": "buy", "size": "0.62812693", "price": "3051.23000000", "time": "2025-07-14T14:23:05.097876Z", "fetched_at": "2025-07-14T14:23:29.395753+00:00", "symbol": "ETH-USD"}, {"trade_id": 666821922, "side": "buy", "size": "0.18920256", "price": "3051.28000000", "time": "2025-07-14T14:23:05.074409Z", "fetched_at": "2025-07-14T14:23:29.395753+00:00", "symbol": "ETH-USD"}, {"trade_id": 666821921, "side": "sell", "size": "0.57048262", "price": "3051.56000000", "time": "2025-07-14T14:23:05.059685Z", "fetched_at": "2025-07-14T14:23:29.395753+00:00", "symbol": "ETH-USD"}, {"trade_id": 666821920, "side": "sell", "size": "0.15000000", "price": "3051.55000000", "time": "2025-07-14T14:23:05.059685Z", "fetched_at": "2025-07-14T14:23:29.395753+00:00", "symbol": "ETH-USD"}, {"trade_id": 666821919, "side": "sell", "size": "0.07225286", "price": "3051.52000000", "time": "2025-07-14T14:23:05.059685Z", "fetched_at": "2025-07-14T14:23:29.395753+00:00", "symbol": "ETH-USD"}, {"trade_id": 666821918, "side": "buy", "size": "0.70000000", "price": "3051.39000000", "time": "2025-07-14T14:23:05.007920Z", "fetched_at": "2025-07-14T14:23:29.395753+00:00", "symbol": "ETH-USD"}, {"trade_id": 666821917, "side": "buy", "size": "0.24269000", "price": "3051.40000000", "time": "2025-07-14T14:23:05.007920Z", "fetched_at": "2025-07-14T14:23:29.395753+00:00", "symbol": "ETH-USD"}, {"trade_id": 666821916, "side": "buy", "size": "0.00947034", "price": "3051.63000000", "time": "2025-07-14T14:23:04.876134Z", "fetched_at": "2025-07-14T14:23:29.395753+00:00", "symbol": "ETH-USD"}, {"trade_id": 666821915, "side": "sell", "size": "0.00026632", "price": "3051.18000000", "time": "2025-07-14T14:23:03.768055Z", "fetched_at": "2025-07-14T14:23:29.395753+00:00", "symbol": "ETH-USD"}, {"trade_id": 666821914, "side": "sell", "size": "0.00005822", "price": "3051.18000000", "time": "2025-07-14T14:23:03.768055Z", "fetched_at": "2025-07-14T14:23:29.395753+00:00", "symbol": "ETH-USD"}, {"trade_id": 666821913, "side": "sell", "size": "0.36963423", "price": "3051.42000000", "time": "2025-07-14T14:23:03.735032Z", "fetched_at": "2025-07-14T14:23:29.395753+00:00", "symbol": "ETH-USD"}, {"trade_id": 666821912, "side": "sell", "size": "0.00049175", "price": "3051.36000000", "time": "2025-07-14T14:23:03.735032Z", "fetched_at": "2025-07-14T14:23:29.395753+00:00", "symbol": "ETH-USD"}, {"trade_id": 666821911, "side": "sell", "size": "0.00014848", "price": "3051.30000000", "time": "2025-07-14T14:23:03.735032Z", "fetched_at": "2025-07-14T14:23:29.395753+00:00", "symbol": "ETH-USD"}, {"trade_id": 666821910, "side": "sell", "size": "0.00024001", "price": "3051.18000000", "time": "2025-07-14T14:23:03.735032Z", "fetched_at": "2025-07-14T14:23:29.395753+00:00", "symbol": "ETH-USD"}, {"trade_id": 666821909, "side": "sell", "size": "0.00005589", "price": "3050.96000000", "time": "2025-07-14T14:23:03.363294Z", "fetched_at": "2025-07-14T14:23:29.395753+00:00", "symbol": "ETH-USD"}, {"trade_id": 666821908, "side": "sell", "size": "0.00031000", "price": "3050.96000000", "time": "2025-07-14T14:23:03.363294Z", "fetched_at": "2025-07-14T14:23:29.395753+00:00", "symbol": "ETH-USD"}, {"trade_id": 666821907, "side": "sell", "size": "0.52245084", "price": "3050.93000000", "time": "2025-07-14T14:23:03.355452Z", "fetched_at": "2025-07-14T14:23:29.395753+00:00", "symbol": "ETH-USD"}, {"trade_id": 666821906, "side": "sell", "size": "0.12957494", "price": "3050.92000000", "time": "2025-07-14T14:23:03.355452Z", "fetched_at": "2025-07-14T14:23:29.395753+00:00", "symbol": "ETH-USD"}, {"trade_id": 666821905, "side": "buy", "size": "0.13929000", "price": "3050.62000000", "time": "2025-07-14T14:23:03.217676Z", "fetched_at": "2025-07-14T14:23:29.395753+00:00", "symbol": "ETH-USD"}, {"trade_id": 666821904, "side": "sell", "size": "0.01689000", "price": "3050.92000000", "time": "2025-07-14T14:23:03.210675Z", "fetched_at": "2025-07-14T14:23:29.395753+00:00", "symbol": "ETH-USD"}, {"trade_id": 666821903, "side": "sell", "size": "0.17853304", "price": "3050.62000000", "time": "2025-07-14T14:23:03.210536Z", "fetched_at": "2025-07-14T14:23:29.395753+00:00", "symbol": "ETH-USD"}, {"trade_id": 666821902, "side": "sell", "size": "0.01689000", "price": "3050.62000000", "time": "2025-07-14T14:23:03.210356Z", "fetched_at": "2025-07-14T14:23:29.395753+00:00", "symbol": "ETH-USD"}, {"trade_id": 666821901, "side": "sell", "size": "0.01689000", "price": "3050.62000000", "time": "2025-07-14T14:23:03.210279Z", "fetched_at": "2025-07-14T14:23:29.395753+00:00", "symbol": "ETH-USD"}, {"trade_id": 666821900, "side": "sell", "size": "0.81953052", "price": "3050.53000000", "time": "2025-07-14T14:23:03.208952Z", "fetched_at": "2025-07-14T14:23:29.395753+00:00", "symbol": "ETH-USD"}, {"trade_id": 666821899, "side": "sell", "size": "0.81955583", "price": "3050.44000000", "time": "2025-07-14T14:23:03.208910Z", "fetched_at": "2025-07-14T14:23:29.395753+00:00", "symbol": "ETH-USD"}, {"trade_id": 666821898, "side": "sell", "size": "0.20472824", "price": "3050.43000000", "time": "2025-07-14T14:23:03.208910Z", "fetched_at": "2025-07-14T14:23:29.395753+00:00", "symbol": "ETH-USD"}, {"trade_id": 666821897, "side": "sell", "size": "0.01621845", "price": "3050.47000000", "time": "2025-07-14T14:23:03.068766Z", "fetched_at": "2025-07-14T14:23:29.395753+00:00", "symbol": "ETH-USD"}, {"trade_id": 666821896, "side": "buy", "size": "0.00100000", "price": "3050.49000000", "time": "2025-07-14T14:23:02.879802Z", "fetched_at": "2025-07-14T14:23:29.395753+00:00", "symbol": "ETH-USD"}, {"trade_id": 666821895, "side": "buy", "size": "0.00100000", "price": "3050.72000000", "time": "2025-07-14T14:23:02.868641Z", "fetched_at": "2025-07-14T14:23:29.395753+00:00", "symbol": "ETH-USD"}, {"trade_id": 666821894, "side": "buy", "size": "1.30000000", "price": "3050.76000000", "time": "2025-07-14T14:23:02.858750Z", "fetched_at": "2025-07-14T14:23:29.395753+00:00", "symbol": "ETH-USD"}, {"trade_id": 666821893, "side": "buy", "size": "0.00947960", "price": "3050.76000000", "time": "2025-07-14T14:23:02.858750Z", "fetched_at": "2025-07-14T14:23:29.395753+00:00", "symbol": "ETH-USD"}, {"trade_id": 666821892, "side": "sell", "size": "0.03243456", "price": "3051.03000000", "time": "2025-07-14T14:23:01.532903Z", "fetched_at": "2025-07-14T14:23:29.395753+00:00", "symbol": "ETH-USD"}, {"trade_id": 666821891, "side": "buy", "size": "0.00100000", "price": "3050.95000000", "time": "2025-07-14T14:23:01.499761Z", "fetched_at": "2025-07-14T14:23:29.395753+00:00", "symbol": "ETH-USD"}, {"trade_id": 666821890, "side": "buy", "size": "0.11418250", "price": "3051.01000000", "time": "2025-07-14T14:23:01.488980Z", "fetched_at": "2025-07-14T14:23:29.395753+00:00", "symbol": "ETH-USD"}, {"trade_id": 666821889, "side": "buy", "size": "0.80000000", "price": "3051.03000000", "time": "2025-07-14T14:23:01.432944Z", "fetched_at": "2025-07-14T14:23:29.395753+00:00", "symbol": "ETH-USD"}, {"trade_id": 666821888, "side": "buy", "size": "0.00049147", "price": "3051.14000000", "time": "2025-07-14T14:23:01.232715Z", "fetched_at": "2025-07-14T14:23:29.395753+00:00", "symbol": "ETH-USD"}, {"trade_id": 666821887, "side": "buy", "size": "0.89173000", "price": "3051.18000000", "time": "2025-07-14T14:23:01.203572Z", "fetched_at": "2025-07-14T14:23:29.395753+00:00", "symbol": "ETH-USD"}, {"trade_id": 666821886, "side": "buy", "size": "0.00100000", "price": "3051.18000000", "time": "2025-07-14T14:23:01.203572Z", "fetched_at": "2025-07-14T14:23:29.395753+00:00", "symbol": "ETH-USD"}, {"trade_id": 666821885, "side": "buy", "size": "0.00100000", "price": "3051.41000000", "time": "2025-07-14T14:23:00.982925Z", "fetched_at": "2025-07-14T14:23:29.395753+00:00", "symbol": "ETH-USD"}, {"trade_id": 666821884, "side": "buy", "size": "0.97448375", "price": "3051.63000000", "time": "2025-07-14T14:23:00.972788Z", "fetched_at": "2025-07-14T14:23:29.395753+00:00", "symbol": "ETH-USD"}, {"trade_id": 666821883, "side": "buy", "size": "0.22551625", "price": "3051.63000000", "time": "2025-07-14T14:23:00.966141Z", "fetched_at": "2025-07-14T14:23:29.395753+00:00", "symbol": "ETH-USD"}, {"trade_id": 666821882, "side": "buy", "size": "0.00100000", "price": "3051.64000000", "time": "2025-07-14T14:23:00.958428Z", "fetched_at": "2025-07-14T14:23:29.395753+00:00", "symbol": "ETH-USD"}, {"trade_id": 666821881, "side": "buy", "size": "0.20664270", "price": "3051.71000000", "time": "2025-07-14T14:23:00.958428Z", "fetched_at": "2025-07-14T14:23:29.395753+00:00", "symbol": "ETH-USD"}, {"trade_id": 666821880, "side": "buy", "size": "0.22259315", "price": "3051.71000000", "time": "2025-07-14T14:23:00.956300Z", "fetched_at": "2025-07-14T14:23:29.395753+00:00", "symbol": "ETH-USD"}, {"trade_id": 666821879, "side": "buy", "size": "0.29136415", "price": "3051.71000000", "time": "2025-07-14T14:23:00.949896Z", "fetched_at": "2025-07-14T14:23:29.395753+00:00", "symbol": "ETH-USD"}, {"trade_id": 666821878, "side": "buy", "size": "0.39316802", "price": "3051.87000000", "time": "2025-07-14T14:23:00.630464Z", "fetched_at": "2025-07-14T14:23:29.395753+00:00", "symbol": "ETH-USD"}, {"trade_id": 666821877, "side": "buy", "size": "0.00100000", "price": "3051.87000000", "time": "2025-07-14T14:23:00.630464Z", "fetched_at": "2025-07-14T14:23:29.395753+00:00", "symbol": "ETH-USD"}, {"trade_id": 666821876, "side": "buy", "size": "0.10264164", "price": "3051.93000000", "time": "2025-07-14T14:23:00.630464Z", "fetched_at": "2025-07-14T14:23:29.395753+00:00", "symbol": "ETH-USD"}, {"trade_id": 666821875, "side": "buy", "size": "0.48668370", "price": "3051.93000000", "time": "2025-07-14T14:23:00.627175Z", "fetched_at": "2025-07-14T14:23:29.395753+00:00", "symbol": "ETH-USD"}, {"trade_id": 666821874, "side": "buy", "size": "0.00173980", "price": "3052.07000000", "time": "2025-07-14T14:23:00.627175Z", "fetched_at": "2025-07-14T14:23:29.395753+00:00", "symbol": "ETH-USD"}, {"trade_id": 666821873, "side": "buy", "size": "0.00220506", "price": "3052.07000000", "time": "2025-07-14T14:23:00.627175Z", "fetched_at": "2025-07-14T14:23:29.395753+00:00", "symbol": "ETH-USD"}, {"trade_id": 666821872, "side": "buy", "size": "0.00083219", "price": "3052.07000000", "time": "2025-07-14T14:23:00.627175Z", "fetched_at": "2025-07-14T14:23:29.395753+00:00", "symbol": "ETH-USD"}, {"trade_id": 666821871, "side": "buy", "size": "0.33967413", "price": "3051.93000000", "time": "2025-07-14T14:23:00.621776Z", "fetched_at": "2025-07-14T14:23:29.395753+00:00", "symbol": "ETH-USD"}, {"trade_id": 666821870, "side": "buy", "size": "0.17100053", "price": "3051.93000000", "time": "2025-07-14T14:23:00.621136Z", "fetched_at": "2025-07-14T14:23:29.395753+00:00", "symbol": "ETH-USD"}, {"trade_id": 666821869, "side": "buy", "size": "0.00001638", "price": "3051.97000000", "time": "2025-07-14T14:23:00.618462Z", "fetched_at": "2025-07-14T14:23:29.395753+00:00", "symbol": "ETH-USD"}, {"trade_id": 666821868, "side": "buy", "size": "0.00704453", "price": "3052.01000000", "time": "2025-07-14T14:23:00.618462Z", "fetched_at": "2025-07-14T14:23:29.395753+00:00", "symbol": "ETH-USD"}, {"trade_id": 666821867, "side": "buy", "size": "0.00875773", "price": "3052.02000000", "time": "2025-07-14T14:23:00.618462Z", "fetched_at": "2025-07-14T14:23:29.395753+00:00", "symbol": "ETH-USD"}, {"trade_id": 666821866, "side": "buy", "size": "0.24779432", "price": "3052.02000000", "time": "2025-07-14T14:23:00.615724Z", "fetched_at": "2025-07-14T14:23:29.395753+00:00", "symbol": "ETH-USD"}, {"trade_id": 666821865, "side": "buy", "size": "0.26146395", "price": "3052.02000000", "time": "2025-07-14T14:23:00.615355Z", "fetched_at": "2025-07-14T14:23:29.395753+00:00", "symbol": "ETH-USD"}, {"trade_id": 666821864, "side": "buy", "size": "0.07863253", "price": "3052.06000000", "time": "2025-07-14T14:23:00.615355Z", "fetched_at": "2025-07-14T14:23:29.395753+00:00", "symbol": "ETH-USD"}, {"trade_id": 666821863, "side": "buy", "size": "0.00033393", "price": "3052.06000000", "time": "2025-07-14T14:23:00.615355Z", "fetched_at": "2025-07-14T14:23:29.395753+00:00", "symbol": "ETH-USD"}, {"trade_id": 666821862, "side": "buy", "size": "0.24269000", "price": "3052.07000000", "time": "2025-07-14T14:23:00.615355Z", "fetched_at": "2025-07-14T14:23:29.395753+00:00", "symbol": "ETH-USD"}, {"trade_id": 666821861, "side": "buy", "size": "0.00078635", "price": "3052.07000000", "time": "2025-07-14T14:23:00.615355Z", "fetched_at": "2025-07-14T14:23:29.395753+00:00", "symbol": "ETH-USD"}, {"trade_id": 666821860, "side": "buy", "size": "0.00583210", "price": "3052.07000000", "time": "2025-07-14T14:23:00.615355Z", "fetched_at": "2025-07-14T14:23:29.395753+00:00", "symbol": "ETH-USD"}, {"trade_id": 666821859, "side": "buy", "size": "0.00056355", "price": "3052.07000000", "time": "2025-07-14T14:23:00.615355Z", "fetched_at": "2025-07-14T14:23:29.395753+00:00", "symbol": "ETH-USD"}, {"trade_id": 666821858, "side": "buy", "size": "0.00002293", "price": "3052.07000000", "time": "2025-07-14T14:23:00.615355Z", "fetched_at": "2025-07-14T14:23:29.395753+00:00", "symbol": "ETH-USD"}, {"trade_id": 666821857, "side": "buy", "size": "0.19999673", "price": "3052.13000000", "time": "2025-07-14T14:23:00.419249Z", "fetched_at": "2025-07-14T14:23:29.395753+00:00", "symbol": "ETH-USD"}, {"trade_id": 666821856, "side": "buy", "size": "0.01242374", "price": "3052.22000000", "time": "2025-07-14T14:23:00.419249Z", "fetched_at": "2025-07-14T14:23:29.395753+00:00", "symbol": "ETH-USD"}, {"trade_id": 666821855, "side": "buy", "size": "0.00719803", "price": "3052.22000000", "time": "2025-07-14T14:23:00.419249Z", "fetched_at": "2025-07-14T14:23:29.395753+00:00", "symbol": "ETH-USD"}, {"trade_id": 666821854, "side": "buy", "size": "1.10000000", "price": "3052.23000000", "time": "2025-07-14T14:23:00.419249Z", "fetched_at": "2025-07-14T14:23:29.395753+00:00", "symbol": "ETH-USD"}, {"trade_id": 666821853, "side": "buy", "size": "0.00463923", "price": "3052.23000000", "time": "2025-07-14T14:23:00.419249Z", "fetched_at": "2025-07-14T14:23:29.395753+00:00", "symbol": "ETH-USD"}, {"trade_id": 666821852, "side": "buy", "size": "0.00360059", "price": "3052.27000000", "time": "2025-07-14T14:23:00.401890Z", "fetched_at": "2025-07-14T14:23:29.395753+00:00", "symbol": "ETH-USD"}, {"trade_id": 666821851, "side": "buy", "size": "0.00231957", "price": "3052.28000000", "time": "2025-07-14T14:23:00.401890Z", "fetched_at": "2025-07-14T14:23:29.395753+00:00", "symbol": "ETH-USD"}, {"trade_id": 666821850, "side": "buy", "size": "0.66820793", "price": "3052.30000000", "time": "2025-07-14T14:23:00.401890Z", "fetched_at": "2025-07-14T14:23:29.395753+00:00", "symbol": "ETH-USD"}, {"trade_id": 666821849, "side": "buy", "size": "0.18912826", "price": "3052.32000000", "time": "2025-07-14T14:23:00.401890Z", "fetched_at": "2025-07-14T14:23:29.395753+00:00", "symbol": "ETH-USD"}, {"trade_id": 666821848, "side": "buy", "size": "0.23179207", "price": "3052.30000000", "time": "2025-07-14T14:23:00.048872Z", "fetched_at": "2025-07-14T14:23:29.395753+00:00", "symbol": "ETH-USD"}, {"trade_id": 666821847, "side": "buy", "size": "0.00909475", "price": "3052.31000000", "time": "2025-07-14T14:23:00.048872Z", "fetched_at": "2025-07-14T14:23:29.395753+00:00", "symbol": "ETH-USD"}, {"trade_id": 666821846, "side": "buy", "size": "0.07186688", "price": "3052.31000000", "time": "2025-07-14T14:23:00.048872Z", "fetched_at": "2025-07-14T14:23:29.395753+00:00", "symbol": "ETH-USD"}, {"trade_id": 666821845, "side": "buy", "size": "1.21810870", "price": "3052.31000000", "time": "2025-07-14T14:23:00.048872Z", "fetched_at": "2025-07-14T14:23:29.395753+00:00", "symbol": "ETH-USD"}, {"trade_id": 666821844, "side": "buy", "size": "0.10685467", "price": "3052.32000000", "time": "2025-07-14T14:23:00.048872Z", "fetched_at": "2025-07-14T14:23:29.395753+00:00", "symbol": "ETH-USD"}, {"trade_id": 666821843, "side": "buy", "size": "0.04998691", "price": "3052.36000000", "time": "2025-07-14T14:22:58.922921Z", "fetched_at": "2025-07-14T14:23:29.395753+00:00", "symbol": "ETH-USD"}, {"trade_id": 666821842, "side": "buy", "size": "0.00000327", "price": "3052.36000000", "time": "2025-07-14T14:22:58.922921Z", "fetched_at": "2025-07-14T14:23:29.395753+00:00", "symbol": "ETH-USD"}, {"trade_id": 666821841, "side": "buy", "size": "0.00000655", "price": "3052.36000000", "time": "2025-07-14T14:22:58.922921Z", "fetched_at": "2025-07-14T14:23:29.395753+00:00", "symbol": "ETH-USD"}, {"trade_id": 666821840, "side": "buy", "size": "0.00000327", "price": "3052.37000000", "time": "2025-07-14T14:22:58.922921Z", "fetched_at": "2025-07-14T14:23:29.395753+00:00", "symbol": "ETH-USD"}, {"trade_id": 666821839, "side": "sell", "size": "0.01137498", "price": "3052.38000000", "time": "2025-07-14T14:22:57.303709Z", "fetched_at": "2025-07-14T14:23:29.395753+00:00", "symbol": "ETH-USD"}, {"trade_id": 666821838, "side": "sell", "size": "0.04775617", "price": "3052.38000000", "time": "2025-07-14T14:22:56.198328Z", "fetched_at": "2025-07-14T14:23:29.395753+00:00", "symbol": "ETH-USD"}, {"trade_id": 666821837, "side": "buy", "size": "0.15000000", "price": "3052.32000000", "time": "2025-07-14T14:22:56.039342Z", "fetched_at": "2025-07-14T14:23:29.395753+00:00", "symbol": "ETH-USD"}, {"trade_id": 666821836, "side": "buy", "size": "0.18990207", "price": "3052.31000000", "time": "2025-07-14T14:22:55.874800Z", "fetched_at": "2025-07-14T14:23:29.395753+00:00", "symbol": "ETH-USD"}, {"trade_id": 666821835, "side": "buy", "size": "0.02824307", "price": "3052.43000000", "time": "2025-07-14T14:22:55.567849Z", "fetched_at": "2025-07-14T14:23:29.395753+00:00", "symbol": "ETH-USD"}, {"trade_id": 666821834, "side": "buy", "size": "0.00049858", "price": "3052.43000000", "time": "2025-07-14T14:22:55.335111Z", "fetched_at": "2025-07-14T14:23:29.395753+00:00", "symbol": "ETH-USD"}, {"trade_id": 666821833, "side": "sell", "size": "0.01209615", "price": "3052.30000000", "time": "2025-07-14T14:22:55.187649Z", "fetched_at": "2025-07-14T14:23:29.395753+00:00", "symbol": "ETH-USD"}, {"trade_id": 666821832, "side": "sell", "size": "0.00795973", "price": "3052.30000000", "time": "2025-07-14T14:22:54.019026Z", "fetched_at": "2025-07-14T14:23:29.395753+00:00", "symbol": "ETH-USD"}, {"trade_id": 666821831, "side": "sell", "size": "0.00129734", "price": "3052.42000000", "time": "2025-07-14T14:22:53.972937Z", "fetched_at": "2025-07-14T14:23:29.395753+00:00", "symbol": "ETH-USD"}, {"trade_id": 666821830, "side": "buy", "size": "0.00013105", "price": "3052.08000000", "time": "2025-07-14T14:22:53.087586Z", "fetched_at": "2025-07-14T14:23:29.395753+00:00", "symbol": "ETH-USD"}, {"trade_id": 666821829, "side": "buy", "size": "0.00000327", "price": "3052.38000000", "time": "2025-07-14T14:22:53.087586Z", "fetched_at": "2025-07-14T14:23:29.395753+00:00", "symbol": "ETH-USD"}, {"trade_id": 666821828, "side": "sell", "size": "0.01591899", "price": "3052.43000000", "time": "2025-07-14T14:22:52.870407Z", "fetched_at": "2025-07-14T14:23:29.395753+00:00", "symbol": "ETH-USD"}, {"trade_id": 666821827, "side": "sell", "size": "0.79131269", "price": "3052.36000000", "time": "2025-07-14T14:22:52.389912Z", "fetched_at": "2025-07-14T14:23:29.395753+00:00", "symbol": "ETH-USD"}, {"trade_id": 666821826, "side": "sell", "size": "0.16380875", "price": "3052.34000000", "time": "2025-07-14T14:22:52.389912Z", "fetched_at": "2025-07-14T14:23:29.395753+00:00", "symbol": "ETH-USD"}, {"trade_id": 666821825, "side": "sell", "size": "0.06283720", "price": "3052.35000000", "time": "2025-07-14T14:22:52.126695Z", "fetched_at": "2025-07-14T14:23:29.395753+00:00", "symbol": "ETH-USD"}, {"trade_id": 666821824, "side": "sell", "size": "0.16381480", "price": "3052.23000000", "time": "2025-07-14T14:22:52.126695Z", "fetched_at": "2025-07-14T14:23:29.395753+00:00", "symbol": "ETH-USD"}, {"trade_id": 666821823, "side": "buy", "size": "0.00000655", "price": "3052.33000000", "time": "2025-07-14T14:22:51.870086Z", "fetched_at": "2025-07-14T14:23:29.395753+00:00", "symbol": "ETH-USD"}, {"trade_id": 666821822, "side": "buy", "size": "0.10357333", "price": "3052.33000000", "time": "2025-07-14T14:22:51.870086Z", "fetched_at": "2025-07-14T14:23:29.395753+00:00", "symbol": "ETH-USD"}, {"trade_id": 666821821, "side": "buy", "size": "0.05230758", "price": "3052.33000000", "time": "2025-07-14T14:22:51.870086Z", "fetched_at": "2025-07-14T14:23:29.395753+00:00", "symbol": "ETH-USD"}, {"trade_id": 666821820, "side": "sell", "size": "0.00151128", "price": "3052.55000000", "time": "2025-07-14T14:22:51.810211Z", "fetched_at": "2025-07-14T14:23:29.395753+00:00", "symbol": "ETH-USD"}, {"trade_id": 666821819, "side": "sell", "size": "0.00003928", "price": "3052.53000000", "time": "2025-07-14T14:22:51.810211Z", "fetched_at": "2025-07-14T14:23:29.395753+00:00", "symbol": "ETH-USD"}, {"trade_id": 666821818, "side": "sell", "size": "0.00021858", "price": "3052.53000000", "time": "2025-07-14T14:22:51.810211Z", "fetched_at": "2025-07-14T14:23:29.395753+00:00", "symbol": "ETH-USD"}, {"trade_id": 666821817, "side": "sell", "size": "0.00021374", "price": "3052.53000000", "time": "2025-07-14T14:22:51.810211Z", "fetched_at": "2025-07-14T14:23:29.395753+00:00", "symbol": "ETH-USD"}, {"trade_id": 666821816, "side": "sell", "size": "0.00020670", "price": "3052.53000000", "time": "2025-07-14T14:22:51.810211Z", "fetched_at": "2025-07-14T14:23:29.395753+00:00", "symbol": "ETH-USD"}, {"trade_id": 666821815, "side": "sell", "size": "0.35029398", "price": "3052.55000000", "time": "2025-07-14T14:22:51.371901Z", "fetched_at": "2025-07-14T14:23:29.395753+00:00", "symbol": "ETH-USD"}, {"trade_id": 666821814, "side": "buy", "size": "0.33851031", "price": "3052.33000000", "time": "2025-07-14T14:22:51.103814Z", "fetched_at": "2025-07-14T14:23:29.395753+00:00", "symbol": "ETH-USD"}, {"trade_id": 666821813, "side": "buy", "size": "0.00100000", "price": "3052.33000000", "time": "2025-07-14T14:22:51.103814Z", "fetched_at": "2025-07-14T14:23:29.395753+00:00", "symbol": "ETH-USD"}, {"trade_id": 666821812, "side": "buy", "size": "0.60000000", "price": "3052.48000000", "time": "2025-07-14T14:22:51.087757Z", "fetched_at": "2025-07-14T14:23:29.395753+00:00", "symbol": "ETH-USD"}, {"trade_id": 666821811, "side": "buy", "size": "0.90000000", "price": "3052.50000000", "time": "2025-07-14T14:22:51.064676Z", "fetched_at": "2025-07-14T14:23:29.395753+00:00", "symbol": "ETH-USD"}, {"trade_id": 666821810, "side": "buy", "size": "0.11756088", "price": "3052.58000000", "time": "2025-07-14T14:22:51.064676Z", "fetched_at": "2025-07-14T14:23:29.395753+00:00", "symbol": "ETH-USD"}, {"trade_id": 666821809, "side": "buy", "size": "0.43457452", "price": "3052.55000000", "time": "2025-07-14T14:22:50.925204Z", "fetched_at": "2025-07-14T14:23:29.395753+00:00", "symbol": "ETH-USD"}, {"trade_id": 666821808, "side": "buy", "size": "0.60659708", "price": "3052.91000000", "time": "2025-07-14T14:22:50.820072Z", "fetched_at": "2025-07-14T14:23:29.395753+00:00", "symbol": "ETH-USD"}, {"trade_id": 666821807, "side": "buy", "size": "0.18927453", "price": "3052.92000000", "time": "2025-07-14T14:22:50.820072Z", "fetched_at": "2025-07-14T14:23:29.395753+00:00", "symbol": "ETH-USD"}, {"trade_id": 666821806, "side": "buy", "size": "0.15000000", "price": "3052.93000000", "time": "2025-07-14T14:22:50.820072Z", "fetched_at": "2025-07-14T14:23:29.395753+00:00", "symbol": "ETH-USD"}, {"trade_id": 666821805, "side": "buy", "size": "0.56329464", "price": "3052.95000000", "time": "2025-07-14T14:22:50.820072Z", "fetched_at": "2025-07-14T14:23:29.395753+00:00", "symbol": "ETH-USD"}, {"trade_id": 666821804, "side": "buy", "size": "0.06964000", "price": "3053.07000000", "time": "2025-07-14T14:22:50.660187Z", "fetched_at": "2025-07-14T14:23:29.395753+00:00", "symbol": "ETH-USD"}, {"trade_id": 666821803, "side": "buy", "size": "0.13929000", "price": "3053.19000000", "time": "2025-07-14T14:22:50.660187Z", "fetched_at": "2025-07-14T14:23:29.395753+00:00", "symbol": "ETH-USD"}, {"trade_id": 666821802, "side": "sell", "size": "0.19985643", "price": "3052.95000000", "time": "2025-07-14T14:22:50.654918Z", "fetched_at": "2025-07-14T14:23:29.395753+00:00", "symbol": "ETH-USD"}, {"trade_id": 666821801, "side": "sell", "size": "0.00012381", "price": "3052.92000000", "time": "2025-07-14T14:22:50.654918Z", "fetched_at": "2025-07-14T14:23:29.395753+00:00", "symbol": "ETH-USD"}, {"trade_id": 666821800, "side": "sell", "size": "0.38261988", "price": "3052.90000000", "time": "2025-07-14T14:22:50.654918Z", "fetched_at": "2025-07-14T14:23:29.395753+00:00", "symbol": "ETH-USD"}, {"trade_id": 666821799, "side": "sell", "size": "0.48600000", "price": "3052.89000000", "time": "2025-07-14T14:22:50.654918Z", "fetched_at": "2025-07-14T14:23:29.395753+00:00", "symbol": "ETH-USD"}, {"trade_id": 666821798, "side": "sell", "size": "0.00008715", "price": "3052.79000000", "time": "2025-07-14T14:22:50.652084Z", "fetched_at": "2025-07-14T14:23:29.395753+00:00", "symbol": "ETH-USD"}, {"trade_id": 666821797, "side": "sell", "size": "0.00032906", "price": "3052.79000000", "time": "2025-07-14T14:22:50.652084Z", "fetched_at": "2025-07-14T14:23:29.395753+00:00", "symbol": "ETH-USD"}, {"trade_id": 666821796, "side": "sell", "size": "0.00048263", "price": "3052.79000000", "time": "2025-07-14T14:22:50.652084Z", "fetched_at": "2025-07-14T14:23:29.395753+00:00", "symbol": "ETH-USD"}, {"trade_id": 666821795, "side": "sell", "size": "0.40000000", "price": "3052.75000000", "time": "2025-07-14T14:22:50.652084Z", "fetched_at": "2025-07-14T14:23:29.395753+00:00", "symbol": "ETH-USD"}, {"trade_id": 666821794, "side": "sell", "size": "0.20000000", "price": "3052.75000000", "time": "2025-07-14T14:22:50.652084Z", "fetched_at": "2025-07-14T14:23:29.395753+00:00", "symbol": "ETH-USD"}, {"trade_id": 666821793, "side": "sell", "size": "0.80000000", "price": "3052.75000000", "time": "2025-07-14T14:22:50.652084Z", "fetched_at": "2025-07-14T14:23:29.395753+00:00", "symbol": "ETH-USD"}, {"trade_id": 666821792, "side": "sell", "size": "0.40000000", "price": "3052.75000000", "time": "2025-07-14T14:22:50.652084Z", "fetched_at": "2025-07-14T14:23:29.395753+00:00", "symbol": "ETH-USD"}, {"trade_id": 666821791, "side": "sell", "size": "0.20000000", "price": "3052.75000000", "time": "2025-07-14T14:22:50.652084Z", "fetched_at": "2025-07-14T14:23:29.395753+00:00", "symbol": "ETH-USD"}, {"trade_id": 666821790, "side": "sell", "size": "0.30735998", "price": "3052.74000000", "time": "2025-07-14T14:22:50.652084Z", "fetched_at": "2025-07-14T14:23:29.395753+00:00", "symbol": "ETH-USD"}, {"trade_id": 666821789, "side": "sell", "size": "0.68564728", "price": "3052.66000000", "time": "2025-07-14T14:22:50.651910Z", "fetched_at": "2025-07-14T14:23:29.395753+00:00", "symbol": "ETH-USD"}, {"trade_id": 666821788, "side": "sell", "size": "0.85202776", "price": "3052.65000000", "time": "2025-07-14T14:22:50.651910Z", "fetched_at": "2025-07-14T14:23:29.395753+00:00", "symbol": "ETH-USD"}, {"trade_id": 666821787, "side": "sell", "size": "0.16290415", "price": "3052.64000000", "time": "2025-07-14T14:22:50.651910Z", "fetched_at": "2025-07-14T14:23:29.395753+00:00", "symbol": "ETH-USD"}, {"trade_id": 666821786, "side": "sell", "size": "0.42557920", "price": "3052.64000000", "time": "2025-07-14T14:22:50.651910Z", "fetched_at": "2025-07-14T14:23:29.395753+00:00", "symbol": "ETH-USD"}, {"trade_id": 666821785, "side": "sell", "size": "0.62889020", "price": "3052.63000000", "time": "2025-07-14T14:22:50.651910Z", "fetched_at": "2025-07-14T14:23:29.395753+00:00", "symbol": "ETH-USD"}, {"trade_id": 666821784, "side": "sell", "size": "0.66218832", "price": "3052.62000000", "time": "2025-07-14T14:22:50.651910Z", "fetched_at": "2025-07-14T14:23:29.395753+00:00", "symbol": "ETH-USD"}, {"trade_id": 666821783, "side": "sell", "size": "0.53731968", "price": "3052.61000000", "time": "2025-07-14T14:22:50.651910Z", "fetched_at": "2025-07-14T14:23:29.395753+00:00", "symbol": "ETH-USD"}, {"trade_id": 666821782, "side": "sell", "size": "0.44868032", "price": "3052.55000000", "time": "2025-07-14T14:22:50.651910Z", "fetched_at": "2025-07-14T14:23:29.395753+00:00", "symbol": "ETH-USD"}, {"trade_id": 666821781, "side": "sell", "size": "0.05131968", "price": "3052.55000000", "time": "2025-07-14T14:22:50.651894Z", "fetched_at": "2025-07-14T14:23:29.395753+00:00", "symbol": "ETH-USD"}, {"trade_id": 666821780, "side": "sell", "size": "0.48600000", "price": "3052.50000000", "time": "2025-07-14T14:22:50.651894Z", "fetched_at": "2025-07-14T14:23:29.395753+00:00", "symbol": "ETH-USD"}, {"trade_id": 666821779, "side": "sell", "size": "0.38172104", "price": "3052.45000000", "time": "2025-07-14T14:22:50.651332Z", "fetched_at": "2025-07-14T14:23:29.395753+00:00", "symbol": "ETH-USD"}, {"trade_id": 666821778, "side": "sell", "size": "0.52063262", "price": "3052.44000000", "time": "2025-07-14T14:22:50.651332Z", "fetched_at": "2025-07-14T14:23:29.395753+00:00", "symbol": "ETH-USD"}, {"trade_id": 666821777, "side": "sell", "size": "0.11076196", "price": "3052.38000000", "time": "2025-07-14T14:22:50.651332Z", "fetched_at": "2025-07-14T14:23:29.395753+00:00", "symbol": "ETH-USD"}, {"trade_id": 666821776, "side": "sell", "size": "0.81905345", "price": "3052.31000000", "time": "2025-07-14T14:22:50.651009Z", "fetched_at": "2025-07-14T14:23:29.395753+00:00", "symbol": "ETH-USD"}, {"trade_id": 666821775, "side": "sell", "size": "0.81908400", "price": "3052.19000000", "time": "2025-07-14T14:22:50.651009Z", "fetched_at": "2025-07-14T14:23:29.395753+00:00", "symbol": "ETH-USD"}, {"trade_id": 666821774, "side": "sell", "size": "0.29752306", "price": "3052.18000000", "time": "2025-07-14T14:22:50.651009Z", "fetched_at": "2025-07-14T14:23:29.395753+00:00", "symbol": "ETH-USD"}, {"trade_id": 666821773, "side": "sell", "size": "0.16094207", "price": "3052.08000000", "time": "2025-07-14T14:22:50.650268Z", "fetched_at": "2025-07-14T14:23:29.395753+00:00", "symbol": "ETH-USD"}, {"trade_id": 666821772, "side": "sell", "size": "0.00288063", "price": "3052.08000000", "time": "2025-07-14T14:22:50.595736Z", "fetched_at": "2025-07-14T14:23:29.395753+00:00", "symbol": "ETH-USD"}, {"trade_id": 666821771, "side": "buy", "size": "0.15790273", "price": "3052.24000000", "time": "2025-07-14T14:22:50.275145Z", "fetched_at": "2025-07-14T14:23:29.395753+00:00", "symbol": "ETH-USD"}, {"trade_id": 666821770, "side": "buy", "size": "1.10000000", "price": "3052.49000000", "time": "2025-07-14T14:22:48.825910Z", "fetched_at": "2025-07-14T14:23:29.395753+00:00", "symbol": "ETH-USD"}, {"trade_id": 666821769, "side": "buy", "size": "0.06699732", "price": "3052.51000000", "time": "2025-07-14T14:22:48.816699Z", "fetched_at": "2025-07-14T14:23:29.395753+00:00", "symbol": "ETH-USD"}, {"trade_id": 666821768, "side": "buy", "size": "0.01582631", "price": "3052.51000000", "time": "2025-07-14T14:22:48.816699Z", "fetched_at": "2025-07-14T14:23:29.395753+00:00", "symbol": "ETH-USD"}, {"trade_id": 666821767, "side": "buy", "size": "0.90000000", "price": "3052.53000000", "time": "2025-07-14T14:22:48.816699Z", "fetched_at": "2025-07-14T14:23:29.395753+00:00", "symbol": "ETH-USD"}, {"trade_id": 666821766, "side": "buy", "size": "0.14752306", "price": "3051.95000000", "time": "2025-07-14T14:22:47.588083Z", "fetched_at": "2025-07-14T14:23:29.395753+00:00", "symbol": "ETH-USD"}, {"trade_id": 666821765, "side": "buy", "size": "0.01395659", "price": "3052.32000000", "time": "2025-07-14T14:22:47.588083Z", "fetched_at": "2025-07-14T14:23:29.395753+00:00", "symbol": "ETH-USD"}, {"trade_id": 666821764, "side": "buy", "size": "0.10052353", "price": "3052.32000000", "time": "2025-07-14T14:22:47.588083Z", "fetched_at": "2025-07-14T14:23:29.395753+00:00", "symbol": "ETH-USD"}, {"trade_id": 666821763, "side": "buy", "size": "0.00000327", "price": "3052.32000000", "time": "2025-07-14T14:22:47.588083Z", "fetched_at": "2025-07-14T14:23:29.395753+00:00", "symbol": "ETH-USD"}, {"trade_id": 666821762, "side": "sell", "size": "0.07514500", "price": "3052.64000000", "time": "2025-07-14T14:22:47.526644Z", "fetched_at": "2025-07-14T14:23:29.395753+00:00", "symbol": "ETH-USD"}, {"trade_id": 666821761, "side": "sell", "size": "0.30000000", "price": "3052.63000000", "time": "2025-07-14T14:22:47.526644Z", "fetched_at": "2025-07-14T14:23:29.395753+00:00", "symbol": "ETH-USD"}, {"trade_id": 666821760, "side": "sell", "size": "0.16379910", "price": "3052.52000000", "time": "2025-07-14T14:22:47.526644Z", "fetched_at": "2025-07-14T14:23:29.395753+00:00", "symbol": "ETH-USD"}, {"trade_id": 666821759, "side": "sell", "size": "0.81900248", "price": "3052.50000000", "time": "2025-07-14T14:22:47.526644Z", "fetched_at": "2025-07-14T14:23:29.395753+00:00", "symbol": "ETH-USD"}, {"trade_id": 666821758, "side": "sell", "size": "0.00030454", "price": "3052.33000000", "time": "2025-07-14T14:22:47.526644Z", "fetched_at": "2025-07-14T14:23:29.395753+00:00", "symbol": "ETH-USD"}, {"trade_id": 666821757, "side": "sell", "size": "0.00039322", "price": "3052.33000000", "time": "2025-07-14T14:22:47.526644Z", "fetched_at": "2025-07-14T14:23:29.395753+00:00", "symbol": "ETH-USD"}, {"trade_id": 666821756, "side": "sell", "size": "0.00007088", "price": "3052.33000000", "time": "2025-07-14T14:22:47.526644Z", "fetched_at": "2025-07-14T14:23:29.395753+00:00", "symbol": "ETH-USD"}, {"trade_id": 666821755, "side": "buy", "size": "0.97276082", "price": "3051.40000000", "time": "2025-07-14T14:22:46.612691Z", "fetched_at": "2025-07-14T14:23:29.395753+00:00", "symbol": "ETH-USD"}, {"trade_id": 666821754, "side": "buy", "size": "7.18986986", "price": "3051.41000000", "time": "2025-07-14T14:22:46.612691Z", "fetched_at": "2025-07-14T14:23:29.395753+00:00", "symbol": "ETH-USD"}, {"trade_id": 666821753, "side": "buy", "size": "0.00100000", "price": "3051.41000000", "time": "2025-07-14T14:22:46.612691Z", "fetched_at": "2025-07-14T14:23:29.395753+00:00", "symbol": "ETH-USD"}, {"trade_id": 666821752, "side": "buy", "size": "1.67929434", "price": "3051.53000000", "time": "2025-07-14T14:22:46.612691Z", "fetched_at": "2025-07-14T14:23:29.395753+00:00", "symbol": "ETH-USD"}, {"trade_id": 666821751, "side": "buy", "size": "0.00000623", "price": "3051.57000000", "time": "2025-07-14T14:22:46.612691Z", "fetched_at": "2025-07-14T14:23:29.395753+00:00", "symbol": "ETH-USD"}, {"trade_id": 666821750, "side": "buy", "size": "0.33392036", "price": "3051.58000000", "time": "2025-07-14T14:22:46.612691Z", "fetched_at": "2025-07-14T14:23:29.395753+00:00", "symbol": "ETH-USD"}, {"trade_id": 666821749, "side": "buy", "size": "0.91425000", "price": "3051.59000000", "time": "2025-07-14T14:22:46.612691Z", "fetched_at": "2025-07-14T14:23:29.395753+00:00", "symbol": "ETH-USD"}, {"trade_id": 666821748, "side": "buy", "size": "0.91396336", "price": "3051.60000000", "time": "2025-07-14T14:22:46.612691Z", "fetched_at": "2025-07-14T14:23:29.395753+00:00", "symbol": "ETH-USD"}, {"trade_id": 666821747, "side": "buy", "size": "0.74890595", "price": "3051.60000000", "time": "2025-07-14T14:22:46.612691Z", "fetched_at": "2025-07-14T14:23:29.395753+00:00", "symbol": "ETH-USD"}, {"trade_id": 666821746, "side": "buy", "size": "0.00100000", "price": "3051.64000000", "time": "2025-07-14T14:22:46.612691Z", "fetched_at": "2025-07-14T14:23:29.395753+00:00", "symbol": "ETH-USD"}, {"trade_id": 666821745, "side": "buy", "size": "0.33256798", "price": "3051.65000000", "time": "2025-07-14T14:22:46.612691Z", "fetched_at": "2025-07-14T14:23:29.395753+00:00", "symbol": "ETH-USD"}, {"trade_id": 666821744, "side": "buy", "size": "0.81922094", "price": "3051.67000000", "time": "2025-07-14T14:22:46.612691Z", "fetched_at": "2025-07-14T14:23:29.395753+00:00", "symbol": "ETH-USD"}, {"trade_id": 666821743, "side": "buy", "size": "0.48600000", "price": "3051.68000000", "time": "2025-07-14T14:22:46.612691Z", "fetched_at": "2025-07-14T14:23:29.395753+00:00", "symbol": "ETH-USD"}, {"trade_id": 666821742, "side": "buy", "size": "0.49146245", "price": "3051.69000000", "time": "2025-07-14T14:22:46.612691Z", "fetched_at": "2025-07-14T14:23:29.395753+00:00", "symbol": "ETH-USD"}, {"trade_id": 666821741, "side": "buy", "size": "0.30169061", "price": "3051.70000000", "time": "2025-07-14T14:22:46.612691Z", "fetched_at": "2025-07-14T14:23:29.395753+00:00", "symbol": "ETH-USD"}, {"trade_id": 666821740, "side": "buy", "size": "0.62812693", "price": "3051.72000000", "time": "2025-07-14T14:22:46.612691Z", "fetched_at": "2025-07-14T14:23:29.395753+00:00", "symbol": "ETH-USD"}, {"trade_id": 666821739, "side": "buy", "size": "1.65502698", "price": "3051.73000000", "time": "2025-07-14T14:22:46.612691Z", "fetched_at": "2025-07-14T14:23:29.395753+00:00", "symbol": "ETH-USD"}, {"trade_id": 666821738, "side": "buy", "size": "0.17012002", "price": "3051.74000000", "time": "2025-07-14T14:22:46.612691Z", "fetched_at": "2025-07-14T14:23:29.395753+00:00", "symbol": "ETH-USD"}, {"trade_id": 666821737, "side": "buy", "size": "0.16383775", "price": "3051.79000000", "time": "2025-07-14T14:22:46.612691Z", "fetched_at": "2025-07-14T14:23:29.395753+00:00", "symbol": "ETH-USD"}, {"trade_id": 666821736, "side": "buy", "size": "0.00100000", "price": "3051.87000000", "time": "2025-07-14T14:22:46.612691Z", "fetched_at": "2025-07-14T14:23:29.395753+00:00", "symbol": "ETH-USD"}, {"trade_id": 666821735, "side": "buy", "size": "0.49388302", "price": "3051.91000000", "time": "2025-07-14T14:22:46.612691Z", "fetched_at": "2025-07-14T14:23:29.395753+00:00", "symbol": "ETH-USD"}, {"trade_id": 666821734, "side": "buy", "size": "0.08243733", "price": "3051.93000000", "time": "2025-07-14T14:22:46.612691Z", "fetched_at": "2025-07-14T14:23:29.395753+00:00", "symbol": "ETH-USD"}, {"trade_id": 666821733, "side": "buy", "size": "0.48600000", "price": "3052.01000000", "time": "2025-07-14T14:22:46.612691Z", "fetched_at": "2025-07-14T14:23:29.395753+00:00", "symbol": "ETH-USD"}, {"trade_id": 666821732, "side": "buy", "size": "0.63739221", "price": "3052.04000000", "time": "2025-07-14T14:22:46.612691Z", "fetched_at": "2025-07-14T14:23:29.395753+00:00", "symbol": "ETH-USD"}, {"trade_id": 666821731, "side": "buy", "size": "0.60833568", "price": "3052.05000000", "time": "2025-07-14T14:22:46.612691Z", "fetched_at": "2025-07-14T14:23:29.395753+00:00", "symbol": "ETH-USD"}, {"trade_id": 666821730, "side": "buy", "size": "0.74179304", "price": "3052.06000000", "time": "2025-07-14T14:22:46.612691Z", "fetched_at": "2025-07-14T14:23:29.395753+00:00", "symbol": "ETH-USD"}, {"trade_id": 666821729, "side": "buy", "size": "0.69198576", "price": "3052.07000000", "time": "2025-07-14T14:22:46.612691Z", "fetched_at": "2025-07-14T14:23:29.395753+00:00", "symbol": "ETH-USD"}, {"trade_id": 666821728, "side": "buy", "size": "0.46190948", "price": "3052.08000000", "time": "2025-07-14T14:22:46.612691Z", "fetched_at": "2025-07-14T14:23:29.395753+00:00", "symbol": "ETH-USD"}, {"trade_id": 666821727, "side": "buy", "size": "1.20000000", "price": "3052.13000000", "time": "2025-07-14T14:22:46.612691Z", "fetched_at": "2025-07-14T14:23:29.395753+00:00", "symbol": "ETH-USD"}, {"trade_id": 666821726, "side": "buy", "size": "0.00622821", "price": "3052.24000000", "time": "2025-07-14T14:22:46.612691Z", "fetched_at": "2025-07-14T14:23:29.395753+00:00", "symbol": "ETH-USD"}, {"trade_id": 666821725, "side": "buy", "size": "0.00050782", "price": "3052.24000000", "time": "2025-07-14T14:22:46.612691Z", "fetched_at": "2025-07-14T14:23:29.395753+00:00", "symbol": "ETH-USD"}, {"trade_id": 666821724, "side": "buy", "size": "0.05622755", "price": "3052.24000000", "time": "2025-07-14T14:22:46.612691Z", "fetched_at": "2025-07-14T14:23:29.395753+00:00", "symbol": "ETH-USD"}, {"trade_id": 666821723, "side": "buy", "size": "0.90000000", "price": "3052.27000000", "time": "2025-07-14T14:22:46.612691Z", "fetched_at": "2025-07-14T14:23:29.395753+00:00", "symbol": "ETH-USD"}, {"trade_id": 666821722, "side": "buy", "size": "0.57777815", "price": "3052.28000000", "time": "2025-07-14T14:22:46.612691Z", "fetched_at": "2025-07-14T14:23:29.395753+00:00", "symbol": "ETH-USD"}, {"trade_id": 666821721, "side": "buy", "size": "0.00025226", "price": "3052.31000000", "time": "2025-07-14T14:22:46.612691Z", "fetched_at": "2025-07-14T14:23:29.395753+00:00", "symbol": "ETH-USD"}, {"trade_id": 666821720, "side": "buy", "size": "0.03164805", "price": "3052.32000000", "time": "2025-07-14T14:22:46.612691Z", "fetched_at": "2025-07-14T14:23:29.395753+00:00", "symbol": "ETH-USD"}, {"trade_id": 666821719, "side": "buy", "size": "0.15000000", "price": "3052.32000000", "time": "2025-07-14T14:22:46.612691Z", "fetched_at": "2025-07-14T14:23:29.395753+00:00", "symbol": "ETH-USD"}, {"trade_id": 666821718, "side": "buy", "size": "0.48458945", "price": "3052.32000000", "time": "2025-07-14T14:22:46.612691Z", "fetched_at": "2025-07-14T14:23:29.395753+00:00", "symbol": "ETH-USD"}, {"trade_id": 666821717, "side": "buy", "size": "0.19120210", "price": "3052.32000000", "time": "2025-07-14T14:22:46.612691Z", "fetched_at": "2025-07-14T14:23:29.395753+00:00", "symbol": "ETH-USD"}, {"trade_id": 666821716, "side": "buy", "size": "0.13929000", "price": "3052.53000000", "time": "2025-07-14T14:22:45.001263Z", "fetched_at": "2025-07-14T14:23:29.395753+00:00", "symbol": "ETH-USD"}, {"trade_id": 666821715, "side": "buy", "size": "0.13929000", "price": "3052.31000000", "time": "2025-07-14T14:22:44.969573Z", "fetched_at": "2025-07-14T14:23:29.395753+00:00", "symbol": "ETH-USD"}, {"trade_id": 666821714, "side": "buy", "size": "0.13929000", "price": "3052.32000000", "time": "2025-07-14T14:22:44.581744Z", "fetched_at": "2025-07-14T14:23:29.395753+00:00", "symbol": "ETH-USD"}, {"trade_id": 666821713, "side": "buy", "size": "0.03727450", "price": "3052.22000000", "time": "2025-07-14T14:22:43.464508Z", "fetched_at": "2025-07-14T14:23:29.395753+00:00", "symbol": "ETH-USD"}, {"trade_id": 666821712, "side": "buy", "size": "0.90000000", "price": "3052.22000000", "time": "2025-07-14T14:22:43.464508Z", "fetched_at": "2025-07-14T14:23:29.395753+00:00", "symbol": "ETH-USD"}, {"trade_id": 666821711, "side": "buy", "size": "0.03677046", "price": "3052.45000000", "time": "2025-07-14T14:22:43.338974Z", "fetched_at": "2025-07-14T14:23:29.395753+00:00", "symbol": "ETH-USD"}, {"trade_id": 666821710, "side": "sell", "size": "0.71913601", "price": "3052.46000000", "time": "2025-07-14T14:22:43.314865Z", "fetched_at": "2025-07-14T14:23:29.395753+00:00", "symbol": "ETH-USD"}, {"trade_id": 666821709, "side": "sell", "size": "0.27600179", "price": "3052.46000000", "time": "2025-07-14T14:22:43.314865Z", "fetched_at": "2025-07-14T14:23:29.395753+00:00", "symbol": "ETH-USD"}, {"trade_id": 666821708, "side": "sell", "size": "0.49568403", "price": "3052.46000000", "time": "2025-07-14T14:22:43.314865Z", "fetched_at": "2025-07-14T14:23:29.395753+00:00", "symbol": "ETH-USD"}, {"trade_id": 666821707, "side": "sell", "size": "0.16380231", "price": "3052.46000000", "time": "2025-07-14T14:22:43.314865Z", "fetched_at": "2025-07-14T14:23:29.395753+00:00", "symbol": "ETH-USD"}, {"trade_id": 666821706, "side": "buy", "size": "0.01576116", "price": "3052.44000000", "time": "2025-07-14T14:22:43.242949Z", "fetched_at": "2025-07-14T14:23:29.395753+00:00", "symbol": "ETH-USD"}, {"trade_id": 666821705, "side": "buy", "size": "0.11752526", "price": "3052.45000000", "time": "2025-07-14T14:22:43.242949Z", "fetched_at": "2025-07-14T14:23:29.395753+00:00", "symbol": "ETH-USD"}, {"trade_id": 666821704, "side": "buy", "size": "0.04513751", "price": "3052.45000000", "time": "2025-07-14T14:22:43.242949Z", "fetched_at": "2025-07-14T14:23:29.395753+00:00", "symbol": "ETH-USD"}, {"trade_id": 666821703, "side": "buy", "size": "0.23425117", "price": "3052.45000000", "time": "2025-07-14T14:22:43.242949Z", "fetched_at": "2025-07-14T14:23:29.395753+00:00", "symbol": "ETH-USD"}, {"trade_id": 666821702, "side": "buy", "size": "0.60000000", "price": "3052.76000000", "time": "2025-07-14T14:22:42.450323Z", "fetched_at": "2025-07-14T14:23:29.395753+00:00", "symbol": "ETH-USD"}, {"trade_id": 666821701, "side": "buy", "size": "0.09210978", "price": "3052.77000000", "time": "2025-07-14T14:22:42.450323Z", "fetched_at": "2025-07-14T14:23:29.395753+00:00", "symbol": "ETH-USD"}, {"trade_id": 666821700, "side": "buy", "size": "0.06370280", "price": "3052.77000000", "time": "2025-07-14T14:22:42.450323Z", "fetched_at": "2025-07-14T14:23:29.395753+00:00", "symbol": "ETH-USD"}, {"trade_id": 666821699, "side": "sell", "size": "0.03243573", "price": "3052.84000000", "time": "2025-07-14T14:22:41.930530Z", "fetched_at": "2025-07-14T14:23:29.395753+00:00", "symbol": "ETH-USD"}, {"trade_id": 666821698, "side": "sell", "size": "0.06215721", "price": "3052.92000000", "time": "2025-07-14T14:22:40.157242Z", "fetched_at": "2025-07-14T14:23:29.395753+00:00", "symbol": "ETH-USD"}, {"trade_id": 666821697, "side": "buy", "size": "0.24269000", "price": "3052.39000000", "time": "2025-07-14T14:22:39.472277Z", "fetched_at": "2025-07-14T14:23:29.395753+00:00", "symbol": "ETH-USD"}, {"trade_id": 666821696, "side": "buy", "size": "0.48600000", "price": "3052.40000000", "time": "2025-07-14T14:22:39.472277Z", "fetched_at": "2025-07-14T14:23:29.395753+00:00", "symbol": "ETH-USD"}, {"trade_id": 666821695, "side": "buy", "size": "0.00000327", "price": "3052.73000000", "time": "2025-07-14T14:22:39.445555Z", "fetched_at": "2025-07-14T14:23:29.395753+00:00", "symbol": "ETH-USD"}, {"trade_id": 666821694, "side": "buy", "size": "0.01575966", "price": "3052.73000000", "time": "2025-07-14T14:22:39.445555Z", "fetched_at": "2025-07-14T14:23:29.395753+00:00", "symbol": "ETH-USD"}, {"trade_id": 666821693, "side": "buy", "size": "0.15000000", "price": "3053.09000000", "time": "2025-07-14T14:22:39.415171Z", "fetched_at": "2025-07-14T14:23:29.395753+00:00", "symbol": "ETH-USD"}, {"trade_id": 666821692, "side": "buy", "size": "0.04322251", "price": "3053.04000000", "time": "2025-07-14T14:22:39.406884Z", "fetched_at": "2025-07-14T14:23:29.395753+00:00", "symbol": "ETH-USD"}, {"trade_id": 666821691, "side": "buy", "size": "0.13077570", "price": "3053.04000000", "time": "2025-07-14T14:22:39.406627Z", "fetched_at": "2025-07-14T14:23:29.395753+00:00", "symbol": "ETH-USD"}, {"trade_id": 666821690, "side": "buy", "size": "0.12600179", "price": "3053.34000000", "time": "2025-07-14T14:22:39.398553Z", "fetched_at": "2025-07-14T14:23:29.395753+00:00", "symbol": "ETH-USD"}, {"trade_id": 666821689, "side": "buy", "size": "0.57795817", "price": "3053.03000000", "time": "2025-07-14T14:22:39.385926Z", "fetched_at": "2025-07-14T14:23:29.395753+00:00", "symbol": "ETH-USD"}, {"trade_id": 666821688, "side": "buy", "size": "0.08589475", "price": "3053.03000000", "time": "2025-07-14T14:22:39.384878Z", "fetched_at": "2025-07-14T14:23:29.395753+00:00", "symbol": "ETH-USD"}, {"trade_id": 666821687, "side": "buy", "size": "0.23186795", "price": "3053.34000000", "time": "2025-07-14T14:22:39.376490Z", "fetched_at": "2025-07-14T14:23:29.395753+00:00", "symbol": "ETH-USD"}, {"trade_id": 666821686, "side": "buy", "size": "0.14651681", "price": "3053.34000000", "time": "2025-07-14T14:22:39.375792Z", "fetched_at": "2025-07-14T14:23:29.395753+00:00", "symbol": "ETH-USD"}, {"trade_id": 666821685, "side": "buy", "size": "0.02293748", "price": "3053.46000000", "time": "2025-07-14T14:22:39.371617Z", "fetched_at": "2025-07-14T14:23:29.395753+00:00", "symbol": "ETH-USD"}, {"trade_id": 666821684, "side": "buy", "size": "0.16897925", "price": "3053.46000000", "time": "2025-07-14T14:22:39.371617Z", "fetched_at": "2025-07-14T14:23:29.395753+00:00", "symbol": "ETH-USD"}, {"trade_id": 666821683, "side": "buy", "size": "0.16747107", "price": "3053.46000000", "time": "2025-07-14T14:22:39.371566Z", "fetched_at": "2025-07-14T14:23:29.395753+00:00", "symbol": "ETH-USD"}, {"trade_id": 666821682, "side": "sell", "size": "0.15000000", "price": "3053.53000000", "time": "2025-07-14T14:22:39.358931Z", "fetched_at": "2025-07-14T14:23:29.395753+00:00", "symbol": "ETH-USD"}, {"trade_id": 666821681, "side": "sell", "size": "4.29324200", "price": "3054.15000000", "time": "2025-07-14T14:22:39.353227Z", "fetched_at": "2025-07-14T14:23:29.395753+00:00", "symbol": "ETH-USD"}, {"trade_id": 666821680, "side": "sell", "size": "1.60348292", "price": "3054.15000000", "time": "2025-07-14T14:22:39.347585Z", "fetched_at": "2025-07-14T14:23:29.395753+00:00", "symbol": "ETH-USD"}, {"trade_id": 666821679, "side": "sell", "size": "0.03404854", "price": "3053.53000000", "time": "2025-07-14T14:22:39.346107Z", "fetched_at": "2025-07-14T14:23:29.395753+00:00", "symbol": "ETH-USD"}, {"trade_id": 666821678, "side": "sell", "size": "0.26209100", "price": "3053.48000000", "time": "2025-07-14T14:22:39.346107Z", "fetched_at": "2025-07-14T14:23:29.395753+00:00", "symbol": "ETH-USD"}, {"trade_id": 666821677, "side": "sell", "size": "0.24678181", "price": "3052.94000000", "time": "2025-07-14T14:22:39.346107Z", "fetched_at": "2025-07-14T14:23:29.395753+00:00", "symbol": "ETH-USD"}, {"trade_id": 666821676, "side": "sell", "size": "5.12843222", "price": "3054.15000000", "time": "2025-07-14T14:22:39.344907Z", "fetched_at": "2025-07-14T14:23:29.395753+00:00", "symbol": "ETH-USD"}, {"trade_id": 666821675, "side": "sell", "size": "0.00049133", "price": "3054.12000000", "time": "2025-07-14T14:22:39.344907Z", "fetched_at": "2025-07-14T14:23:29.395753+00:00", "symbol": "ETH-USD"}, {"trade_id": 666821674, "side": "sell", "size": "0.00100000", "price": "3053.94000000", "time": "2025-07-14T14:22:39.344907Z", "fetched_at": "2025-07-14T14:23:29.395753+00:00", "symbol": "ETH-USD"}, {"trade_id": 666821673, "side": "sell", "size": "0.32744692", "price": "3053.93000000", "time": "2025-07-14T14:22:39.344907Z", "fetched_at": "2025-07-14T14:23:29.395753+00:00", "symbol": "ETH-USD"}, {"trade_id": 666821672, "side": "sell", "size": "0.48600000", "price": "3053.92000000", "time": "2025-07-14T14:22:39.344907Z", "fetched_at": "2025-07-14T14:23:29.395753+00:00", "symbol": "ETH-USD"}, {"trade_id": 666821671, "side": "sell", "size": "0.48866815", "price": "3053.87000000", "time": "2025-07-14T14:22:39.344907Z", "fetched_at": "2025-07-14T14:23:29.395753+00:00", "symbol": "ETH-USD"}, {"trade_id": 666821670, "side": "sell", "size": "0.27886703", "price": "3053.83000000", "time": "2025-07-14T14:22:39.344907Z", "fetched_at": "2025-07-14T14:23:29.395753+00:00", "symbol": "ETH-USD"}, {"trade_id": 666821669, "side": "sell", "size": "5.57392022", "price": "3053.74000000", "time": "2025-07-14T14:22:39.344907Z", "fetched_at": "2025-07-14T14:23:29.395753+00:00", "symbol": "ETH-USD"}, {"trade_id": 666821668, "side": "sell", "size": "0.00100000", "price": "3053.71000000", "time": "2025-07-14T14:22:39.344907Z", "fetched_at": "2025-07-14T14:23:29.395753+00:00", "symbol": "ETH-USD"}, {"trade_id": 666821667, "side": "sell", "size": "1.20586599", "price": "3053.55000000", "time": "2025-07-14T14:22:39.344907Z", "fetched_at": "2025-07-14T14:23:29.395753+00:00", "symbol": "ETH-USD"}, {"trade_id": 666821666, "side": "sell", "size": "2.75786846", "price": "3053.55000000", "time": "2025-07-14T14:22:39.344652Z", "fetched_at": "2025-07-14T14:23:29.395753+00:00", "symbol": "ETH-USD"}, {"trade_id": 666821665, "side": "sell", "size": "2.31312008", "price": "3053.55000000", "time": "2025-07-14T14:22:39.344652Z", "fetched_at": "2025-07-14T14:23:29.395753+00:00", "symbol": "ETH-USD"}, {"trade_id": 666821664, "side": "sell", "size": "2.19794154", "price": "3053.55000000", "time": "2025-07-14T14:22:39.344617Z", "fetched_at": "2025-07-14T14:23:29.395753+00:00", "symbol": "ETH-USD"}, {"trade_id": 666821663, "side": "sell", "size": "1.52373838", "price": "3053.55000000", "time": "2025-07-14T14:22:39.341980Z", "fetched_at": "2025-07-14T14:23:29.395753+00:00", "symbol": "ETH-USD"}, {"trade_id": 666821662, "side": "sell", "size": "0.48600000", "price": "3053.55000000", "time": "2025-07-14T14:22:39.341980Z", "fetched_at": "2025-07-14T14:23:29.395753+00:00", "symbol": "ETH-USD"}, {"trade_id": 666821661, "side": "sell", "size": "2.66984067", "price": "3053.54000000", "time": "2025-07-14T14:22:39.341980Z", "fetched_at": "2025-07-14T14:23:29.395753+00:00", "symbol": "ETH-USD"}, {"trade_id": 666821660, "side": "sell", "size": "0.00100000", "price": "3053.48000000", "time": "2025-07-14T14:22:39.341980Z", "fetched_at": "2025-07-14T14:23:29.395753+00:00", "symbol": "ETH-USD"}, {"trade_id": 666821659, "side": "sell", "size": "0.31618427", "price": "3053.36000000", "time": "2025-07-14T14:22:39.340890Z", "fetched_at": "2025-07-14T14:23:29.395753+00:00", "symbol": "ETH-USD"}, {"trade_id": 666821658, "side": "sell", "size": "0.60623726", "price": "3053.26000000", "time": "2025-07-14T14:22:39.340296Z", "fetched_at": "2025-07-14T14:23:29.395753+00:00", "symbol": "ETH-USD"}, {"trade_id": 666821657, "side": "sell", "size": "0.36374236", "price": "3053.25000000", "time": "2025-07-14T14:22:39.340296Z", "fetched_at": "2025-07-14T14:23:29.395753+00:00", "symbol": "ETH-USD"}, {"trade_id": 666821656, "side": "sell", "size": "0.00100000", "price": "3053.25000000", "time": "2025-07-14T14:22:39.340296Z", "fetched_at": "2025-07-14T14:23:29.395753+00:00", "symbol": "ETH-USD"}, {"trade_id": 666821655, "side": "sell", "size": "0.00049146", "price": "3053.20000000", "time": "2025-07-14T14:22:39.340190Z", "fetched_at": "2025-07-14T14:23:29.395753+00:00", "symbol": "ETH-USD"}, {"trade_id": 666821654, "side": "sell", "size": "0.48600000", "price": "3053.18000000", "time": "2025-07-14T14:22:39.340190Z", "fetched_at": "2025-07-14T14:23:29.395753+00:00", "symbol": "ETH-USD"}, {"trade_id": 666821653, "side": "sell", "size": "0.05364873", "price": "3053.12000000", "time": "2025-07-14T14:22:39.340190Z", "fetched_at": "2025-07-14T14:23:29.395753+00:00", "symbol": "ETH-USD"}, {"trade_id": 666821652, "side": "sell", "size": "0.00100000", "price": "3053.02000000", "time": "2025-07-14T14:22:39.340190Z", "fetched_at": "2025-07-14T14:23:29.395753+00:00", "symbol": "ETH-USD"}, {"trade_id": 666821651, "side": "sell", "size": "1.30348741", "price": "3053.01000000", "time": "2025-07-14T14:22:39.340190Z", "fetched_at": "2025-07-14T14:23:29.395753+00:00", "symbol": "ETH-USD"}, {"trade_id": 666821650, "side": "sell", "size": "1.68457506", "price": "3053.00000000", "time": "2025-07-14T14:22:39.340190Z", "fetched_at": "2025-07-14T14:23:29.395753+00:00", "symbol": "ETH-USD"}, {"trade_id": 666821649, "side": "sell", "size": "1.79343748", "price": "3052.99000000", "time": "2025-07-14T14:22:39.340190Z", "fetched_at": "2025-07-14T14:23:29.395753+00:00", "symbol": "ETH-USD"}, {"trade_id": 666821648, "side": "sell", "size": "0.10522160", "price": "3052.95000000", "time": "2025-07-14T14:22:39.340190Z", "fetched_at": "2025-07-14T14:23:29.395753+00:00", "symbol": "ETH-USD"}, {"trade_id": 666821647, "side": "sell", "size": "0.15809213", "price": "3052.94000000", "time": "2025-07-14T14:22:39.340190Z", "fetched_at": "2025-07-14T14:23:29.395753+00:00", "symbol": "ETH-USD"}, {"trade_id": 666821646, "side": "sell", "size": "0.25073799", "price": "3052.86000000", "time": "2025-07-14T14:22:39.340190Z", "fetched_at": "2025-07-14T14:23:29.395753+00:00", "symbol": "ETH-USD"}, {"trade_id": 666821645, "side": "sell", "size": "0.00100000", "price": "3052.79000000", "time": "2025-07-14T14:22:39.340118Z", "fetched_at": "2025-07-14T14:23:29.395753+00:00", "symbol": "ETH-USD"}, {"trade_id": 666821644, "side": "sell", "size": "0.34190167", "price": "3052.79000000", "time": "2025-07-14T14:22:39.340118Z", "fetched_at": "2025-07-14T14:23:29.395753+00:00", "symbol": "ETH-USD"}, {"trade_id": 666821643, "side": "sell", "size": "0.19999669", "price": "3052.77000000", "time": "2025-07-14T14:22:39.340118Z", "fetched_at": "2025-07-14T14:23:29.395753+00:00", "symbol": "ETH-USD"}, {"trade_id": 666821642, "side": "sell", "size": "0.08054861", "price": "3052.77000000", "time": "2025-07-14T14:22:39.340118Z", "fetched_at": "2025-07-14T14:23:29.395753+00:00", "symbol": "ETH-USD"}, {"trade_id": 666821641, "side": "sell", "size": "0.11944347", "price": "3052.77000000", "time": "2025-07-14T14:22:39.340118Z", "fetched_at": "2025-07-14T14:23:29.395753+00:00", "symbol": "ETH-USD"}, {"trade_id": 666821640, "side": "sell", "size": "0.48600000", "price": "3052.74000000", "time": "2025-07-14T14:22:39.340118Z", "fetched_at": "2025-07-14T14:23:29.395753+00:00", "symbol": "ETH-USD"}, {"trade_id": 666821639, "side": "sell", "size": "1.67983407", "price": "3052.69000000", "time": "2025-07-14T14:22:39.339996Z", "fetched_at": "2025-07-14T14:23:29.395753+00:00", "symbol": "ETH-USD"}, {"trade_id": 666821638, "side": "sell", "size": "0.14959310", "price": "3052.68000000", "time": "2025-07-14T14:22:39.339996Z", "fetched_at": "2025-07-14T14:23:29.395753+00:00", "symbol": "ETH-USD"}, {"trade_id": 666821637, "side": "sell", "size": "1.89868143", "price": "3052.68000000", "time": "2025-07-14T14:22:39.339947Z", "fetched_at": "2025-07-14T14:23:29.395753+00:00", "symbol": "ETH-USD"}, {"trade_id": 666821636, "side": "sell", "size": "0.30735998", "price": "3052.67000000", "time": "2025-07-14T14:22:39.339947Z", "fetched_at": "2025-07-14T14:23:29.395753+00:00", "symbol": "ETH-USD"}, {"trade_id": 666821635, "side": "sell", "size": "0.32443550", "price": "3052.60000000", "time": "2025-07-14T14:22:39.339947Z", "fetched_at": "2025-07-14T14:23:29.395753+00:00", "symbol": "ETH-USD"}, {"trade_id": 666821634, "side": "sell", "size": "1.30227803", "price": "3052.60000000", "time": "2025-07-14T14:22:39.339947Z", "fetched_at": "2025-07-14T14:23:29.395753+00:00", "symbol": "ETH-USD"}, {"trade_id": 666821633, "side": "sell", "size": "0.81898072", "price": "3052.58000000", "time": "2025-07-14T14:22:39.339947Z", "fetched_at": "2025-07-14T14:23:29.395753+00:00", "symbol": "ETH-USD"}, {"trade_id": 666821632, "side": "sell", "size": "0.00100000", "price": "3052.56000000", "time": "2025-07-14T14:22:39.339947Z", "fetched_at": "2025-07-14T14:23:29.395753+00:00", "symbol": "ETH-USD"}, {"trade_id": 666821631, "side": "sell", "size": "0.66218832", "price": "3052.52000000", "time": "2025-07-14T14:22:39.339947Z", "fetched_at": "2025-07-14T14:23:29.395753+00:00", "symbol": "ETH-USD"}, {"trade_id": 666821630, "side": "sell", "size": "2.14108740", "price": "3052.50000000", "time": "2025-07-14T14:22:39.339947Z", "fetched_at": "2025-07-14T14:23:29.395753+00:00", "symbol": "ETH-USD"}, {"trade_id": 666821629, "side": "sell", "size": "0.25504189", "price": "3052.49000000", "time": "2025-07-14T14:22:39.339947Z", "fetched_at": "2025-07-14T14:23:29.395753+00:00", "symbol": "ETH-USD"}, {"trade_id": 666821628, "side": "sell", "size": "3.86441811", "price": "3052.49000000", "time": "2025-07-14T14:22:39.339701Z", "fetched_at": "2025-07-14T14:23:29.395753+00:00", "symbol": "ETH-USD"}, {"trade_id": 666821627, "side": "sell", "size": "0.20000000", "price": "3052.44000000", "time": "2025-07-14T14:22:39.339701Z", "fetched_at": "2025-07-14T14:23:29.395753+00:00", "symbol": "ETH-USD"}, {"trade_id": 666821626, "side": "sell", "size": "0.40000000", "price": "3052.44000000", "time": "2025-07-14T14:22:39.339701Z", "fetched_at": "2025-07-14T14:23:29.395753+00:00", "symbol": "ETH-USD"}, {"trade_id": 666821625, "side": "sell", "size": "2.52522600", "price": "3052.38000000", "time": "2025-07-14T14:22:39.339701Z", "fetched_at": "2025-07-14T14:23:29.395753+00:00", "symbol": "ETH-USD"}, {"trade_id": 666821624, "side": "sell", "size": "0.53160000", "price": "3052.38000000", "time": "2025-07-14T14:22:39.339701Z", "fetched_at": "2025-07-14T14:23:29.395753+00:00", "symbol": "ETH-USD"}, {"trade_id": 666821623, "side": "sell", "size": "0.00100000", "price": "3052.33000000", "time": "2025-07-14T14:22:39.339701Z", "fetched_at": "2025-07-14T14:23:29.395753+00:00", "symbol": "ETH-USD"}, {"trade_id": 666821622, "side": "sell", "size": "0.00049161", "price": "3052.28000000", "time": "2025-07-14T14:22:39.339701Z", "fetched_at": "2025-07-14T14:23:29.395753+00:00", "symbol": "ETH-USD"}, {"trade_id": 666821621, "side": "sell", "size": "0.80000000", "price": "3052.27000000", "time": "2025-07-14T14:22:39.339313Z", "fetched_at": "2025-07-14T14:23:29.395753+00:00", "symbol": "ETH-USD"}