[{"trade_id": 665527148, "side": "sell", "size": "0.80240001", "price": "2969.79000000", "time": "2025-07-11T16:39:31.999919Z", "fetched_at": "2025-07-11T16:39:34.294316+00:00", "symbol": "ETH-USD"}, {"trade_id": 665527147, "side": "sell", "size": "0.00315185", "price": "2969.79000000", "time": "2025-07-11T16:39:31.999919Z", "fetched_at": "2025-07-11T16:39:34.294316+00:00", "symbol": "ETH-USD"}, {"trade_id": 665527146, "side": "sell", "size": "0.56916001", "price": "2969.79000000", "time": "2025-07-11T16:39:31.959794Z", "fetched_at": "2025-07-11T16:39:34.294316+00:00", "symbol": "ETH-USD"}, {"trade_id": 665527145, "side": "sell", "size": "0.00315185", "price": "2969.79000000", "time": "2025-07-11T16:39:31.959794Z", "fetched_at": "2025-07-11T16:39:34.294316+00:00", "symbol": "ETH-USD"}, {"trade_id": 665527144, "side": "sell", "size": "0.58888001", "price": "2969.71000000", "time": "2025-07-11T16:39:31.901277Z", "fetched_at": "2025-07-11T16:39:34.294316+00:00", "symbol": "ETH-USD"}, {"trade_id": 665527143, "side": "sell", "size": "0.00315185", "price": "2969.71000000", "time": "2025-07-11T16:39:31.901277Z", "fetched_at": "2025-07-11T16:39:34.294316+00:00", "symbol": "ETH-USD"}, {"trade_id": 665527142, "side": "buy", "size": "0.00053191", "price": "2970.04000000", "time": "2025-07-11T16:39:31.450210Z", "fetched_at": "2025-07-11T16:39:34.294316+00:00", "symbol": "ETH-USD"}, {"trade_id": 665527141, "side": "sell", "size": "0.01686000", "price": "2970.07000000", "time": "2025-07-11T16:39:31.376467Z", "fetched_at": "2025-07-11T16:39:34.294316+00:00", "symbol": "ETH-USD"}, {"trade_id": 665527140, "side": "sell", "size": "0.06430000", "price": "2970.08000000", "time": "2025-07-11T16:39:31.372458Z", "fetched_at": "2025-07-11T16:39:34.294316+00:00", "symbol": "ETH-USD"}, {"trade_id": 665527139, "side": "buy", "size": "0.00100000", "price": "2969.78000000", "time": "2025-07-11T16:39:31.358267Z", "fetched_at": "2025-07-11T16:39:34.294316+00:00", "symbol": "ETH-USD"}, {"trade_id": 665527138, "side": "buy", "size": "0.00100000", "price": "2970.00000000", "time": "2025-07-11T16:39:31.358267Z", "fetched_at": "2025-07-11T16:39:34.294316+00:00", "symbol": "ETH-USD"}, {"trade_id": 665527137, "side": "buy", "size": "0.75007083", "price": "2970.01000000", "time": "2025-07-11T16:39:31.358267Z", "fetched_at": "2025-07-11T16:39:34.294316+00:00", "symbol": "ETH-USD"}, {"trade_id": 665527136, "side": "buy", "size": "0.39876462", "price": "2970.02000000", "time": "2025-07-11T16:39:31.358267Z", "fetched_at": "2025-07-11T16:39:34.294316+00:00", "symbol": "ETH-USD"}, {"trade_id": 665527135, "side": "buy", "size": "0.00050488", "price": "2970.05000000", "time": "2025-07-11T16:39:31.358267Z", "fetched_at": "2025-07-11T16:39:34.294316+00:00", "symbol": "ETH-USD"}, {"trade_id": 665527134, "side": "buy", "size": "3.75482306", "price": "2970.15000000", "time": "2025-07-11T16:39:31.358267Z", "fetched_at": "2025-07-11T16:39:34.294316+00:00", "symbol": "ETH-USD"}, {"trade_id": 665527133, "side": "buy", "size": "6.24517694", "price": "2970.15000000", "time": "2025-07-11T16:39:31.357041Z", "fetched_at": "2025-07-11T16:39:34.294316+00:00", "symbol": "ETH-USD"}, {"trade_id": 665527132, "side": "buy", "size": "8.41707562", "price": "2970.15000000", "time": "2025-07-11T16:39:31.357041Z", "fetched_at": "2025-07-11T16:39:34.294316+00:00", "symbol": "ETH-USD"}, {"trade_id": 665527131, "side": "buy", "size": "0.33674744", "price": "2970.19000000", "time": "2025-07-11T16:39:31.357041Z", "fetched_at": "2025-07-11T16:39:34.294316+00:00", "symbol": "ETH-USD"}, {"trade_id": 665527130, "side": "buy", "size": "0.00100000", "price": "2970.22000000", "time": "2025-07-11T16:39:31.357041Z", "fetched_at": "2025-07-11T16:39:34.294316+00:00", "symbol": "ETH-USD"}, {"trade_id": 665527129, "side": "sell", "size": "0.03269314", "price": "2970.87000000", "time": "2025-07-11T16:39:31.355941Z", "fetched_at": "2025-07-11T16:39:34.294316+00:00", "symbol": "ETH-USD"}, {"trade_id": 665527128, "side": "buy", "size": "0.69808472", "price": "2970.51000000", "time": "2025-07-11T16:39:31.355409Z", "fetched_at": "2025-07-11T16:39:34.294316+00:00", "symbol": "ETH-USD"}, {"trade_id": 665527127, "side": "buy", "size": "1.02847999", "price": "2970.40000000", "time": "2025-07-11T16:39:31.351152Z", "fetched_at": "2025-07-11T16:39:34.294316+00:00", "symbol": "ETH-USD"}, {"trade_id": 665527126, "side": "buy", "size": "0.33746333", "price": "2970.40000000", "time": "2025-07-11T16:39:31.351136Z", "fetched_at": "2025-07-11T16:39:34.294316+00:00", "symbol": "ETH-USD"}, {"trade_id": 665527125, "side": "buy", "size": "2.97129241", "price": "2970.41000000", "time": "2025-07-11T16:39:31.350924Z", "fetched_at": "2025-07-11T16:39:34.294316+00:00", "symbol": "ETH-USD"}, {"trade_id": 665527124, "side": "buy", "size": "2.43798452", "price": "2970.41000000", "time": "2025-07-11T16:39:31.350890Z", "fetched_at": "2025-07-11T16:39:34.294316+00:00", "symbol": "ETH-USD"}, {"trade_id": 665527123, "side": "buy", "size": "8.33499961", "price": "2970.41000000", "time": "2025-07-11T16:39:31.350626Z", "fetched_at": "2025-07-11T16:39:34.294316+00:00", "symbol": "ETH-USD"}, {"trade_id": 665527122, "side": "buy", "size": "0.00100000", "price": "2970.44000000", "time": "2025-07-11T16:39:31.350626Z", "fetched_at": "2025-07-11T16:39:34.294316+00:00", "symbol": "ETH-USD"}, {"trade_id": 665527121, "side": "buy", "size": "0.51300000", "price": "2970.50000000", "time": "2025-07-11T16:39:31.350626Z", "fetched_at": "2025-07-11T16:39:34.294316+00:00", "symbol": "ETH-USD"}, {"trade_id": 665527120, "side": "buy", "size": "0.16827690", "price": "2970.64000000", "time": "2025-07-11T16:39:31.350626Z", "fetched_at": "2025-07-11T16:39:34.294316+00:00", "symbol": "ETH-USD"}, {"trade_id": 665527119, "side": "buy", "size": "0.00100000", "price": "2970.66000000", "time": "2025-07-11T16:39:31.350626Z", "fetched_at": "2025-07-11T16:39:34.294316+00:00", "symbol": "ETH-USD"}, {"trade_id": 665527118, "side": "buy", "size": "0.26993100", "price": "2970.72000000", "time": "2025-07-11T16:39:31.350626Z", "fetched_at": "2025-07-11T16:39:34.294316+00:00", "symbol": "ETH-USD"}, {"trade_id": 665527117, "side": "buy", "size": "0.42199335", "price": "2970.87000000", "time": "2025-07-11T16:39:31.350626Z", "fetched_at": "2025-07-11T16:39:34.294316+00:00", "symbol": "ETH-USD"}, {"trade_id": 665527116, "side": "buy", "size": "0.27633528", "price": "2970.87000000", "time": "2025-07-11T16:39:31.350261Z", "fetched_at": "2025-07-11T16:39:34.294316+00:00", "symbol": "ETH-USD"}, {"trade_id": 665527115, "side": "buy", "size": "0.14317435", "price": "2970.87000000", "time": "2025-07-11T16:39:31.349968Z", "fetched_at": "2025-07-11T16:39:34.294316+00:00", "symbol": "ETH-USD"}, {"trade_id": 665527114, "side": "buy", "size": "0.50773176", "price": "2970.88000000", "time": "2025-07-11T16:39:31.349968Z", "fetched_at": "2025-07-11T16:39:34.294316+00:00", "symbol": "ETH-USD"}, {"trade_id": 665527113, "side": "buy", "size": "0.00100000", "price": "2970.88000000", "time": "2025-07-11T16:39:31.349968Z", "fetched_at": "2025-07-11T16:39:34.294316+00:00", "symbol": "ETH-USD"}, {"trade_id": 665527112, "side": "buy", "size": "0.30030179", "price": "2970.89000000", "time": "2025-07-11T16:39:31.349968Z", "fetched_at": "2025-07-11T16:39:34.294316+00:00", "symbol": "ETH-USD"}, {"trade_id": 665527111, "side": "buy", "size": "0.51300000", "price": "2970.89000000", "time": "2025-07-11T16:39:31.349942Z", "fetched_at": "2025-07-11T16:39:34.294316+00:00", "symbol": "ETH-USD"}, {"trade_id": 665527110, "side": "buy", "size": "3.67656883", "price": "2970.90000000", "time": "2025-07-11T16:39:31.349784Z", "fetched_at": "2025-07-11T16:39:34.294316+00:00", "symbol": "ETH-USD"}, {"trade_id": 665527109, "side": "buy", "size": "0.51300000", "price": "2970.90000000", "time": "2025-07-11T16:39:31.349681Z", "fetched_at": "2025-07-11T16:39:34.294316+00:00", "symbol": "ETH-USD"}, {"trade_id": 665527108, "side": "buy", "size": "0.51300000", "price": "2970.90000000", "time": "2025-07-11T16:39:31.349631Z", "fetched_at": "2025-07-11T16:39:34.294316+00:00", "symbol": "ETH-USD"}, {"trade_id": 665527107, "side": "buy", "size": "0.04123203", "price": "2970.90000000", "time": "2025-07-11T16:39:31.349298Z", "fetched_at": "2025-07-11T16:39:34.294316+00:00", "symbol": "ETH-USD"}, {"trade_id": 665527106, "side": "buy", "size": "0.00078485", "price": "2970.90000000", "time": "2025-07-11T16:39:31.349298Z", "fetched_at": "2025-07-11T16:39:34.294316+00:00", "symbol": "ETH-USD"}, {"trade_id": 665527105, "side": "buy", "size": "0.62577380", "price": "2970.91000000", "time": "2025-07-11T16:39:31.349298Z", "fetched_at": "2025-07-11T16:39:34.294316+00:00", "symbol": "ETH-USD"}, {"trade_id": 665527104, "side": "buy", "size": "0.00050472", "price": "2970.94000000", "time": "2025-07-11T16:39:31.349298Z", "fetched_at": "2025-07-11T16:39:34.294316+00:00", "symbol": "ETH-USD"}, {"trade_id": 665527103, "side": "buy", "size": "1.34708402", "price": "2971.02000000", "time": "2025-07-11T16:39:31.349298Z", "fetched_at": "2025-07-11T16:39:34.294316+00:00", "symbol": "ETH-USD"}, {"trade_id": 665527102, "side": "buy", "size": "2.27047373", "price": "2971.03000000", "time": "2025-07-11T16:39:31.349298Z", "fetched_at": "2025-07-11T16:39:34.294316+00:00", "symbol": "ETH-USD"}, {"trade_id": 665527101, "side": "buy", "size": "0.57616309", "price": "2971.03000000", "time": "2025-07-11T16:39:31.348988Z", "fetched_at": "2025-07-11T16:39:34.294316+00:00", "symbol": "ETH-USD"}, {"trade_id": 665527100, "side": "buy", "size": "0.80855324", "price": "2971.03000000", "time": "2025-07-11T16:39:31.348988Z", "fetched_at": "2025-07-11T16:39:34.294316+00:00", "symbol": "ETH-USD"}, {"trade_id": 665527099, "side": "buy", "size": "2.16840570", "price": "2971.07000000", "time": "2025-07-11T16:39:31.348988Z", "fetched_at": "2025-07-11T16:39:34.294316+00:00", "symbol": "ETH-USD"}, {"trade_id": 665527098, "side": "buy", "size": "0.00100000", "price": "2971.10000000", "time": "2025-07-11T16:39:31.348988Z", "fetched_at": "2025-07-11T16:39:34.294316+00:00", "symbol": "ETH-USD"}, {"trade_id": 665527097, "side": "buy", "size": "1.50654877", "price": "2971.21000000", "time": "2025-07-11T16:39:31.348988Z", "fetched_at": "2025-07-11T16:39:34.294316+00:00", "symbol": "ETH-USD"}, {"trade_id": 665527096, "side": "buy", "size": "0.33142762", "price": "2971.22000000", "time": "2025-07-11T16:39:31.348988Z", "fetched_at": "2025-07-11T16:39:34.294316+00:00", "symbol": "ETH-USD"}, {"trade_id": 665527095, "side": "buy", "size": "0.00100000", "price": "2971.32000000", "time": "2025-07-11T16:39:31.348988Z", "fetched_at": "2025-07-11T16:39:34.294316+00:00", "symbol": "ETH-USD"}, {"trade_id": 665527094, "side": "buy", "size": "0.42990103", "price": "2971.34000000", "time": "2025-07-11T16:39:31.348988Z", "fetched_at": "2025-07-11T16:39:34.294316+00:00", "symbol": "ETH-USD"}, {"trade_id": 665527093, "side": "buy", "size": "0.96036324", "price": "2971.34000000", "time": "2025-07-11T16:39:31.348581Z", "fetched_at": "2025-07-11T16:39:34.294316+00:00", "symbol": "ETH-USD"}, {"trade_id": 665527092, "side": "buy", "size": "1.50654877", "price": "2971.36000000", "time": "2025-07-11T16:39:31.348581Z", "fetched_at": "2025-07-11T16:39:34.294316+00:00", "symbol": "ETH-USD"}, {"trade_id": 665527091, "side": "buy", "size": "0.04849613", "price": "2971.37000000", "time": "2025-07-11T16:39:31.348581Z", "fetched_at": "2025-07-11T16:39:34.294316+00:00", "symbol": "ETH-USD"}, {"trade_id": 665527090, "side": "buy", "size": "0.42672766", "price": "2971.46000000", "time": "2025-07-11T16:39:31.348581Z", "fetched_at": "2025-07-11T16:39:34.294316+00:00", "symbol": "ETH-USD"}, {"trade_id": 665527089, "side": "buy", "size": "0.00317337", "price": "2971.52000000", "time": "2025-07-11T16:39:31.348581Z", "fetched_at": "2025-07-11T16:39:34.294316+00:00", "symbol": "ETH-USD"}, {"trade_id": 665527088, "side": "buy", "size": "0.00100000", "price": "2971.54000000", "time": "2025-07-11T16:39:31.348581Z", "fetched_at": "2025-07-11T16:39:34.294316+00:00", "symbol": "ETH-USD"}, {"trade_id": 665527087, "side": "buy", "size": "0.00210649", "price": "2971.76000000", "time": "2025-07-11T16:39:31.346910Z", "fetched_at": "2025-07-11T16:39:34.294316+00:00", "symbol": "ETH-USD"}, {"trade_id": 665527086, "side": "buy", "size": "0.00079414", "price": "2971.76000000", "time": "2025-07-11T16:39:31.346910Z", "fetched_at": "2025-07-11T16:39:34.294316+00:00", "symbol": "ETH-USD"}, {"trade_id": 665527085, "side": "buy", "size": "0.00100000", "price": "2971.76000000", "time": "2025-07-11T16:39:31.346910Z", "fetched_at": "2025-07-11T16:39:34.294316+00:00", "symbol": "ETH-USD"}, {"trade_id": 665527084, "side": "buy", "size": "0.80000000", "price": "2971.78000000", "time": "2025-07-11T16:39:31.336610Z", "fetched_at": "2025-07-11T16:39:34.294316+00:00", "symbol": "ETH-USD"}, {"trade_id": 665527083, "side": "sell", "size": "0.02074364", "price": "2971.79000000", "time": "2025-07-11T16:39:30.963909Z", "fetched_at": "2025-07-11T16:39:34.294316+00:00", "symbol": "ETH-USD"}, {"trade_id": 665527082, "side": "sell", "size": "0.00071082", "price": "2971.79000000", "time": "2025-07-11T16:39:30.963909Z", "fetched_at": "2025-07-11T16:39:34.294316+00:00", "symbol": "ETH-USD"}, {"trade_id": 665527081, "side": "buy", "size": "1.30000000", "price": "2971.94000000", "time": "2025-07-11T16:39:30.652722Z", "fetched_at": "2025-07-11T16:39:34.294316+00:00", "symbol": "ETH-USD"}, {"trade_id": 665527080, "side": "buy", "size": "0.00100000", "price": "2971.98000000", "time": "2025-07-11T16:39:30.652722Z", "fetched_at": "2025-07-11T16:39:34.294316+00:00", "symbol": "ETH-USD"}, {"trade_id": 665527079, "side": "buy", "size": "0.00048788", "price": "2972.04000000", "time": "2025-07-11T16:39:30.642726Z", "fetched_at": "2025-07-11T16:39:34.294316+00:00", "symbol": "ETH-USD"}, {"trade_id": 665527078, "side": "buy", "size": "0.00618766", "price": "2972.04000000", "time": "2025-07-11T16:39:30.642726Z", "fetched_at": "2025-07-11T16:39:34.294316+00:00", "symbol": "ETH-USD"}, {"trade_id": 665527077, "side": "buy", "size": "0.00441447", "price": "2972.04000000", "time": "2025-07-11T16:39:30.642726Z", "fetched_at": "2025-07-11T16:39:34.294316+00:00", "symbol": "ETH-USD"}, {"trade_id": 665527076, "side": "buy", "size": "0.00165879", "price": "2972.04000000", "time": "2025-07-11T16:39:30.642726Z", "fetched_at": "2025-07-11T16:39:34.294316+00:00", "symbol": "ETH-USD"}, {"trade_id": 665527075, "side": "buy", "size": "0.00097239", "price": "2972.04000000", "time": "2025-07-11T16:39:30.642726Z", "fetched_at": "2025-07-11T16:39:34.294316+00:00", "symbol": "ETH-USD"}, {"trade_id": 665527074, "side": "buy", "size": "0.00000336", "price": "2972.04000000", "time": "2025-07-11T16:39:30.642726Z", "fetched_at": "2025-07-11T16:39:34.294316+00:00", "symbol": "ETH-USD"}, {"trade_id": 665527073, "side": "buy", "size": "0.01151563", "price": "2972.15000000", "time": "2025-07-11T16:39:29.574998Z", "fetched_at": "2025-07-11T16:39:34.294316+00:00", "symbol": "ETH-USD"}, {"trade_id": 665527072, "side": "buy", "size": "0.00000672", "price": "2972.21000000", "time": "2025-07-11T16:39:29.574998Z", "fetched_at": "2025-07-11T16:39:34.294316+00:00", "symbol": "ETH-USD"}, {"trade_id": 665527071, "side": "buy", "size": "0.00044747", "price": "2972.21000000", "time": "2025-07-11T16:39:29.574998Z", "fetched_at": "2025-07-11T16:39:34.294316+00:00", "symbol": "ETH-USD"}, {"trade_id": 665527070, "side": "buy", "size": "0.00001345", "price": "2972.43000000", "time": "2025-07-11T16:39:29.574998Z", "fetched_at": "2025-07-11T16:39:34.294316+00:00", "symbol": "ETH-USD"}, {"trade_id": 665527069, "side": "buy", "size": "0.00039698", "price": "2972.43000000", "time": "2025-07-11T16:39:29.534895Z", "fetched_at": "2025-07-11T16:39:34.294316+00:00", "symbol": "ETH-USD"}, {"trade_id": 665527068, "side": "buy", "size": "0.00105301", "price": "2972.43000000", "time": "2025-07-11T16:39:29.534895Z", "fetched_at": "2025-07-11T16:39:34.294316+00:00", "symbol": "ETH-USD"}, {"trade_id": 665527067, "side": "buy", "size": "0.38879263", "price": "2972.51000000", "time": "2025-07-11T16:39:29.507926Z", "fetched_at": "2025-07-11T16:39:34.294316+00:00", "symbol": "ETH-USD"}, {"trade_id": 665527066, "side": "buy", "size": "0.04328665", "price": "2972.51000000", "time": "2025-07-11T16:39:29.507926Z", "fetched_at": "2025-07-11T16:39:34.294316+00:00", "symbol": "ETH-USD"}, {"trade_id": 665527065, "side": "buy", "size": "0.01618497", "price": "2972.51000000", "time": "2025-07-11T16:39:29.507926Z", "fetched_at": "2025-07-11T16:39:34.294316+00:00", "symbol": "ETH-USD"}, {"trade_id": 665527064, "side": "buy", "size": "0.05194263", "price": "2972.51000000", "time": "2025-07-11T16:39:29.507926Z", "fetched_at": "2025-07-11T16:39:34.294316+00:00", "symbol": "ETH-USD"}, {"trade_id": 665527063, "side": "buy", "size": "0.16848774", "price": "2972.51000000", "time": "2025-07-11T16:39:29.385157Z", "fetched_at": "2025-07-11T16:39:34.294316+00:00", "symbol": "ETH-USD"}, {"trade_id": 665527062, "side": "buy", "size": "0.11923752", "price": "2972.51000000", "time": "2025-07-11T16:39:29.133773Z", "fetched_at": "2025-07-11T16:39:34.294316+00:00", "symbol": "ETH-USD"}, {"trade_id": 665527061, "side": "buy", "size": "0.08535248", "price": "2972.51000000", "time": "2025-07-11T16:39:29.133773Z", "fetched_at": "2025-07-11T16:39:34.294316+00:00", "symbol": "ETH-USD"}, {"trade_id": 665527060, "side": "sell", "size": "0.65892001", "price": "2972.42000000", "time": "2025-07-11T16:39:26.871278Z", "fetched_at": "2025-07-11T16:39:34.294316+00:00", "symbol": "ETH-USD"}, {"trade_id": 665527059, "side": "sell", "size": "0.30000000", "price": "2972.40000000", "time": "2025-07-11T16:39:26.670203Z", "fetched_at": "2025-07-11T16:39:34.294316+00:00", "symbol": "ETH-USD"}, {"trade_id": 665527058, "side": "sell", "size": "0.30000000", "price": "2972.30000000", "time": "2025-07-11T16:39:26.666806Z", "fetched_at": "2025-07-11T16:39:34.294316+00:00", "symbol": "ETH-USD"}, {"trade_id": 665527057, "side": "sell", "size": "0.71196001", "price": "2972.22000000", "time": "2025-07-11T16:39:26.665340Z", "fetched_at": "2025-07-11T16:39:34.294316+00:00", "symbol": "ETH-USD"}, {"trade_id": 665527056, "side": "buy", "size": "0.18013108", "price": "2972.21000000", "time": "2025-07-11T16:39:26.624718Z", "fetched_at": "2025-07-11T16:39:34.294316+00:00", "symbol": "ETH-USD"}, {"trade_id": 665527055, "side": "buy", "size": "0.00317263", "price": "2972.21000000", "time": "2025-07-11T16:39:26.624718Z", "fetched_at": "2025-07-11T16:39:34.294316+00:00", "symbol": "ETH-USD"}, {"trade_id": 665527054, "side": "buy", "size": "0.15412000", "price": "2972.21000000", "time": "2025-07-11T16:39:26.624718Z", "fetched_at": "2025-07-11T16:39:34.294316+00:00", "symbol": "ETH-USD"}, {"trade_id": 665527053, "side": "sell", "size": "0.13560434", "price": "2972.24000000", "time": "2025-07-11T16:39:26.494418Z", "fetched_at": "2025-07-11T16:39:34.294316+00:00", "symbol": "ETH-USD"}, {"trade_id": 665527052, "side": "sell", "size": "0.00089608", "price": "2972.23000000", "time": "2025-07-11T16:39:26.494418Z", "fetched_at": "2025-07-11T16:39:34.294316+00:00", "symbol": "ETH-USD"}, {"trade_id": 665527051, "side": "sell", "size": "0.77248001", "price": "2971.83000000", "time": "2025-07-11T16:39:26.431372Z", "fetched_at": "2025-07-11T16:39:34.294316+00:00", "symbol": "ETH-USD"}, {"trade_id": 665527050, "side": "sell", "size": "0.00314719", "price": "2971.89000000", "time": "2025-07-11T16:39:26.340683Z", "fetched_at": "2025-07-11T16:39:34.294316+00:00", "symbol": "ETH-USD"}, {"trade_id": 665527049, "side": "sell", "size": "0.00043845", "price": "2971.88000000", "time": "2025-07-11T16:39:26.340683Z", "fetched_at": "2025-07-11T16:39:34.294316+00:00", "symbol": "ETH-USD"}, {"trade_id": 665527048, "side": "buy", "size": "0.00996399", "price": "2971.83000000", "time": "2025-07-11T16:39:26.210607Z", "fetched_at": "2025-07-11T16:39:34.294316+00:00", "symbol": "ETH-USD"}, {"trade_id": 665527047, "side": "buy", "size": "0.00050458", "price": "2971.83000000", "time": "2025-07-11T16:39:26.210607Z", "fetched_at": "2025-07-11T16:39:34.294316+00:00", "symbol": "ETH-USD"}, {"trade_id": 665527046, "side": "buy", "size": "0.00618106", "price": "2971.98000000", "time": "2025-07-11T16:39:26.210607Z", "fetched_at": "2025-07-11T16:39:34.294316+00:00", "symbol": "ETH-USD"}, {"trade_id": 665527045, "side": "buy", "size": "0.00089839", "price": "2971.98000000", "time": "2025-07-11T16:39:26.210607Z", "fetched_at": "2025-07-11T16:39:34.294316+00:00", "symbol": "ETH-USD"}, {"trade_id": 665527044, "side": "buy", "size": "0.00100000", "price": "2971.98000000", "time": "2025-07-11T16:39:26.210607Z", "fetched_at": "2025-07-11T16:39:34.294316+00:00", "symbol": "ETH-USD"}, {"trade_id": 665527043, "side": "sell", "size": "0.00625230", "price": "2971.99000000", "time": "2025-07-11T16:39:26.146612Z", "fetched_at": "2025-07-11T16:39:34.294316+00:00", "symbol": "ETH-USD"}, {"trade_id": 665527042, "side": "sell", "size": "0.00040665", "price": "2971.99000000", "time": "2025-07-11T16:39:26.146612Z", "fetched_at": "2025-07-11T16:39:34.294316+00:00", "symbol": "ETH-USD"}, {"trade_id": 665527041, "side": "buy", "size": "0.00100000", "price": "2972.20000000", "time": "2025-07-11T16:39:25.533317Z", "fetched_at": "2025-07-11T16:39:34.294316+00:00", "symbol": "ETH-USD"}, {"trade_id": 665527040, "side": "buy", "size": "0.00000672", "price": "2972.27000000", "time": "2025-07-11T16:39:25.533317Z", "fetched_at": "2025-07-11T16:39:34.294316+00:00", "symbol": "ETH-USD"}, {"trade_id": 665527039, "side": "buy", "size": "0.00001009", "price": "2972.27000000", "time": "2025-07-11T16:39:25.533317Z", "fetched_at": "2025-07-11T16:39:34.294316+00:00", "symbol": "ETH-USD"}, {"trade_id": 665527038, "side": "buy", "size": "0.00000336", "price": "2972.27000000", "time": "2025-07-11T16:39:25.533317Z", "fetched_at": "2025-07-11T16:39:34.294316+00:00", "symbol": "ETH-USD"}, {"trade_id": 665527037, "side": "buy", "size": "0.00000336", "price": "2972.27000000", "time": "2025-07-11T16:39:25.533317Z", "fetched_at": "2025-07-11T16:39:34.294316+00:00", "symbol": "ETH-USD"}, {"trade_id": 665527036, "side": "buy", "size": "0.00100000", "price": "2972.42000000", "time": "2025-07-11T16:39:25.521570Z", "fetched_at": "2025-07-11T16:39:34.294316+00:00", "symbol": "ETH-USD"}, {"trade_id": 665527035, "side": "buy", "size": "0.00420531", "price": "2972.43000000", "time": "2025-07-11T16:39:25.510694Z", "fetched_at": "2025-07-11T16:39:34.294316+00:00", "symbol": "ETH-USD"}, {"trade_id": 665527034, "side": "buy", "size": "0.00158456", "price": "2972.43000000", "time": "2025-07-11T16:39:25.510694Z", "fetched_at": "2025-07-11T16:39:34.294316+00:00", "symbol": "ETH-USD"}, {"trade_id": 665527033, "side": "buy", "size": "0.00000336", "price": "2972.43000000", "time": "2025-07-11T16:39:25.510694Z", "fetched_at": "2025-07-11T16:39:34.294316+00:00", "symbol": "ETH-USD"}, {"trade_id": 665527032, "side": "buy", "size": "0.00000336", "price": "2972.43000000", "time": "2025-07-11T16:39:25.510694Z", "fetched_at": "2025-07-11T16:39:34.294316+00:00", "symbol": "ETH-USD"}, {"trade_id": 665527031, "side": "buy", "size": "0.00001345", "price": "2972.43000000", "time": "2025-07-11T16:39:25.510694Z", "fetched_at": "2025-07-11T16:39:34.294316+00:00", "symbol": "ETH-USD"}, {"trade_id": 665527030, "side": "buy", "size": "0.00001009", "price": "2972.43000000", "time": "2025-07-11T16:39:25.510694Z", "fetched_at": "2025-07-11T16:39:34.294316+00:00", "symbol": "ETH-USD"}, {"trade_id": 665527029, "side": "buy", "size": "0.00000672", "price": "2972.43000000", "time": "2025-07-11T16:39:25.510694Z", "fetched_at": "2025-07-11T16:39:34.294316+00:00", "symbol": "ETH-USD"}, {"trade_id": 665527028, "side": "buy", "size": "0.00000336", "price": "2972.69000000", "time": "2025-07-11T16:39:23.497808Z", "fetched_at": "2025-07-11T16:39:34.294316+00:00", "symbol": "ETH-USD"}, {"trade_id": 665527027, "side": "buy", "size": "0.00809031", "price": "2972.69000000", "time": "2025-07-11T16:39:23.497808Z", "fetched_at": "2025-07-11T16:39:34.294316+00:00", "symbol": "ETH-USD"}, {"trade_id": 665527026, "side": "buy", "size": "0.00000336", "price": "2972.69000000", "time": "2025-07-11T16:39:23.497808Z", "fetched_at": "2025-07-11T16:39:34.294316+00:00", "symbol": "ETH-USD"}, {"trade_id": 665527025, "side": "buy", "size": "1.30000000", "price": "2972.70000000", "time": "2025-07-11T16:39:23.497808Z", "fetched_at": "2025-07-11T16:39:34.294316+00:00", "symbol": "ETH-USD"}, {"trade_id": 665527024, "side": "buy", "size": "0.00317208", "price": "2972.73000000", "time": "2025-07-11T16:39:23.497808Z", "fetched_at": "2025-07-11T16:39:34.294316+00:00", "symbol": "ETH-USD"}, {"trade_id": 665527023, "side": "buy", "size": "0.02327709", "price": "2972.73000000", "time": "2025-07-11T16:39:23.497808Z", "fetched_at": "2025-07-11T16:39:34.294316+00:00", "symbol": "ETH-USD"}, {"trade_id": 665527022, "side": "buy", "size": "0.00000336", "price": "2972.87000000", "time": "2025-07-11T16:39:23.497808Z", "fetched_at": "2025-07-11T16:39:34.294316+00:00", "symbol": "ETH-USD"}, {"trade_id": 665527021, "side": "sell", "size": "0.24300606", "price": "2972.91000000", "time": "2025-07-11T16:39:23.468236Z", "fetched_at": "2025-07-11T16:39:34.294316+00:00", "symbol": "ETH-USD"}, {"trade_id": 665527020, "side": "sell", "size": "0.66368001", "price": "2972.88000000", "time": "2025-07-11T16:39:23.468236Z", "fetched_at": "2025-07-11T16:39:34.294316+00:00", "symbol": "ETH-USD"}, {"trade_id": 665527019, "side": "sell", "size": "0.00123137", "price": "2972.88000000", "time": "2025-07-11T16:39:23.468236Z", "fetched_at": "2025-07-11T16:39:34.294316+00:00", "symbol": "ETH-USD"}, {"trade_id": 665527018, "side": "buy", "size": "0.01617927", "price": "2972.94000000", "time": "2025-07-11T16:39:23.445268Z", "fetched_at": "2025-07-11T16:39:34.294316+00:00", "symbol": "ETH-USD"}, {"trade_id": 665527017, "side": "buy", "size": "0.04314920", "price": "2972.94000000", "time": "2025-07-11T16:39:23.445268Z", "fetched_at": "2025-07-11T16:39:34.294316+00:00", "symbol": "ETH-USD"}, {"trade_id": 665527016, "side": "buy", "size": "0.38835294", "price": "2972.94000000", "time": "2025-07-11T16:39:23.445268Z", "fetched_at": "2025-07-11T16:39:34.294316+00:00", "symbol": "ETH-USD"}, {"trade_id": 665527015, "side": "buy", "size": "0.05178039", "price": "2972.94000000", "time": "2025-07-11T16:39:23.445268Z", "fetched_at": "2025-07-11T16:39:34.294316+00:00", "symbol": "ETH-USD"}, {"trade_id": 665527014, "side": "buy", "size": "0.00002018", "price": "2972.94000000", "time": "2025-07-11T16:39:23.445268Z", "fetched_at": "2025-07-11T16:39:34.294316+00:00", "symbol": "ETH-USD"}, {"trade_id": 665527013, "side": "buy", "size": "0.00000336", "price": "2972.94000000", "time": "2025-07-11T16:39:23.445268Z", "fetched_at": "2025-07-11T16:39:34.294316+00:00", "symbol": "ETH-USD"}, {"trade_id": 665527012, "side": "sell", "size": "0.63852001", "price": "2972.95000000", "time": "2025-07-11T16:39:22.350809Z", "fetched_at": "2025-07-11T16:39:34.294316+00:00", "symbol": "ETH-USD"}, {"trade_id": 665527011, "side": "sell", "size": "0.00146899", "price": "2972.95000000", "time": "2025-07-11T16:39:22.350809Z", "fetched_at": "2025-07-11T16:39:34.294316+00:00", "symbol": "ETH-USD"}, {"trade_id": 665527010, "side": "sell", "size": "0.36032195", "price": "2973.21000000", "time": "2025-07-11T16:39:22.314272Z", "fetched_at": "2025-07-11T16:39:34.294316+00:00", "symbol": "ETH-USD"}, {"trade_id": 665527009, "side": "sell", "size": "0.48052246", "price": "2973.21000000", "time": "2025-07-11T16:39:22.312681Z", "fetched_at": "2025-07-11T16:39:34.294316+00:00", "symbol": "ETH-USD"}, {"trade_id": 665527008, "side": "sell", "size": "0.05752636", "price": "2973.19000000", "time": "2025-07-11T16:39:22.311375Z", "fetched_at": "2025-07-11T16:39:34.294316+00:00", "symbol": "ETH-USD"}, {"trade_id": 665527007, "side": "sell", "size": "0.00784287", "price": "2973.19000000", "time": "2025-07-11T16:39:22.311375Z", "fetched_at": "2025-07-11T16:39:34.294316+00:00", "symbol": "ETH-USD"}, {"trade_id": 665527006, "side": "sell", "size": "0.00100000", "price": "2973.08000000", "time": "2025-07-11T16:39:22.311375Z", "fetched_at": "2025-07-11T16:39:34.294316+00:00", "symbol": "ETH-USD"}, {"trade_id": 665527005, "side": "sell", "size": "0.16817772", "price": "2973.05000000", "time": "2025-07-11T16:39:22.311375Z", "fetched_at": "2025-07-11T16:39:34.294316+00:00", "symbol": "ETH-USD"}, {"trade_id": 665527004, "side": "sell", "size": "0.00024003", "price": "2973.01000000", "time": "2025-07-11T16:39:22.311375Z", "fetched_at": "2025-07-11T16:39:34.294316+00:00", "symbol": "ETH-USD"}, {"trade_id": 665527003, "side": "sell", "size": "0.00005589", "price": "2973.00000000", "time": "2025-07-11T16:39:22.311375Z", "fetched_at": "2025-07-11T16:39:34.294316+00:00", "symbol": "ETH-USD"}, {"trade_id": 665527002, "side": "sell", "size": "0.00030999", "price": "2972.98000000", "time": "2025-07-11T16:39:22.311375Z", "fetched_at": "2025-07-11T16:39:34.294316+00:00", "symbol": "ETH-USD"}, {"trade_id": 665527001, "side": "sell", "size": "0.00010346", "price": "2972.95000000", "time": "2025-07-11T16:39:22.311375Z", "fetched_at": "2025-07-11T16:39:34.294316+00:00", "symbol": "ETH-USD"}, {"trade_id": 665527000, "side": "sell", "size": "0.19300058", "price": "2972.85000000", "time": "2025-07-11T16:39:22.311375Z", "fetched_at": "2025-07-11T16:39:34.294316+00:00", "symbol": "ETH-USD"}, {"trade_id": 665526999, "side": "sell", "size": "0.47507218", "price": "2972.85000000", "time": "2025-07-11T16:39:22.311190Z", "fetched_at": "2025-07-11T16:39:34.294316+00:00", "symbol": "ETH-USD"}, {"trade_id": 665526998, "side": "sell", "size": "0.15108119", "price": "2972.85000000", "time": "2025-07-11T16:39:22.310989Z", "fetched_at": "2025-07-11T16:39:34.294316+00:00", "symbol": "ETH-USD"}, {"trade_id": 665526997, "side": "sell", "size": "0.00146899", "price": "2972.79000000", "time": "2025-07-11T16:39:22.310989Z", "fetched_at": "2025-07-11T16:39:34.294316+00:00", "symbol": "ETH-USD"}, {"trade_id": 665526996, "side": "sell", "size": "0.01662754", "price": "2972.79000000", "time": "2025-07-11T16:39:22.310989Z", "fetched_at": "2025-07-11T16:39:34.294316+00:00", "symbol": "ETH-USD"}, {"trade_id": 665526995, "side": "sell", "size": "0.65249247", "price": "2972.79000000", "time": "2025-07-11T16:39:22.267051Z", "fetched_at": "2025-07-11T16:39:34.294316+00:00", "symbol": "ETH-USD"}, {"trade_id": 665526994, "side": "buy", "size": "0.15795304", "price": "2972.84000000", "time": "2025-07-11T16:39:22.019316Z", "fetched_at": "2025-07-11T16:39:34.294316+00:00", "symbol": "ETH-USD"}, {"trade_id": 665526993, "side": "buy", "size": "0.01070000", "price": "2972.84000000", "time": "2025-07-11T16:39:22.019316Z", "fetched_at": "2025-07-11T16:39:34.294316+00:00", "symbol": "ETH-USD"}, {"trade_id": 665526992, "side": "sell", "size": "0.57256001", "price": "2972.75000000", "time": "2025-07-11T16:39:21.976181Z", "fetched_at": "2025-07-11T16:39:34.294316+00:00", "symbol": "ETH-USD"}, {"trade_id": 665526991, "side": "buy", "size": "0.24962512", "price": "2972.72000000", "time": "2025-07-11T16:39:21.643511Z", "fetched_at": "2025-07-11T16:39:34.294316+00:00", "symbol": "ETH-USD"}, {"trade_id": 665526990, "side": "buy", "size": "0.00317208", "price": "2972.73000000", "time": "2025-07-11T16:39:21.643511Z", "fetched_at": "2025-07-11T16:39:34.294316+00:00", "symbol": "ETH-USD"}, {"trade_id": 665526989, "side": "buy", "size": "0.54022325", "price": "2972.85000000", "time": "2025-07-11T16:39:21.132752Z", "fetched_at": "2025-07-11T16:39:34.294316+00:00", "symbol": "ETH-USD"}, {"trade_id": 665526988, "side": "buy", "size": "0.15000000", "price": "2972.86000000", "time": "2025-07-11T16:39:21.132752Z", "fetched_at": "2025-07-11T16:39:34.294316+00:00", "symbol": "ETH-USD"}, {"trade_id": 665526987, "side": "buy", "size": "0.15380461", "price": "2972.94000000", "time": "2025-07-11T16:39:21.132752Z", "fetched_at": "2025-07-11T16:39:34.294316+00:00", "symbol": "ETH-USD"}, {"trade_id": 665526986, "side": "buy", "size": "0.24089543", "price": "2972.94000000", "time": "2025-07-11T16:39:20.992465Z", "fetched_at": "2025-07-11T16:39:34.294316+00:00", "symbol": "ETH-USD"}, {"trade_id": 665526985, "side": "buy", "size": "0.09618000", "price": "2972.94000000", "time": "2025-07-11T16:39:20.992465Z", "fetched_at": "2025-07-11T16:39:34.294316+00:00", "symbol": "ETH-USD"}, {"trade_id": 665526984, "side": "buy", "size": "0.06916000", "price": "2972.72000000", "time": "2025-07-11T16:39:20.647770Z", "fetched_at": "2025-07-11T16:39:34.294316+00:00", "symbol": "ETH-USD"}, {"trade_id": 665526983, "side": "buy", "size": "0.09618000", "price": "2972.85000000", "time": "2025-07-11T16:39:20.647770Z", "fetched_at": "2025-07-11T16:39:34.294316+00:00", "symbol": "ETH-USD"}, {"trade_id": 665526982, "side": "buy", "size": "0.09618000", "price": "2972.94000000", "time": "2025-07-11T16:39:20.647770Z", "fetched_at": "2025-07-11T16:39:34.294316+00:00", "symbol": "ETH-USD"}, {"trade_id": 665526981, "side": "sell", "size": "1.09615018", "price": "2972.88000000", "time": "2025-07-11T16:39:20.641332Z", "fetched_at": "2025-07-11T16:39:34.294316+00:00", "symbol": "ETH-USD"}, {"trade_id": 665526980, "side": "sell", "size": "0.51300000", "price": "2972.88000000", "time": "2025-07-11T16:39:20.641332Z", "fetched_at": "2025-07-11T16:39:34.294316+00:00", "symbol": "ETH-USD"}, {"trade_id": 665526979, "side": "sell", "size": "0.00100000", "price": "2972.86000000", "time": "2025-07-11T16:39:20.641332Z", "fetched_at": "2025-07-11T16:39:34.294316+00:00", "symbol": "ETH-USD"}, {"trade_id": 665526978, "side": "sell", "size": "0.84097890", "price": "2972.73000000", "time": "2025-07-11T16:39:20.641332Z", "fetched_at": "2025-07-11T16:39:34.294316+00:00", "symbol": "ETH-USD"}, {"trade_id": 665526977, "side": "sell", "size": "0.16047326", "price": "2972.71000000", "time": "2025-07-11T16:39:20.641332Z", "fetched_at": "2025-07-11T16:39:34.294316+00:00", "symbol": "ETH-USD"}, {"trade_id": 665526976, "side": "sell", "size": "0.00776881", "price": "2972.71000000", "time": "2025-07-11T16:39:20.640387Z", "fetched_at": "2025-07-11T16:39:34.294316+00:00", "symbol": "ETH-USD"}, {"trade_id": 665526975, "side": "sell", "size": "0.50458734", "price": "2972.71000000", "time": "2025-07-11T16:39:20.640387Z", "fetched_at": "2025-07-11T16:39:34.294316+00:00", "symbol": "ETH-USD"}, {"trade_id": 665526974, "side": "sell", "size": "0.51300000", "price": "2972.58000000", "time": "2025-07-11T16:39:20.640387Z", "fetched_at": "2025-07-11T16:39:34.294316+00:00", "symbol": "ETH-USD"}, {"trade_id": 665526973, "side": "sell", "size": "0.48803378", "price": "2972.57000000", "time": "2025-07-11T16:39:20.640387Z", "fetched_at": "2025-07-11T16:39:34.294316+00:00", "symbol": "ETH-USD"}, {"trade_id": 665526972, "side": "sell", "size": "0.00041838", "price": "2972.56000000", "time": "2025-07-11T16:39:20.640387Z", "fetched_at": "2025-07-11T16:39:34.294316+00:00", "symbol": "ETH-USD"}, {"trade_id": 665526971, "side": "sell", "size": "0.00783099", "price": "2972.42000000", "time": "2025-07-11T16:39:20.640045Z", "fetched_at": "2025-07-11T16:39:34.294316+00:00", "symbol": "ETH-USD"}, {"trade_id": 665526970, "side": "sell", "size": "0.83323615", "price": "2972.42000000", "time": "2025-07-11T16:39:20.639869Z", "fetched_at": "2025-07-11T16:39:34.294316+00:00", "symbol": "ETH-USD"}, {"trade_id": 665526969, "side": "sell", "size": "0.16821601", "price": "2972.37000000", "time": "2025-07-11T16:39:20.639869Z", "fetched_at": "2025-07-11T16:39:34.294316+00:00", "symbol": "ETH-USD"}, {"trade_id": 665526968, "side": "sell", "size": "0.00010335", "price": "2972.28000000", "time": "2025-07-11T16:39:20.639523Z", "fetched_at": "2025-07-11T16:39:34.294316+00:00", "symbol": "ETH-USD"}, {"trade_id": 665526967, "side": "sell", "size": "0.78948001", "price": "2972.28000000", "time": "2025-07-11T16:39:20.639523Z", "fetched_at": "2025-07-11T16:39:34.294316+00:00", "symbol": "ETH-USD"}, {"trade_id": 665526966, "side": "buy", "size": "0.01499598", "price": "2972.27000000", "time": "2025-07-11T16:39:20.330079Z", "fetched_at": "2025-07-11T16:39:34.294316+00:00", "symbol": "ETH-USD"}, {"trade_id": 665526965, "side": "buy", "size": "0.00264687", "price": "2972.27000000", "time": "2025-07-11T16:39:20.330079Z", "fetched_at": "2025-07-11T16:39:34.294316+00:00", "symbol": "ETH-USD"}, {"trade_id": 665526964, "side": "buy", "size": "0.04483105", "price": "2972.27000000", "time": "2025-07-11T16:39:20.330079Z", "fetched_at": "2025-07-11T16:39:34.294316+00:00", "symbol": "ETH-USD"}, {"trade_id": 665526963, "side": "buy", "size": "0.39065764", "price": "2972.27000000", "time": "2025-07-11T16:39:20.330079Z", "fetched_at": "2025-07-11T16:39:34.294316+00:00", "symbol": "ETH-USD"}, {"trade_id": 665526962, "side": "buy", "size": "0.01618291", "price": "2972.27000000", "time": "2025-07-11T16:39:20.330079Z", "fetched_at": "2025-07-11T16:39:34.294316+00:00", "symbol": "ETH-USD"}, {"trade_id": 665526961, "side": "buy", "size": "0.20588740", "price": "2972.27000000", "time": "2025-07-11T16:39:20.330079Z", "fetched_at": "2025-07-11T16:39:34.294316+00:00", "symbol": "ETH-USD"}, {"trade_id": 665526960, "side": "buy", "size": "0.25273161", "price": "2972.27000000", "time": "2025-07-11T16:39:19.169977Z", "fetched_at": "2025-07-11T16:39:34.294316+00:00", "symbol": "ETH-USD"}, {"trade_id": 665526959, "side": "buy", "size": "0.84138099", "price": "2972.27000000", "time": "2025-07-11T16:39:18.833979Z", "fetched_at": "2025-07-11T16:39:34.294316+00:00", "symbol": "ETH-USD"}, {"trade_id": 665526958, "side": "buy", "size": "0.00264687", "price": "2972.27000000", "time": "2025-07-11T16:39:18.833979Z", "fetched_at": "2025-07-11T16:39:34.294316+00:00", "symbol": "ETH-USD"}, {"trade_id": 665526957, "side": "buy", "size": "0.00286785", "price": "2972.15000000", "time": "2025-07-11T16:39:18.051083Z", "fetched_at": "2025-07-11T16:39:34.294316+00:00", "symbol": "ETH-USD"}, {"trade_id": 665526956, "side": "buy", "size": "0.00100000", "price": "2972.20000000", "time": "2025-07-11T16:39:18.051083Z", "fetched_at": "2025-07-11T16:39:34.294316+00:00", "symbol": "ETH-USD"}, {"trade_id": 665526955, "side": "buy", "size": "0.00286033", "price": "2972.35000000", "time": "2025-07-11T16:39:18.051083Z", "fetched_at": "2025-07-11T16:39:34.294316+00:00", "symbol": "ETH-USD"}, {"trade_id": 665526954, "side": "sell", "size": "0.03692470", "price": "2972.36000000", "time": "2025-07-11T16:39:18.025356Z", "fetched_at": "2025-07-11T16:39:34.294316+00:00", "symbol": "ETH-USD"}, {"trade_id": 665526953, "side": "sell", "size": "0.29897000", "price": "2972.36000000", "time": "2025-07-11T16:39:18.025356Z", "fetched_at": "2025-07-11T16:39:34.294316+00:00", "symbol": "ETH-USD"}, {"trade_id": 665526952, "side": "buy", "size": "0.00501275", "price": "2972.42000000", "time": "2025-07-11T16:39:17.675223Z", "fetched_at": "2025-07-11T16:39:34.294316+00:00", "symbol": "ETH-USD"}, {"trade_id": 665526951, "side": "buy", "size": "0.05406369", "price": "2972.42000000", "time": "2025-07-11T16:39:17.675223Z", "fetched_at": "2025-07-11T16:39:34.294316+00:00", "symbol": "ETH-USD"}, {"trade_id": 665526950, "side": "buy", "size": "0.00659395", "price": "2972.42000000", "time": "2025-07-11T16:39:17.675223Z", "fetched_at": "2025-07-11T16:39:34.294316+00:00", "symbol": "ETH-USD"}, {"trade_id": 665526949, "side": "buy", "size": "0.00367040", "price": "2972.42000000", "time": "2025-07-11T16:39:17.675223Z", "fetched_at": "2025-07-11T16:39:34.294316+00:00", "symbol": "ETH-USD"}, {"trade_id": 665526948, "side": "buy", "size": "0.00100000", "price": "2972.42000000", "time": "2025-07-11T16:39:17.675223Z", "fetched_at": "2025-07-11T16:39:34.294316+00:00", "symbol": "ETH-USD"}, {"trade_id": 665526947, "side": "buy", "size": "0.00286012", "price": "2972.57000000", "time": "2025-07-11T16:39:17.462040Z", "fetched_at": "2025-07-11T16:39:34.294316+00:00", "symbol": "ETH-USD"}, {"trade_id": 665526946, "side": "buy", "size": "0.09595931", "price": "2972.62000000", "time": "2025-07-11T16:39:17.270639Z", "fetched_at": "2025-07-11T16:39:34.294316+00:00", "symbol": "ETH-USD"}, {"trade_id": 665526945, "side": "buy", "size": "0.00286006", "price": "2972.63000000", "time": "2025-07-11T16:39:17.270639Z", "fetched_at": "2025-07-11T16:39:34.294316+00:00", "symbol": "ETH-USD"}, {"trade_id": 665526944, "side": "buy", "size": "0.00100000", "price": "2972.64000000", "time": "2025-07-11T16:39:17.270639Z", "fetched_at": "2025-07-11T16:39:34.294316+00:00", "symbol": "ETH-USD"}, {"trade_id": 665526943, "side": "buy", "size": "0.00137354", "price": "2972.82000000", "time": "2025-07-11T16:39:17.228921Z", "fetched_at": "2025-07-11T16:39:34.294316+00:00", "symbol": "ETH-USD"}, {"trade_id": 665526942, "side": "buy", "size": "0.02081511", "price": "2972.84000000", "time": "2025-07-11T16:39:17.210631Z", "fetched_at": "2025-07-11T16:39:34.294316+00:00", "symbol": "ETH-USD"}, {"trade_id": 665526941, "side": "buy", "size": "0.00274148", "price": "2972.84000000", "time": "2025-07-11T16:39:17.210631Z", "fetched_at": "2025-07-11T16:39:34.294316+00:00", "symbol": "ETH-USD"}, {"trade_id": 665526940, "side": "buy", "size": "0.22329826", "price": "2972.84000000", "time": "2025-07-11T16:39:17.210631Z", "fetched_at": "2025-07-11T16:39:34.294316+00:00", "symbol": "ETH-USD"}, {"trade_id": 665526939, "side": "buy", "size": "0.80000000", "price": "2972.86000000", "time": "2025-07-11T16:39:17.199792Z", "fetched_at": "2025-07-11T16:39:34.294316+00:00", "symbol": "ETH-USD"}, {"trade_id": 665526938, "side": "buy", "size": "0.00314336", "price": "2972.87000000", "time": "2025-07-11T16:39:17.036668Z", "fetched_at": "2025-07-11T16:39:34.294316+00:00", "symbol": "ETH-USD"}, {"trade_id": 665526937, "side": "buy", "size": "0.00273586", "price": "2972.87000000", "time": "2025-07-11T16:39:17.036668Z", "fetched_at": "2025-07-11T16:39:34.294316+00:00", "symbol": "ETH-USD"}, {"trade_id": 665526936, "side": "sell", "size": "0.00418306", "price": "2972.97000000", "time": "2025-07-11T16:39:17.001541Z", "fetched_at": "2025-07-11T16:39:34.294316+00:00", "symbol": "ETH-USD"}, {"trade_id": 665526935, "side": "sell", "size": "0.02761449", "price": "2972.96000000", "time": "2025-07-11T16:39:17.001541Z", "fetched_at": "2025-07-11T16:39:34.294316+00:00", "symbol": "ETH-USD"}, {"trade_id": 665526934, "side": "sell", "size": "0.00089223", "price": "2972.94000000", "time": "2025-07-11T16:39:17.001541Z", "fetched_at": "2025-07-11T16:39:34.294316+00:00", "symbol": "ETH-USD"}, {"trade_id": 665526933, "side": "buy", "size": "0.06884920", "price": "2972.84000000", "time": "2025-07-11T16:39:16.616409Z", "fetched_at": "2025-07-11T16:39:34.294316+00:00", "symbol": "ETH-USD"}, {"trade_id": 665526932, "side": "buy", "size": "0.00364970", "price": "2972.84000000", "time": "2025-07-11T16:39:16.616409Z", "fetched_at": "2025-07-11T16:39:34.294316+00:00", "symbol": "ETH-USD"}, {"trade_id": 665526931, "side": "buy", "size": "0.09618000", "price": "2972.84000000", "time": "2025-07-11T16:39:16.616409Z", "fetched_at": "2025-07-11T16:39:34.294316+00:00", "symbol": "ETH-USD"}, {"trade_id": 665526930, "side": "buy", "size": "0.00675087", "price": "2972.83000000", "time": "2025-07-11T16:39:16.469745Z", "fetched_at": "2025-07-11T16:39:34.294316+00:00", "symbol": "ETH-USD"}, {"trade_id": 665526929, "side": "buy", "size": "0.05002638", "price": "2972.82000000", "time": "2025-07-11T16:39:15.910559Z", "fetched_at": "2025-07-11T16:39:34.294316+00:00", "symbol": "ETH-USD"}, {"trade_id": 665526928, "side": "buy", "size": "0.70000000", "price": "2972.94000000", "time": "2025-07-11T16:39:15.607630Z", "fetched_at": "2025-07-11T16:39:34.294316+00:00", "symbol": "ETH-USD"}, {"trade_id": 665526927, "side": "sell", "size": "0.03869096", "price": "2973.10000000", "time": "2025-07-11T16:39:15.606048Z", "fetched_at": "2025-07-11T16:39:34.294316+00:00", "symbol": "ETH-USD"}, {"trade_id": 665526926, "side": "buy", "size": "0.02393676", "price": "2973.25000000", "time": "2025-07-11T16:39:15.578686Z", "fetched_at": "2025-07-11T16:39:34.294316+00:00", "symbol": "ETH-USD"}, {"trade_id": 665526925, "side": "buy", "size": "0.77665853", "price": "2973.25000000", "time": "2025-07-11T16:39:15.578686Z", "fetched_at": "2025-07-11T16:39:34.294316+00:00", "symbol": "ETH-USD"}, {"trade_id": 665526924, "side": "buy", "size": "0.10355335", "price": "2973.25000000", "time": "2025-07-11T16:39:15.578686Z", "fetched_at": "2025-07-11T16:39:34.294316+00:00", "symbol": "ETH-USD"}, {"trade_id": 665526923, "side": "buy", "size": "0.04226723", "price": "2973.25000000", "time": "2025-07-11T16:39:15.578686Z", "fetched_at": "2025-07-11T16:39:34.294316+00:00", "symbol": "ETH-USD"}, {"trade_id": 665526922, "side": "buy", "size": "0.03500847", "price": "2973.25000000", "time": "2025-07-11T16:39:15.333233Z", "fetched_at": "2025-07-11T16:39:34.294316+00:00", "symbol": "ETH-USD"}, {"trade_id": 665526921, "side": "sell", "size": "0.01279479", "price": "2973.26000000", "time": "2025-07-11T16:39:14.887346Z", "fetched_at": "2025-07-11T16:39:34.294316+00:00", "symbol": "ETH-USD"}, {"trade_id": 665526920, "side": "sell", "size": "0.00114648", "price": "2973.26000000", "time": "2025-07-11T16:39:14.887346Z", "fetched_at": "2025-07-11T16:39:34.294316+00:00", "symbol": "ETH-USD"}, {"trade_id": 665526919, "side": "buy", "size": "0.37459819", "price": "2973.28000000", "time": "2025-07-11T16:39:14.611805Z", "fetched_at": "2025-07-11T16:39:34.294316+00:00", "symbol": "ETH-USD"}, {"trade_id": 665526918, "side": "buy", "size": "0.91031020", "price": "2973.28000000", "time": "2025-07-11T16:39:14.596479Z", "fetched_at": "2025-07-11T16:39:34.294316+00:00", "symbol": "ETH-USD"}, {"trade_id": 665526917, "side": "buy", "size": "0.64523520", "price": "2973.28000000", "time": "2025-07-11T16:39:14.582696Z", "fetched_at": "2025-07-11T16:39:34.294316+00:00", "symbol": "ETH-USD"}, {"trade_id": 665526916, "side": "buy", "size": "2.54947968", "price": "2973.28000000", "time": "2025-07-11T16:39:14.540818Z", "fetched_at": "2025-07-11T16:39:34.294316+00:00", "symbol": "ETH-USD"}, {"trade_id": 665526915, "side": "buy", "size": "8.69980000", "price": "2973.29000000", "time": "2025-07-11T16:39:14.540818Z", "fetched_at": "2025-07-11T16:39:34.294316+00:00", "symbol": "ETH-USD"}, {"trade_id": 665526914, "side": "buy", "size": "0.01079264", "price": "2973.32000000", "time": "2025-07-11T16:39:14.529842Z", "fetched_at": "2025-07-11T16:39:34.294316+00:00", "symbol": "ETH-USD"}, {"trade_id": 665526913, "side": "buy", "size": "0.54686068", "price": "2973.32000000", "time": "2025-07-11T16:39:14.529842Z", "fetched_at": "2025-07-11T16:39:34.294316+00:00", "symbol": "ETH-USD"}, {"trade_id": 665526912, "side": "buy", "size": "0.25313932", "price": "2973.32000000", "time": "2025-07-11T16:39:14.394053Z", "fetched_at": "2025-07-11T16:39:34.294316+00:00", "symbol": "ETH-USD"}, {"trade_id": 665526911, "side": "buy", "size": "0.04545255", "price": "2973.43000000", "time": "2025-07-11T16:39:14.168597Z", "fetched_at": "2025-07-11T16:39:34.294316+00:00", "symbol": "ETH-USD"}, {"trade_id": 665526910, "side": "sell", "size": "0.00540594", "price": "2973.44000000", "time": "2025-07-11T16:39:13.990327Z", "fetched_at": "2025-07-11T16:39:34.294316+00:00", "symbol": "ETH-USD"}, {"trade_id": 665526909, "side": "sell", "size": "0.00113260", "price": "2973.44000000", "time": "2025-07-11T16:39:13.990327Z", "fetched_at": "2025-07-11T16:39:34.294316+00:00", "symbol": "ETH-USD"}, {"trade_id": 665526908, "side": "buy", "size": "1.30029365", "price": "2973.43000000", "time": "2025-07-11T16:39:13.911674Z", "fetched_at": "2025-07-11T16:39:34.294316+00:00", "symbol": "ETH-USD"}, {"trade_id": 665526907, "side": "buy", "size": "0.36883433", "price": "2973.43000000", "time": "2025-07-11T16:39:13.911674Z", "fetched_at": "2025-07-11T16:39:34.294316+00:00", "symbol": "ETH-USD"}, {"trade_id": 665526906, "side": "buy", "size": "0.01618669", "price": "2973.43000000", "time": "2025-07-11T16:39:13.911674Z", "fetched_at": "2025-07-11T16:39:34.294316+00:00", "symbol": "ETH-USD"}, {"trade_id": 665526905, "side": "sell", "size": "0.00037506", "price": "2973.44000000", "time": "2025-07-11T16:39:13.906491Z", "fetched_at": "2025-07-11T16:39:34.294316+00:00", "symbol": "ETH-USD"}, {"trade_id": 665526904, "side": "buy", "size": "0.00336332", "price": "2973.43000000", "time": "2025-07-11T16:39:13.819067Z", "fetched_at": "2025-07-11T16:39:34.294316+00:00", "symbol": "ETH-USD"}, {"trade_id": 665526903, "side": "buy", "size": "0.01850462", "price": "2973.43000000", "time": "2025-07-11T16:39:13.573220Z", "fetched_at": "2025-07-11T16:39:34.294316+00:00", "symbol": "ETH-USD"}, {"trade_id": 665526902, "side": "buy", "size": "0.15000000", "price": "2973.43000000", "time": "2025-07-11T16:39:13.573220Z", "fetched_at": "2025-07-11T16:39:34.294316+00:00", "symbol": "ETH-USD"}, {"trade_id": 665526901, "side": "sell", "size": "0.00114599", "price": "2973.28000000", "time": "2025-07-11T16:39:13.383555Z", "fetched_at": "2025-07-11T16:39:34.294316+00:00", "symbol": "ETH-USD"}, {"trade_id": 665526900, "side": "buy", "size": "3.29387724", "price": "2973.65000000", "time": "2025-07-11T16:39:13.164238Z", "fetched_at": "2025-07-11T16:39:34.294316+00:00", "symbol": "ETH-USD"}, {"trade_id": 665526899, "side": "buy", "size": "0.18753948", "price": "2973.65000000", "time": "2025-07-11T16:39:13.154560Z", "fetched_at": "2025-07-11T16:39:34.294316+00:00", "symbol": "ETH-USD"}, {"trade_id": 665526898, "side": "buy", "size": "0.15000000", "price": "2973.66000000", "time": "2025-07-11T16:39:13.154560Z", "fetched_at": "2025-07-11T16:39:34.294316+00:00", "symbol": "ETH-USD"}, {"trade_id": 665526897, "side": "buy", "size": "0.04402130", "price": "2973.67000000", "time": "2025-07-11T16:39:13.154543Z", "fetched_at": "2025-07-11T16:39:34.294316+00:00", "symbol": "ETH-USD"}, {"trade_id": 665526896, "side": "sell", "size": "0.09582389", "price": "2973.64000000", "time": "2025-07-11T16:39:13.087734Z", "fetched_at": "2025-07-11T16:39:34.294316+00:00", "symbol": "ETH-USD"}, {"trade_id": 665526895, "side": "sell", "size": "7.75600000", "price": "2973.79000000", "time": "2025-07-11T16:39:13.079631Z", "fetched_at": "2025-07-11T16:39:34.294316+00:00", "symbol": "ETH-USD"}, {"trade_id": 665526894, "side": "sell", "size": "0.00001223", "price": "2973.78000000", "time": "2025-07-11T16:39:13.079631Z", "fetched_at": "2025-07-11T16:39:34.294316+00:00", "symbol": "ETH-USD"}, {"trade_id": 665526893, "side": "sell", "size": "0.00100000", "price": "2973.74000000", "time": "2025-07-11T16:39:13.079631Z", "fetched_at": "2025-07-11T16:39:34.294316+00:00", "symbol": "ETH-USD"}, {"trade_id": 665526892, "side": "sell", "size": "0.02314944", "price": "2973.74000000", "time": "2025-07-11T16:39:13.079631Z", "fetched_at": "2025-07-11T16:39:34.294316+00:00", "symbol": "ETH-USD"}, {"trade_id": 665526891, "side": "sell", "size": "0.01855242", "price": "2973.72000000", "time": "2025-07-11T16:39:13.079631Z", "fetched_at": "2025-07-11T16:39:34.294316+00:00", "symbol": "ETH-USD"}, {"trade_id": 665526890, "side": "sell", "size": "0.15926626", "price": "2973.71000000", "time": "2025-07-11T16:39:13.079631Z", "fetched_at": "2025-07-11T16:39:34.294316+00:00", "symbol": "ETH-USD"}, {"trade_id": 665526889, "side": "sell", "size": "0.68143624", "price": "2973.71000000", "time": "2025-07-11T16:39:13.079544Z", "fetched_at": "2025-07-11T16:39:34.294316+00:00", "symbol": "ETH-USD"}, {"trade_id": 665526888, "side": "sell", "size": "0.20196812", "price": "2973.66000000", "time": "2025-07-11T16:39:13.079544Z", "fetched_at": "2025-07-11T16:39:34.294316+00:00", "symbol": "ETH-USD"}, {"trade_id": 665526887, "side": "sell", "size": "0.63874769", "price": "2973.66000000", "time": "2025-07-11T16:39:13.079503Z", "fetched_at": "2025-07-11T16:39:34.294316+00:00", "symbol": "ETH-USD"}, {"trade_id": 665526886, "side": "sell", "size": "0.16814377", "price": "2973.65000000", "time": "2025-07-11T16:39:13.079503Z", "fetched_at": "2025-07-11T16:39:34.294316+00:00", "symbol": "ETH-USD"}, {"trade_id": 665526885, "side": "sell", "size": "1.15068263", "price": "2973.65000000", "time": "2025-07-11T16:39:13.079503Z", "fetched_at": "2025-07-11T16:39:34.294316+00:00", "symbol": "ETH-USD"}, {"trade_id": 665526884, "side": "sell", "size": "0.15000000", "price": "2973.63000000", "time": "2025-07-11T16:39:13.079503Z", "fetched_at": "2025-07-11T16:39:34.294316+00:00", "symbol": "ETH-USD"}, {"trade_id": 665526883, "side": "sell", "size": "0.16792870", "price": "2973.62000000", "time": "2025-07-11T16:39:13.079503Z", "fetched_at": "2025-07-11T16:39:34.294316+00:00", "symbol": "ETH-USD"}, {"trade_id": 665526882, "side": "sell", "size": "0.00100000", "price": "2973.52000000", "time": "2025-07-11T16:39:13.079503Z", "fetched_at": "2025-07-11T16:39:34.294316+00:00", "symbol": "ETH-USD"}, {"trade_id": 665526881, "side": "sell", "size": "0.19991407", "price": "2973.36000000", "time": "2025-07-11T16:39:13.079503Z", "fetched_at": "2025-07-11T16:39:34.294316+00:00", "symbol": "ETH-USD"}, {"trade_id": 665526880, "side": "sell", "size": "0.00100000", "price": "2973.30000000", "time": "2025-07-11T16:39:13.079503Z", "fetched_at": "2025-07-11T16:39:34.294316+00:00", "symbol": "ETH-USD"}, {"trade_id": 665526879, "side": "sell", "size": "0.00105405", "price": "2973.26000000", "time": "2025-07-11T16:39:13.079503Z", "fetched_at": "2025-07-11T16:39:34.294316+00:00", "symbol": "ETH-USD"}, {"trade_id": 665526878, "side": "sell", "size": "0.00202243", "price": "2973.26000000", "time": "2025-07-11T16:39:12.597256Z", "fetched_at": "2025-07-11T16:39:34.294316+00:00", "symbol": "ETH-USD"}, {"trade_id": 665526877, "side": "sell", "size": "0.00105405", "price": "2973.26000000", "time": "2025-07-11T16:39:12.597256Z", "fetched_at": "2025-07-11T16:39:34.294316+00:00", "symbol": "ETH-USD"}, {"trade_id": 665526876, "side": "sell", "size": "0.00017150", "price": "2973.26000000", "time": "2025-07-11T16:39:12.597256Z", "fetched_at": "2025-07-11T16:39:34.294316+00:00", "symbol": "ETH-USD"}, {"trade_id": 665526875, "side": "buy", "size": "0.16848774", "price": "2973.25000000", "time": "2025-07-11T16:39:12.481694Z", "fetched_at": "2025-07-11T16:39:34.294316+00:00", "symbol": "ETH-USD"}, {"trade_id": 665526874, "side": "sell", "size": "0.00105405", "price": "2973.24000000", "time": "2025-07-11T16:39:12.315437Z", "fetched_at": "2025-07-11T16:39:34.294316+00:00", "symbol": "ETH-USD"}, {"trade_id": 665526873, "side": "sell", "size": "0.00007772", "price": "2973.26000000", "time": "2025-07-11T16:39:12.059024Z", "fetched_at": "2025-07-11T16:39:34.294316+00:00", "symbol": "ETH-USD"}, {"trade_id": 665526872, "side": "sell", "size": "0.00100000", "price": "2973.08000000", "time": "2025-07-11T16:39:12.059024Z", "fetched_at": "2025-07-11T16:39:34.294316+00:00", "symbol": "ETH-USD"}, {"trade_id": 665526871, "side": "sell", "size": "0.00166687", "price": "2973.04000000", "time": "2025-07-11T16:39:12.059024Z", "fetched_at": "2025-07-11T16:39:34.294316+00:00", "symbol": "ETH-USD"}, {"trade_id": 665526870, "side": "sell", "size": "0.00172837", "price": "2972.99000000", "time": "2025-07-11T16:39:12.059024Z", "fetched_at": "2025-07-11T16:39:34.294316+00:00", "symbol": "ETH-USD"}, {"trade_id": 665526869, "side": "sell", "size": "0.00100000", "price": "2972.86000000", "time": "2025-07-11T16:39:12.059024Z", "fetched_at": "2025-07-11T16:39:34.294316+00:00", "symbol": "ETH-USD"}, {"trade_id": 665526868, "side": "sell", "size": "0.00172837", "price": "2972.85000000", "time": "2025-07-11T16:39:12.059024Z", "fetched_at": "2025-07-11T16:39:34.294316+00:00", "symbol": "ETH-USD"}, {"trade_id": 665526867, "side": "sell", "size": "0.00094094", "price": "2972.83000000", "time": "2025-07-11T16:39:12.059024Z", "fetched_at": "2025-07-11T16:39:34.294316+00:00", "symbol": "ETH-USD"}, {"trade_id": 665526866, "side": "sell", "size": "0.00003174", "price": "2972.83000000", "time": "2025-07-11T16:39:12.059024Z", "fetched_at": "2025-07-11T16:39:34.294316+00:00", "symbol": "ETH-USD"}, {"trade_id": 665526865, "side": "buy", "size": "0.67507312", "price": "2972.82000000", "time": "2025-07-11T16:39:11.833385Z", "fetched_at": "2025-07-11T16:39:34.294316+00:00", "symbol": "ETH-USD"}, {"trade_id": 665526864, "side": "sell", "size": "0.00031896", "price": "2972.78000000", "time": "2025-07-11T16:39:11.498990Z", "fetched_at": "2025-07-11T16:39:34.294316+00:00", "symbol": "ETH-USD"}, {"trade_id": 665526863, "side": "sell", "size": "0.19999869", "price": "2972.77000000", "time": "2025-07-11T16:39:11.498990Z", "fetched_at": "2025-07-11T16:39:34.294316+00:00", "symbol": "ETH-USD"}, {"trade_id": 665526862, "side": "sell", "size": "0.26175446", "price": "2972.76000000", "time": "2025-07-11T16:39:11.498990Z", "fetched_at": "2025-07-11T16:39:34.294316+00:00", "symbol": "ETH-USD"}, {"trade_id": 665526861, "side": "sell", "size": "0.19998503", "price": "2972.67000000", "time": "2025-07-11T16:39:11.498990Z", "fetched_at": "2025-07-11T16:39:34.294316+00:00", "symbol": "ETH-USD"}, {"trade_id": 665526860, "side": "sell", "size": "0.00100000", "price": "2972.64000000", "time": "2025-07-11T16:39:11.498529Z", "fetched_at": "2025-07-11T16:39:34.294316+00:00", "symbol": "ETH-USD"}, {"trade_id": 665526859, "side": "sell", "size": "0.19995673", "price": "2972.59000000", "time": "2025-07-11T16:39:11.498476Z", "fetched_at": "2025-07-11T16:39:34.294316+00:00", "symbol": "ETH-USD"}, {"trade_id": 665526858, "side": "sell", "size": "0.00125373", "price": "2972.57000000", "time": "2025-07-11T16:39:11.498476Z", "fetched_at": "2025-07-11T16:39:34.294316+00:00", "symbol": "ETH-USD"}, {"trade_id": 665526857, "side": "sell", "size": "0.19999057", "price": "2972.57000000", "time": "2025-07-11T16:39:11.498476Z", "fetched_at": "2025-07-11T16:39:34.294316+00:00", "symbol": "ETH-USD"}, {"trade_id": 665526856, "side": "sell", "size": "0.00000660", "price": "2972.43000000", "time": "2025-07-11T16:39:11.375642Z", "fetched_at": "2025-07-11T16:39:34.294316+00:00", "symbol": "ETH-USD"}, {"trade_id": 665526855, "side": "sell", "size": "0.00100000", "price": "2972.42000000", "time": "2025-07-11T16:39:11.375642Z", "fetched_at": "2025-07-11T16:39:34.294316+00:00", "symbol": "ETH-USD"}, {"trade_id": 665526854, "side": "sell", "size": "0.00013145", "price": "2972.42000000", "time": "2025-07-11T16:39:11.375642Z", "fetched_at": "2025-07-11T16:39:34.294316+00:00", "symbol": "ETH-USD"}, {"trade_id": 665526853, "side": "sell", "size": "0.00018044", "price": "2972.42000000", "time": "2025-07-11T16:39:11.375642Z", "fetched_at": "2025-07-11T16:39:34.294316+00:00", "symbol": "ETH-USD"}, {"trade_id": 665526852, "side": "sell", "size": "0.00030999", "price": "2972.36000000", "time": "2025-07-11T16:39:11.363664Z", "fetched_at": "2025-07-11T16:39:34.294316+00:00", "symbol": "ETH-USD"}, {"trade_id": 665526851, "side": "sell", "size": "0.00005588", "price": "2972.36000000", "time": "2025-07-11T16:39:11.363664Z", "fetched_at": "2025-07-11T16:39:34.294316+00:00", "symbol": "ETH-USD"}, {"trade_id": 665526850, "side": "sell", "size": "0.00050344", "price": "2972.36000000", "time": "2025-07-11T16:39:11.363664Z", "fetched_at": "2025-07-11T16:39:34.294316+00:00", "symbol": "ETH-USD"}, {"trade_id": 665526849, "side": "sell", "size": "0.00024001", "price": "2972.36000000", "time": "2025-07-11T16:39:11.363664Z", "fetched_at": "2025-07-11T16:39:34.294316+00:00", "symbol": "ETH-USD"}, {"trade_id": 665526848, "side": "sell", "size": "0.00010324", "price": "2972.36000000", "time": "2025-07-11T16:39:11.363664Z", "fetched_at": "2025-07-11T16:39:34.294316+00:00", "symbol": "ETH-USD"}, {"trade_id": 665526847, "side": "buy", "size": "0.11025678", "price": "2972.35000000", "time": "2025-07-11T16:39:10.804380Z", "fetched_at": "2025-07-11T16:39:34.294316+00:00", "symbol": "ETH-USD"}, {"trade_id": 665526846, "side": "sell", "size": "0.00052812", "price": "2972.16000000", "time": "2025-07-11T16:39:09.979562Z", "fetched_at": "2025-07-11T16:39:34.294316+00:00", "symbol": "ETH-USD"}, {"trade_id": 665526845, "side": "sell", "size": "0.03239028", "price": "2972.36000000", "time": "2025-07-11T16:39:09.975118Z", "fetched_at": "2025-07-11T16:39:34.294316+00:00", "symbol": "ETH-USD"}, {"trade_id": 665526844, "side": "sell", "size": "0.00010335", "price": "2972.16000000", "time": "2025-07-11T16:39:09.975118Z", "fetched_at": "2025-07-11T16:39:34.294316+00:00", "symbol": "ETH-USD"}, {"trade_id": 665526843, "side": "sell", "size": "0.00052812", "price": "2972.16000000", "time": "2025-07-11T16:39:09.975118Z", "fetched_at": "2025-07-11T16:39:34.294316+00:00", "symbol": "ETH-USD"}, {"trade_id": 665526842, "side": "buy", "size": "0.23824213", "price": "2972.15000000", "time": "2025-07-11T16:39:09.914507Z", "fetched_at": "2025-07-11T16:39:34.294316+00:00", "symbol": "ETH-USD"}, {"trade_id": 665526841, "side": "sell", "size": "0.00194646", "price": "2972.16000000", "time": "2025-07-11T16:39:09.169625Z", "fetched_at": "2025-07-11T16:39:34.294316+00:00", "symbol": "ETH-USD"}, {"trade_id": 665526840, "side": "sell", "size": "0.00055191", "price": "2972.16000000", "time": "2025-07-11T16:39:09.169625Z", "fetched_at": "2025-07-11T16:39:34.294316+00:00", "symbol": "ETH-USD"}, {"trade_id": 665526839, "side": "buy", "size": "0.15189898", "price": "2972.00000000", "time": "2025-07-11T16:39:08.830147Z", "fetched_at": "2025-07-11T16:39:34.294316+00:00", "symbol": "ETH-USD"}, {"trade_id": 665526838, "side": "buy", "size": "0.00317285", "price": "2972.01000000", "time": "2025-07-11T16:39:08.830147Z", "fetched_at": "2025-07-11T16:39:34.294316+00:00", "symbol": "ETH-USD"}, {"trade_id": 665526837, "side": "buy", "size": "0.04003600", "price": "2972.22000000", "time": "2025-07-11T16:39:08.830147Z", "fetched_at": "2025-07-11T16:39:34.294316+00:00", "symbol": "ETH-USD"}, {"trade_id": 665526836, "side": "buy", "size": "0.01619561", "price": "2972.41000000", "time": "2025-07-11T16:39:08.634040Z", "fetched_at": "2025-07-11T16:39:34.294316+00:00", "symbol": "ETH-USD"}, {"trade_id": 665526835, "side": "sell", "size": "0.19996829", "price": "2972.34000000", "time": "2025-07-11T16:39:08.307668Z", "fetched_at": "2025-07-11T16:39:34.294316+00:00", "symbol": "ETH-USD"}, {"trade_id": 665526834, "side": "sell", "size": "0.00054372", "price": "2972.20000000", "time": "2025-07-11T16:39:08.307668Z", "fetched_at": "2025-07-11T16:39:34.294316+00:00", "symbol": "ETH-USD"}, {"trade_id": 665526833, "side": "sell", "size": "0.00100000", "price": "2972.20000000", "time": "2025-07-11T16:39:08.307668Z", "fetched_at": "2025-07-11T16:39:34.294316+00:00", "symbol": "ETH-USD"}, {"trade_id": 665526832, "side": "sell", "size": "0.00100000", "price": "2971.98000000", "time": "2025-07-11T16:39:08.202987Z", "fetched_at": "2025-07-11T16:39:34.294316+00:00", "symbol": "ETH-USD"}, {"trade_id": 665526831, "side": "sell", "size": "0.00054372", "price": "2971.95000000", "time": "2025-07-11T16:39:08.202987Z", "fetched_at": "2025-07-11T16:39:34.294316+00:00", "symbol": "ETH-USD"}, {"trade_id": 665526830, "side": "sell", "size": "0.10015646", "price": "2971.95000000", "time": "2025-07-11T16:39:08.202987Z", "fetched_at": "2025-07-11T16:39:34.294316+00:00", "symbol": "ETH-USD"}, {"trade_id": 665526829, "side": "sell", "size": "0.00010334", "price": "2971.95000000", "time": "2025-07-11T16:39:08.202987Z", "fetched_at": "2025-07-11T16:39:34.294316+00:00", "symbol": "ETH-USD"}, {"trade_id": 665526828, "side": "buy", "size": "0.07230774", "price": "2971.86000000", "time": "2025-07-11T16:39:07.959668Z", "fetched_at": "2025-07-11T16:39:34.294316+00:00", "symbol": "ETH-USD"}, {"trade_id": 665526827, "side": "buy", "size": "0.09618000", "price": "2971.86000000", "time": "2025-07-11T16:39:07.959668Z", "fetched_at": "2025-07-11T16:39:34.294316+00:00", "symbol": "ETH-USD"}, {"trade_id": 665526826, "side": "sell", "size": "0.00054788", "price": "2971.57000000", "time": "2025-07-11T16:39:07.862083Z", "fetched_at": "2025-07-11T16:39:34.294316+00:00", "symbol": "ETH-USD"}, {"trade_id": 665526825, "side": "sell", "size": "0.00053266", "price": "2971.57000000", "time": "2025-07-11T16:39:07.465802Z", "fetched_at": "2025-07-11T16:39:34.294316+00:00", "symbol": "ETH-USD"}, {"trade_id": 665526824, "side": "sell", "size": "0.01133200", "price": "2971.57000000", "time": "2025-07-11T16:39:07.465802Z", "fetched_at": "2025-07-11T16:39:34.294316+00:00", "symbol": "ETH-USD"}, {"trade_id": 665526823, "side": "sell", "size": "0.03510914", "price": "2971.57000000", "time": "2025-07-11T16:39:07.380158Z", "fetched_at": "2025-07-11T16:39:34.294316+00:00", "symbol": "ETH-USD"}, {"trade_id": 665526822, "side": "sell", "size": "0.00324780", "price": "2971.57000000", "time": "2025-07-11T16:39:07.330628Z", "fetched_at": "2025-07-11T16:39:34.294316+00:00", "symbol": "ETH-USD"}, {"trade_id": 665526821, "side": "buy", "size": "0.00194849", "price": "2971.46000000", "time": "2025-07-11T16:39:07.276245Z", "fetched_at": "2025-07-11T16:39:34.294316+00:00", "symbol": "ETH-USD"}, {"trade_id": 665526820, "side": "buy", "size": "0.00000673", "price": "2971.56000000", "time": "2025-07-11T16:39:07.276245Z", "fetched_at": "2025-07-11T16:39:34.294316+00:00", "symbol": "ETH-USD"}, {"trade_id": 665526819, "side": "buy", "size": "0.00000336", "price": "2971.56000000", "time": "2025-07-11T16:39:07.276245Z", "fetched_at": "2025-07-11T16:39:34.294316+00:00", "symbol": "ETH-USD"}, {"trade_id": 665526818, "side": "sell", "size": "0.00291015", "price": "2971.57000000", "time": "2025-07-11T16:39:07.089944Z", "fetched_at": "2025-07-11T16:39:34.294316+00:00", "symbol": "ETH-USD"}, {"trade_id": 665526817, "side": "sell", "size": "0.00042093", "price": "2971.57000000", "time": "2025-07-11T16:39:07.089944Z", "fetched_at": "2025-07-11T16:39:34.294316+00:00", "symbol": "ETH-USD"}, {"trade_id": 665526816, "side": "buy", "size": "0.25314653", "price": "2971.56000000", "time": "2025-07-11T16:39:06.395665Z", "fetched_at": "2025-07-11T16:39:34.294316+00:00", "symbol": "ETH-USD"}, {"trade_id": 665526815, "side": "sell", "size": "0.02828374", "price": "2971.88000000", "time": "2025-07-11T16:39:06.323089Z", "fetched_at": "2025-07-11T16:39:34.294316+00:00", "symbol": "ETH-USD"}, {"trade_id": 665526814, "side": "sell", "size": "0.84123250", "price": "2971.83000000", "time": "2025-07-11T16:39:06.323089Z", "fetched_at": "2025-07-11T16:39:34.294316+00:00", "symbol": "ETH-USD"}, {"trade_id": 665526813, "side": "sell", "size": "0.66584161", "price": "2971.82000000", "time": "2025-07-11T16:39:06.323089Z", "fetched_at": "2025-07-11T16:39:34.294316+00:00", "symbol": "ETH-USD"}, {"trade_id": 665526812, "side": "sell", "size": "0.00100000", "price": "2971.76000000", "time": "2025-07-11T16:39:06.323089Z", "fetched_at": "2025-07-11T16:39:34.294316+00:00", "symbol": "ETH-USD"}, {"trade_id": 665526811, "side": "sell", "size": "0.00030999", "price": "2971.39000000", "time": "2025-07-11T16:39:06.323089Z", "fetched_at": "2025-07-11T16:39:34.294316+00:00", "symbol": "ETH-USD"}, {"trade_id": 665526810, "side": "sell", "size": "0.00024003", "price": "2971.39000000", "time": "2025-07-11T16:39:06.323089Z", "fetched_at": "2025-07-11T16:39:34.294316+00:00", "symbol": "ETH-USD"}, {"trade_id": 665526809, "side": "sell", "size": "0.00005590", "price": "2971.38000000", "time": "2025-07-11T16:39:06.323089Z", "fetched_at": "2025-07-11T16:39:34.294316+00:00", "symbol": "ETH-USD"}, {"trade_id": 665526808, "side": "sell", "size": "0.11659682", "price": "2971.34000000", "time": "2025-07-11T16:39:06.189930Z", "fetched_at": "2025-07-11T16:39:34.294316+00:00", "symbol": "ETH-USD"}, {"trade_id": 665526807, "side": "buy", "size": "0.00164029", "price": "2971.09000000", "time": "2025-07-11T16:39:05.738751Z", "fetched_at": "2025-07-11T16:39:34.294316+00:00", "symbol": "ETH-USD"}, {"trade_id": 665526806, "side": "sell", "size": "0.00061298", "price": "2971.11000000", "time": "2025-07-11T16:39:05.340107Z", "fetched_at": "2025-07-11T16:39:34.294316+00:00", "symbol": "ETH-USD"}, {"trade_id": 665526805, "side": "sell", "size": "0.01572911", "price": "2971.44000000", "time": "2025-07-11T16:39:05.279497Z", "fetched_at": "2025-07-11T16:39:34.294316+00:00", "symbol": "ETH-USD"}, {"trade_id": 665526804, "side": "sell", "size": "0.00061816", "price": "2971.13000000", "time": "2025-07-11T16:39:05.279497Z", "fetched_at": "2025-07-11T16:39:34.294316+00:00", "symbol": "ETH-USD"}, {"trade_id": 665526803, "side": "sell", "size": "0.00061816", "price": "2971.09000000", "time": "2025-07-11T16:39:05.052764Z", "fetched_at": "2025-07-11T16:39:34.294316+00:00", "symbol": "ETH-USD"}, {"trade_id": 665526802, "side": "sell", "size": "0.00060981", "price": "2971.06000000", "time": "2025-07-11T16:39:05.019569Z", "fetched_at": "2025-07-11T16:39:34.294316+00:00", "symbol": "ETH-USD"}, {"trade_id": 665526801, "side": "buy", "size": "0.24936340", "price": "2971.05000000", "time": "2025-07-11T16:39:04.904338Z", "fetched_at": "2025-07-11T16:39:34.294316+00:00", "symbol": "ETH-USD"}, {"trade_id": 665526800, "side": "buy", "size": "0.36136256", "price": "2971.06000000", "time": "2025-07-11T16:39:04.904338Z", "fetched_at": "2025-07-11T16:39:34.294316+00:00", "symbol": "ETH-USD"}, {"trade_id": 665526799, "side": "buy", "size": "0.09618000", "price": "2971.06000000", "time": "2025-07-11T16:39:04.904338Z", "fetched_at": "2025-07-11T16:39:34.294316+00:00", "symbol": "ETH-USD"}, {"trade_id": 665526798, "side": "buy", "size": "0.29897000", "price": "2971.06000000", "time": "2025-07-11T16:39:04.904338Z", "fetched_at": "2025-07-11T16:39:34.294316+00:00", "symbol": "ETH-USD"}, {"trade_id": 665526797, "side": "buy", "size": "0.13618785", "price": "2971.05000000", "time": "2025-07-11T16:39:04.622110Z", "fetched_at": "2025-07-11T16:39:34.294316+00:00", "symbol": "ETH-USD"}, {"trade_id": 665526796, "side": "buy", "size": "0.02946549", "price": "2971.07000000", "time": "2025-07-11T16:39:04.622110Z", "fetched_at": "2025-07-11T16:39:34.294316+00:00", "symbol": "ETH-USD"}, {"trade_id": 665526795, "side": "buy", "size": "0.00305685", "price": "2971.08000000", "time": "2025-07-11T16:39:04.622110Z", "fetched_at": "2025-07-11T16:39:34.294316+00:00", "symbol": "ETH-USD"}, {"trade_id": 665526794, "side": "buy", "size": "0.00317344", "price": "2971.46000000", "time": "2025-07-11T16:39:04.267835Z", "fetched_at": "2025-07-11T16:39:34.294316+00:00", "symbol": "ETH-USD"}, {"trade_id": 665526793, "side": "buy", "size": "0.32038170", "price": "2971.59000000", "time": "2025-07-11T16:39:03.962314Z", "fetched_at": "2025-07-11T16:39:34.294316+00:00", "symbol": "ETH-USD"}, {"trade_id": 665526792, "side": "buy", "size": "0.21915614", "price": "2971.59000000", "time": "2025-07-11T16:39:03.962314Z", "fetched_at": "2025-07-11T16:39:34.294316+00:00", "symbol": "ETH-USD"}, {"trade_id": 665526791, "side": "buy", "size": "0.48597090", "price": "2971.59000000", "time": "2025-07-11T16:39:03.958058Z", "fetched_at": "2025-07-11T16:39:34.294316+00:00", "symbol": "ETH-USD"}, {"trade_id": 665526790, "side": "buy", "size": "0.03603149", "price": "2971.60000000", "time": "2025-07-11T16:39:03.958058Z", "fetched_at": "2025-07-11T16:39:34.294316+00:00", "symbol": "ETH-USD"}, {"trade_id": 665526789, "side": "buy", "size": "0.15000000", "price": "2971.60000000", "time": "2025-07-11T16:39:03.958058Z", "fetched_at": "2025-07-11T16:39:34.294316+00:00", "symbol": "ETH-USD"}, {"trade_id": 665526788, "side": "buy", "size": "0.00317328", "price": "2971.61000000", "time": "2025-07-11T16:39:03.958058Z", "fetched_at": "2025-07-11T16:39:34.294316+00:00", "symbol": "ETH-USD"}, {"trade_id": 665526787, "side": "sell", "size": "1.35341434", "price": "2971.73000000", "time": "2025-07-11T16:39:03.823023Z", "fetched_at": "2025-07-11T16:39:34.294316+00:00", "symbol": "ETH-USD"}, {"trade_id": 665526786, "side": "sell", "size": "0.84128951", "price": "2971.63000000", "time": "2025-07-11T16:39:03.823023Z", "fetched_at": "2025-07-11T16:39:34.294316+00:00", "symbol": "ETH-USD"}, {"trade_id": 665526785, "side": "sell", "size": "0.00100000", "price": "2971.54000000", "time": "2025-07-11T16:39:03.822338Z", "fetched_at": "2025-07-11T16:39:34.294316+00:00", "symbol": "ETH-USD"}, {"trade_id": 665526784, "side": "sell", "size": "0.84133258", "price": "2971.48000000", "time": "2025-07-11T16:39:03.822338Z", "fetched_at": "2025-07-11T16:39:34.294316+00:00", "symbol": "ETH-USD"}, {"trade_id": 665526783, "side": "sell", "size": "0.32184859", "price": "2971.45000000", "time": "2025-07-11T16:39:03.822338Z", "fetched_at": "2025-07-11T16:39:34.294316+00:00", "symbol": "ETH-USD"}, {"trade_id": 665526782, "side": "sell", "size": "0.82887688", "price": "2971.40000000", "time": "2025-07-11T16:39:03.822228Z", "fetched_at": "2025-07-11T16:39:34.294316+00:00", "symbol": "ETH-USD"}, {"trade_id": 665526781, "side": "sell", "size": "0.15000000", "price": "2971.39000000", "time": "2025-07-11T16:39:03.822228Z", "fetched_at": "2025-07-11T16:39:34.294316+00:00", "symbol": "ETH-USD"}, {"trade_id": 665526780, "side": "sell", "size": "0.00100000", "price": "2971.32000000", "time": "2025-07-11T16:39:03.822228Z", "fetched_at": "2025-07-11T16:39:34.294316+00:00", "symbol": "ETH-USD"}, {"trade_id": 665526779, "side": "sell", "size": "0.00024001", "price": "2971.24000000", "time": "2025-07-11T16:39:03.821306Z", "fetched_at": "2025-07-11T16:39:34.294316+00:00", "symbol": "ETH-USD"}, {"trade_id": 665526778, "side": "sell", "size": "0.16828473", "price": "2971.16000000", "time": "2025-07-11T16:39:03.817952Z", "fetched_at": "2025-07-11T16:39:34.294316+00:00", "symbol": "ETH-USD"}, {"trade_id": 665526777, "side": "sell", "size": "0.00100000", "price": "2971.10000000", "time": "2025-07-11T16:39:03.817952Z", "fetched_at": "2025-07-11T16:39:34.294316+00:00", "symbol": "ETH-USD"}, {"trade_id": 665526776, "side": "sell", "size": "0.00005588", "price": "2971.06000000", "time": "2025-07-11T16:39:03.817952Z", "fetched_at": "2025-07-11T16:39:34.294316+00:00", "symbol": "ETH-USD"}, {"trade_id": 665526775, "side": "sell", "size": "0.00088741", "price": "2971.05000000", "time": "2025-07-11T16:39:03.817952Z", "fetched_at": "2025-07-11T16:39:34.294316+00:00", "symbol": "ETH-USD"}, {"trade_id": 665526774, "side": "sell", "size": "0.00030999", "price": "2971.05000000", "time": "2025-07-11T16:39:03.817952Z", "fetched_at": "2025-07-11T16:39:34.294316+00:00", "symbol": "ETH-USD"}, {"trade_id": 665526773, "side": "buy", "size": "0.02710809", "price": "2970.48000000", "time": "2025-07-11T16:39:02.946632Z", "fetched_at": "2025-07-11T16:39:34.294316+00:00", "symbol": "ETH-USD"}, {"trade_id": 665526772, "side": "buy", "size": "0.00001683", "price": "2970.48000000", "time": "2025-07-11T16:39:02.946632Z", "fetched_at": "2025-07-11T16:39:34.294316+00:00", "symbol": "ETH-USD"}, {"trade_id": 665526771, "side": "buy", "size": "0.00691807", "price": "2970.48000000", "time": "2025-07-11T16:39:02.946632Z", "fetched_at": "2025-07-11T16:39:34.294316+00:00", "symbol": "ETH-USD"}, {"trade_id": 665526770, "side": "buy", "size": "0.01595701", "price": "2970.48000000", "time": "2025-07-11T16:39:02.946632Z", "fetched_at": "2025-07-11T16:39:34.294316+00:00", "symbol": "ETH-USD"}, {"trade_id": 665526769, "side": "sell", "size": "0.00146280", "price": "2970.49000000", "time": "2025-07-11T16:39:01.807644Z", "fetched_at": "2025-07-11T16:39:34.294316+00:00", "symbol": "ETH-USD"}, {"trade_id": 665526768, "side": "buy", "size": "0.10655978", "price": "2969.97000000", "time": "2025-07-11T16:39:01.699649Z", "fetched_at": "2025-07-11T16:39:34.294316+00:00", "symbol": "ETH-USD"}, {"trade_id": 665526767, "side": "buy", "size": "0.00317502", "price": "2969.98000000", "time": "2025-07-11T16:39:01.699649Z", "fetched_at": "2025-07-11T16:39:34.294316+00:00", "symbol": "ETH-USD"}, {"trade_id": 665526766, "side": "buy", "size": "0.00100000", "price": "2970.00000000", "time": "2025-07-11T16:39:01.699649Z", "fetched_at": "2025-07-11T16:39:34.294316+00:00", "symbol": "ETH-USD"}, {"trade_id": 665526765, "side": "buy", "size": "0.42332672", "price": "2970.22000000", "time": "2025-07-11T16:39:01.699649Z", "fetched_at": "2025-07-11T16:39:34.294316+00:00", "symbol": "ETH-USD"}, {"trade_id": 665526764, "side": "buy", "size": "0.30989845", "price": "2970.22000000", "time": "2025-07-11T16:39:01.699649Z", "fetched_at": "2025-07-11T16:39:34.294316+00:00", "symbol": "ETH-USD"}, {"trade_id": 665526763, "side": "buy", "size": "0.02330967", "price": "2970.44000000", "time": "2025-07-11T16:39:01.496996Z", "fetched_at": "2025-07-11T16:39:34.294316+00:00", "symbol": "ETH-USD"}, {"trade_id": 665526762, "side": "buy", "size": "0.59394966", "price": "2970.44000000", "time": "2025-07-11T16:39:01.496996Z", "fetched_at": "2025-07-11T16:39:34.294316+00:00", "symbol": "ETH-USD"}, {"trade_id": 665526761, "side": "buy", "size": "0.25122815", "price": "2970.44000000", "time": "2025-07-11T16:39:01.496968Z", "fetched_at": "2025-07-11T16:39:34.294316+00:00", "symbol": "ETH-USD"}, {"trade_id": 665526760, "side": "buy", "size": "0.00100000", "price": "2970.44000000", "time": "2025-07-11T16:39:01.496968Z", "fetched_at": "2025-07-11T16:39:34.294316+00:00", "symbol": "ETH-USD"}, {"trade_id": 665526759, "side": "sell", "size": "0.15293720", "price": "2970.45000000", "time": "2025-07-11T16:39:01.477160Z", "fetched_at": "2025-07-11T16:39:34.294316+00:00", "symbol": "ETH-USD"}, {"trade_id": 665526758, "side": "sell", "size": "0.00146280", "price": "2970.45000000", "time": "2025-07-11T16:39:01.477160Z", "fetched_at": "2025-07-11T16:39:34.294316+00:00", "symbol": "ETH-USD"}, {"trade_id": 665526757, "side": "buy", "size": "0.00100000", "price": "2970.66000000", "time": "2025-07-11T16:39:01.426986Z", "fetched_at": "2025-07-11T16:39:34.294316+00:00", "symbol": "ETH-USD"}, {"trade_id": 665526756, "side": "buy", "size": "0.28803967", "price": "2970.70000000", "time": "2025-07-11T16:39:01.373619Z", "fetched_at": "2025-07-11T16:39:34.294316+00:00", "symbol": "ETH-USD"}, {"trade_id": 665526755, "side": "sell", "size": "0.01472220", "price": "2970.71000000", "time": "2025-07-11T16:39:01.077320Z", "fetched_at": "2025-07-11T16:39:34.294316+00:00", "symbol": "ETH-USD"}, {"trade_id": 665526754, "side": "sell", "size": "0.00194840", "price": "2970.71000000", "time": "2025-07-11T16:39:01.077320Z", "fetched_at": "2025-07-11T16:39:34.294316+00:00", "symbol": "ETH-USD"}, {"trade_id": 665526753, "side": "buy", "size": "0.02431939", "price": "2970.88000000", "time": "2025-07-11T16:39:01.013328Z", "fetched_at": "2025-07-11T16:39:34.294316+00:00", "symbol": "ETH-USD"}, {"trade_id": 665526752, "side": "buy", "size": "0.01888665", "price": "2970.88000000", "time": "2025-07-11T16:39:01.013328Z", "fetched_at": "2025-07-11T16:39:34.294316+00:00", "symbol": "ETH-USD"}, {"trade_id": 665526751, "side": "buy", "size": "0.00100000", "price": "2970.88000000", "time": "2025-07-11T16:39:01.013328Z", "fetched_at": "2025-07-11T16:39:34.294316+00:00", "symbol": "ETH-USD"}, {"trade_id": 665526750, "side": "buy", "size": "0.02795204", "price": "2971.05000000", "time": "2025-07-11T16:39:00.733577Z", "fetched_at": "2025-07-11T16:39:34.294316+00:00", "symbol": "ETH-USD"}, {"trade_id": 665526749, "side": "buy", "size": "0.00100000", "price": "2971.10000000", "time": "2025-07-11T16:39:00.733577Z", "fetched_at": "2025-07-11T16:39:34.294316+00:00", "symbol": "ETH-USD"}, {"trade_id": 665526748, "side": "buy", "size": "0.36053691", "price": "2971.22000000", "time": "2025-07-11T16:39:00.733577Z", "fetched_at": "2025-07-11T16:39:34.294316+00:00", "symbol": "ETH-USD"}, {"trade_id": 665526747, "side": "buy", "size": "0.53946309", "price": "2971.22000000", "time": "2025-07-11T16:39:00.730136Z", "fetched_at": "2025-07-11T16:39:34.294316+00:00", "symbol": "ETH-USD"}, {"trade_id": 665526746, "side": "buy", "size": "0.54000000", "price": "2971.23000000", "time": "2025-07-11T16:39:00.730136Z", "fetched_at": "2025-07-11T16:39:34.294316+00:00", "symbol": "ETH-USD"}, {"trade_id": 665526745, "side": "buy", "size": "0.02103912", "price": "2971.30000000", "time": "2025-07-11T16:39:00.730136Z", "fetched_at": "2025-07-11T16:39:34.294316+00:00", "symbol": "ETH-USD"}, {"trade_id": 665526744, "side": "buy", "size": "0.00100000", "price": "2971.32000000", "time": "2025-07-11T16:39:00.730136Z", "fetched_at": "2025-07-11T16:39:34.294316+00:00", "symbol": "ETH-USD"}, {"trade_id": 665526743, "side": "buy", "size": "0.04352552", "price": "2971.36000000", "time": "2025-07-11T16:39:00.724109Z", "fetched_at": "2025-07-11T16:39:34.294316+00:00", "symbol": "ETH-USD"}, {"trade_id": 665526742, "side": "buy", "size": "0.03682152", "price": "2971.36000000", "time": "2025-07-11T16:39:00.724109Z", "fetched_at": "2025-07-11T16:39:34.294316+00:00", "symbol": "ETH-USD"}, {"trade_id": 665526741, "side": "buy", "size": "0.00420009", "price": "2971.36000000", "time": "2025-07-11T16:39:00.724109Z", "fetched_at": "2025-07-11T16:39:34.294316+00:00", "symbol": "ETH-USD"}, {"trade_id": 665526740, "side": "buy", "size": "0.01812968", "price": "2971.37000000", "time": "2025-07-11T16:39:00.724109Z", "fetched_at": "2025-07-11T16:39:34.294316+00:00", "symbol": "ETH-USD"}, {"trade_id": 665526739, "side": "buy", "size": "1.25590215", "price": "2971.37000000", "time": "2025-07-11T16:39:00.724109Z", "fetched_at": "2025-07-11T16:39:34.294316+00:00", "symbol": "ETH-USD"}, {"trade_id": 665526738, "side": "buy", "size": "0.34682274", "price": "2971.37000000", "time": "2025-07-11T16:39:00.724109Z", "fetched_at": "2025-07-11T16:39:34.294316+00:00", "symbol": "ETH-USD"}, {"trade_id": 665526737, "side": "buy", "size": "0.08000000", "price": "2971.37000000", "time": "2025-07-11T16:39:00.678970Z", "fetched_at": "2025-07-11T16:39:34.294316+00:00", "symbol": "ETH-USD"}, {"trade_id": 665526736, "side": "sell", "size": "0.00193013", "price": "2971.45000000", "time": "2025-07-11T16:39:00.576184Z", "fetched_at": "2025-07-11T16:39:34.294316+00:00", "symbol": "ETH-USD"}, {"trade_id": 665526735, "side": "sell", "size": "0.00140329", "price": "2971.38000000", "time": "2025-07-11T16:39:00.576184Z", "fetched_at": "2025-07-11T16:39:34.294316+00:00", "symbol": "ETH-USD"}, {"trade_id": 665526734, "side": "sell", "size": "0.01329671", "price": "2971.45000000", "time": "2025-07-11T16:39:00.512241Z", "fetched_at": "2025-07-11T16:39:34.294316+00:00", "symbol": "ETH-USD"}, {"trade_id": 665526733, "side": "sell", "size": "0.00140329", "price": "2971.38000000", "time": "2025-07-11T16:39:00.512241Z", "fetched_at": "2025-07-11T16:39:34.294316+00:00", "symbol": "ETH-USD"}, {"trade_id": 665526732, "side": "buy", "size": "0.31057444", "price": "2971.37000000", "time": "2025-07-11T16:39:00.337089Z", "fetched_at": "2025-07-11T16:39:34.294316+00:00", "symbol": "ETH-USD"}, {"trade_id": 665526731, "side": "buy", "size": "0.42682274", "price": "2971.43000000", "time": "2025-07-11T16:39:00.337089Z", "fetched_at": "2025-07-11T16:39:34.294316+00:00", "symbol": "ETH-USD"}, {"trade_id": 665526730, "side": "buy", "size": "0.94532829", "price": "2971.37000000", "time": "2025-07-11T16:39:00.332883Z", "fetched_at": "2025-07-11T16:39:34.294316+00:00", "symbol": "ETH-USD"}, {"trade_id": 665526729, "side": "buy", "size": "0.08287321", "price": "2971.39000000", "time": "2025-07-11T16:39:00.332883Z", "fetched_at": "2025-07-11T16:39:34.294316+00:00", "symbol": "ETH-USD"}, {"trade_id": 665526728, "side": "buy", "size": "0.00194127", "price": "2971.47000000", "time": "2025-07-11T16:39:00.328722Z", "fetched_at": "2025-07-11T16:39:34.294316+00:00", "symbol": "ETH-USD"}, {"trade_id": 665526727, "side": "buy", "size": "0.05167447", "price": "2971.68000000", "time": "2025-07-11T16:39:00.328722Z", "fetched_at": "2025-07-11T16:39:34.294316+00:00", "symbol": "ETH-USD"}, {"trade_id": 665526726, "side": "buy", "size": "0.06894413", "price": "2971.91000000", "time": "2025-07-11T16:39:00.265767Z", "fetched_at": "2025-07-11T16:39:34.294316+00:00", "symbol": "ETH-USD"}, {"trade_id": 665526725, "side": "buy", "size": "0.00091733", "price": "2971.92000000", "time": "2025-07-11T16:39:00.265767Z", "fetched_at": "2025-07-11T16:39:34.294316+00:00", "symbol": "ETH-USD"}, {"trade_id": 665526724, "side": "buy", "size": "0.01050105", "price": "2971.94000000", "time": "2025-07-11T16:39:00.265767Z", "fetched_at": "2025-07-11T16:39:34.294316+00:00", "symbol": "ETH-USD"}, {"trade_id": 665526723, "side": "buy", "size": "0.02418336", "price": "2971.94000000", "time": "2025-07-11T16:39:00.111823Z", "fetched_at": "2025-07-11T16:39:34.294316+00:00", "symbol": "ETH-USD"}, {"trade_id": 665526722, "side": "buy", "size": "0.03023950", "price": "2971.94000000", "time": "2025-07-11T16:39:00.111823Z", "fetched_at": "2025-07-11T16:39:34.294316+00:00", "symbol": "ETH-USD"}, {"trade_id": 665526721, "side": "buy", "size": "0.11430440", "price": "2971.94000000", "time": "2025-07-11T16:39:00.111823Z", "fetched_at": "2025-07-11T16:39:34.294316+00:00", "symbol": "ETH-USD"}, {"trade_id": 665526720, "side": "buy", "size": "0.25317293", "price": "2971.94000000", "time": "2025-07-11T16:39:00.105265Z", "fetched_at": "2025-07-11T16:39:34.294316+00:00", "symbol": "ETH-USD"}, {"trade_id": 665526719, "side": "sell", "size": "0.00531119", "price": "2972.24000000", "time": "2025-07-11T16:38:59.583730Z", "fetched_at": "2025-07-11T16:39:34.294316+00:00", "symbol": "ETH-USD"}, {"trade_id": 665526718, "side": "sell", "size": "0.00139544", "price": "2971.92000000", "time": "2025-07-11T16:38:59.583730Z", "fetched_at": "2025-07-11T16:39:34.294316+00:00", "symbol": "ETH-USD"}, {"trade_id": 665526717, "side": "buy", "size": "0.05782619", "price": "2971.91000000", "time": "2025-07-11T16:38:59.086393Z", "fetched_at": "2025-07-11T16:39:34.294316+00:00", "symbol": "ETH-USD"}, {"trade_id": 665526716, "side": "buy", "size": "0.04317425", "price": "2971.91000000", "time": "2025-07-11T16:38:59.086393Z", "fetched_at": "2025-07-11T16:39:34.294316+00:00", "symbol": "ETH-USD"}, {"trade_id": 665526715, "side": "buy", "size": "0.02011329", "price": "2971.93000000", "time": "2025-07-11T16:38:58.415583Z", "fetched_at": "2025-07-11T16:39:34.294316+00:00", "symbol": "ETH-USD"}, {"trade_id": 665526714, "side": "buy", "size": "0.15000000", "price": "2971.93000000", "time": "2025-07-11T16:38:58.415583Z", "fetched_at": "2025-07-11T16:39:34.294316+00:00", "symbol": "ETH-USD"}, {"trade_id": 665526713, "side": "sell", "size": "0.00166429", "price": "2972.32000000", "time": "2025-07-11T16:38:58.279178Z", "fetched_at": "2025-07-11T16:39:34.294316+00:00", "symbol": "ETH-USD"}, {"trade_id": 665526712, "side": "sell", "size": "0.00085111", "price": "2972.31000000", "time": "2025-07-11T16:38:58.279178Z", "fetched_at": "2025-07-11T16:39:34.294316+00:00", "symbol": "ETH-USD"}, {"trade_id": 665526711, "side": "sell", "size": "0.00100000", "price": "2972.20000000", "time": "2025-07-11T16:38:58.279178Z", "fetched_at": "2025-07-11T16:39:34.294316+00:00", "symbol": "ETH-USD"}, {"trade_id": 665526710, "side": "sell", "size": "0.00725833", "price": "2972.13000000", "time": "2025-07-11T16:38:57.266390Z", "fetched_at": "2025-07-11T16:39:34.294316+00:00", "symbol": "ETH-USD"}, {"trade_id": 665526709, "side": "sell", "size": "0.00131584", "price": "2971.69000000", "time": "2025-07-11T16:38:57.266390Z", "fetched_at": "2025-07-11T16:39:34.294316+00:00", "symbol": "ETH-USD"}, {"trade_id": 665526708, "side": "buy", "size": "0.03023307", "price": "2971.58000000", "time": "2025-07-11T16:38:56.871743Z", "fetched_at": "2025-07-11T16:39:34.294316+00:00", "symbol": "ETH-USD"}, {"trade_id": 665526707, "side": "buy", "size": "0.05579399", "price": "2971.58000000", "time": "2025-07-11T16:38:56.516279Z", "fetched_at": "2025-07-11T16:39:34.294316+00:00", "symbol": "ETH-USD"}, {"trade_id": 665526706, "side": "buy", "size": "0.39979579", "price": "2971.58000000", "time": "2025-07-11T16:38:56.516279Z", "fetched_at": "2025-07-11T16:39:34.294316+00:00", "symbol": "ETH-USD"}, {"trade_id": 665526705, "side": "buy", "size": "0.04852039", "price": "2971.58000000", "time": "2025-07-11T16:38:56.516279Z", "fetched_at": "2025-07-11T16:39:34.294316+00:00", "symbol": "ETH-USD"}, {"trade_id": 665526704, "side": "buy", "size": "0.03290841", "price": "2971.58000000", "time": "2025-07-11T16:38:56.516279Z", "fetched_at": "2025-07-11T16:39:34.294316+00:00", "symbol": "ETH-USD"}, {"trade_id": 665526703, "side": "buy", "size": "0.05517266", "price": "2971.58000000", "time": "2025-07-11T16:38:56.516279Z", "fetched_at": "2025-07-11T16:39:34.294316+00:00", "symbol": "ETH-USD"}, {"trade_id": 665526702, "side": "buy", "size": "0.08283625", "price": "2971.58000000", "time": "2025-07-11T16:38:56.516279Z", "fetched_at": "2025-07-11T16:39:34.294316+00:00", "symbol": "ETH-USD"}, {"trade_id": 665526701, "side": "sell", "size": "0.08310651", "price": "2971.77000000", "time": "2025-07-11T16:38:56.257182Z", "fetched_at": "2025-07-11T16:39:34.294316+00:00", "symbol": "ETH-USD"}, {"trade_id": 665526700, "side": "sell", "size": "0.00108425", "price": "2971.76000000", "time": "2025-07-11T16:38:56.257182Z", "fetched_at": "2025-07-11T16:39:34.294316+00:00", "symbol": "ETH-USD"}, {"trade_id": 665526699, "side": "sell", "size": "0.00020000", "price": "2971.75000000", "time": "2025-07-11T16:38:56.257182Z", "fetched_at": "2025-07-11T16:39:34.294316+00:00", "symbol": "ETH-USD"}, {"trade_id": 665526698, "side": "sell", "size": "0.00010334", "price": "2971.70000000", "time": "2025-07-11T16:38:56.257182Z", "fetched_at": "2025-07-11T16:39:34.294316+00:00", "symbol": "ETH-USD"}, {"trade_id": 665526697, "side": "sell", "size": "0.00024003", "price": "2971.60000000", "time": "2025-07-11T16:38:56.257182Z", "fetched_at": "2025-07-11T16:39:34.294316+00:00", "symbol": "ETH-USD"}, {"trade_id": 665526696, "side": "sell", "size": "0.00030998", "price": "2971.46000000", "time": "2025-07-11T16:38:56.257182Z", "fetched_at": "2025-07-11T16:39:34.294316+00:00", "symbol": "ETH-USD"}, {"trade_id": 665526695, "side": "sell", "size": "0.00005589", "price": "2971.46000000", "time": "2025-07-11T16:38:56.257182Z", "fetched_at": "2025-07-11T16:39:34.294316+00:00", "symbol": "ETH-USD"}, {"trade_id": 665526694, "side": "sell", "size": "0.00000336", "price": "2971.60000000", "time": "2025-07-11T16:38:55.717050Z", "fetched_at": "2025-07-11T16:39:34.294316+00:00", "symbol": "ETH-USD"}, {"trade_id": 665526693, "side": "sell", "size": "0.00000672", "price": "2971.61000000", "time": "2025-07-11T16:38:55.698507Z", "fetched_at": "2025-07-11T16:39:34.294316+00:00", "symbol": "ETH-USD"}, {"trade_id": 665526692, "side": "sell", "size": "0.01540304", "price": "2971.60000000", "time": "2025-07-11T16:38:55.681826Z", "fetched_at": "2025-07-11T16:39:34.294316+00:00", "symbol": "ETH-USD"}, {"trade_id": 665526691, "side": "sell", "size": "0.07390487", "price": "2971.63000000", "time": "2025-07-11T16:38:55.553540Z", "fetched_at": "2025-07-11T16:39:34.294316+00:00", "symbol": "ETH-USD"}, {"trade_id": 665526690, "side": "sell", "size": "0.00109513", "price": "2971.63000000", "time": "2025-07-11T16:38:55.553540Z", "fetched_at": "2025-07-11T16:39:34.294316+00:00", "symbol": "ETH-USD"}, {"trade_id": 665526689, "side": "buy", "size": "0.00108181", "price": "2971.37000000", "time": "2025-07-11T16:38:55.403770Z", "fetched_at": "2025-07-11T16:39:34.294316+00:00", "symbol": "ETH-USD"}, {"trade_id": 665526688, "side": "buy", "size": "0.08256679", "price": "2971.35000000", "time": "2025-07-11T16:38:55.291392Z", "fetched_at": "2025-07-11T16:39:34.294316+00:00", "symbol": "ETH-USD"}, {"trade_id": 665526687, "side": "buy", "size": "0.39149132", "price": "2971.36000000", "time": "2025-07-11T16:38:55.291392Z", "fetched_at": "2025-07-11T16:39:34.294316+00:00", "symbol": "ETH-USD"}, {"trade_id": 665526686, "side": "buy", "size": "0.00219973", "price": "2971.36000000", "time": "2025-07-11T16:38:55.291392Z", "fetched_at": "2025-07-11T16:39:34.294316+00:00", "symbol": "ETH-USD"}, {"trade_id": 665526685, "side": "buy", "size": "0.01679103", "price": "2971.69000000", "time": "2025-07-11T16:38:55.069281Z", "fetched_at": "2025-07-11T16:39:34.294316+00:00", "symbol": "ETH-USD"}, {"trade_id": 665526684, "side": "buy", "size": "0.05180890", "price": "2971.69000000", "time": "2025-07-11T16:38:55.069281Z", "fetched_at": "2025-07-11T16:39:34.294316+00:00", "symbol": "ETH-USD"}, {"trade_id": 665526683, "side": "buy", "size": "0.01141407", "price": "2971.69000000", "time": "2025-07-11T16:38:55.069281Z", "fetched_at": "2025-07-11T16:39:34.294316+00:00", "symbol": "ETH-USD"}, {"trade_id": 665526682, "side": "buy", "size": "0.00033681", "price": "2971.69000000", "time": "2025-07-11T16:38:55.050638Z", "fetched_at": "2025-07-11T16:39:34.294316+00:00", "symbol": "ETH-USD"}, {"trade_id": 665526681, "side": "buy", "size": "0.16863474", "price": "2971.69000000", "time": "2025-07-11T16:38:54.685626Z", "fetched_at": "2025-07-11T16:39:34.294316+00:00", "symbol": "ETH-USD"}, {"trade_id": 665526680, "side": "buy", "size": "0.05961302", "price": "2971.69000000", "time": "2025-07-11T16:38:54.411547Z", "fetched_at": "2025-07-11T16:39:34.294316+00:00", "symbol": "ETH-USD"}, {"trade_id": 665526679, "side": "buy", "size": "0.04318418", "price": "2971.69000000", "time": "2025-07-11T16:38:54.411547Z", "fetched_at": "2025-07-11T16:39:34.294316+00:00", "symbol": "ETH-USD"}, {"trade_id": 665526678, "side": "buy", "size": "0.15000000", "price": "2971.69000000", "time": "2025-07-11T16:38:54.411547Z", "fetched_at": "2025-07-11T16:39:34.294316+00:00", "symbol": "ETH-USD"}, {"trade_id": 665526677, "side": "sell", "size": "0.00248461", "price": "2971.72000000", "time": "2025-07-11T16:38:54.174413Z", "fetched_at": "2025-07-11T16:39:34.294316+00:00", "symbol": "ETH-USD"}, {"trade_id": 665526676, "side": "sell", "size": "0.35764928", "price": "2971.71000000", "time": "2025-07-11T16:38:54.174413Z", "fetched_at": "2025-07-11T16:39:34.294316+00:00", "symbol": "ETH-USD"}, {"trade_id": 665526675, "side": "sell", "size": "0.00159816", "price": "2971.73000000", "time": "2025-07-11T16:38:54.139547Z", "fetched_at": "2025-07-11T16:39:34.294316+00:00", "symbol": "ETH-USD"}, {"trade_id": 665526674, "side": "buy", "size": "2.95587972", "price": "2971.75000000", "time": "2025-07-11T16:38:53.629151Z", "fetched_at": "2025-07-11T16:39:34.294316+00:00", "symbol": "ETH-USD"}, {"trade_id": 665526673, "side": "buy", "size": "3.72000336", "price": "2971.75000000", "time": "2025-07-11T16:38:53.627891Z", "fetched_at": "2025-07-11T16:39:34.294316+00:00", "symbol": "ETH-USD"}, {"trade_id": 665526672, "side": "buy", "size": "1.82207127", "price": "2971.75000000", "time": "2025-07-11T16:38:53.627220Z", "fetched_at": "2025-07-11T16:39:34.294316+00:00", "symbol": "ETH-USD"}, {"trade_id": 665526671, "side": "buy", "size": "1.50120929", "price": "2971.75000000", "time": "2025-07-11T16:38:53.614164Z", "fetched_at": "2025-07-11T16:39:34.294316+00:00", "symbol": "ETH-USD"}, {"trade_id": 665526670, "side": "sell", "size": "0.00083636", "price": "2971.75000000", "time": "2025-07-11T16:38:53.610559Z", "fetched_at": "2025-07-11T16:39:34.294316+00:00", "symbol": "ETH-USD"}, {"trade_id": 665526669, "side": "buy", "size": "2.13666958", "price": "2971.75000000", "time": "2025-07-11T16:38:53.571866Z", "fetched_at": "2025-07-11T16:39:34.294316+00:00", "symbol": "ETH-USD"}, {"trade_id": 665526668, "side": "buy", "size": "1.33273442", "price": "2971.75000000", "time": "2025-07-11T16:38:53.568674Z", "fetched_at": "2025-07-11T16:39:34.294316+00:00", "symbol": "ETH-USD"}, {"trade_id": 665526667, "side": "buy", "size": "1.98692109", "price": "2971.75000000", "time": "2025-07-11T16:38:53.565558Z", "fetched_at": "2025-07-11T16:39:34.294316+00:00", "symbol": "ETH-USD"}, {"trade_id": 665526666, "side": "buy", "size": "4.54283855", "price": "2971.75000000", "time": "2025-07-11T16:38:53.555701Z", "fetched_at": "2025-07-11T16:39:34.294316+00:00", "symbol": "ETH-USD"}, {"trade_id": 665526665, "side": "sell", "size": "0.00083636", "price": "2971.75000000", "time": "2025-07-11T16:38:53.552041Z", "fetched_at": "2025-07-11T16:39:34.294316+00:00", "symbol": "ETH-USD"}, {"trade_id": 665526664, "side": "buy", "size": "10.00000000", "price": "2971.83000000", "time": "2025-07-11T16:38:53.496650Z", "fetched_at": "2025-07-11T16:39:34.294316+00:00", "symbol": "ETH-USD"}, {"trade_id": 665526663, "side": "buy", "size": "0.09834864", "price": "2971.32000000", "time": "2025-07-11T16:38:53.464961Z", "fetched_at": "2025-07-11T16:39:34.294316+00:00", "symbol": "ETH-USD"}, {"trade_id": 665526662, "side": "buy", "size": "0.09074327", "price": "2971.46000000", "time": "2025-07-11T16:38:53.464961Z", "fetched_at": "2025-07-11T16:39:34.294316+00:00", "symbol": "ETH-USD"}, {"trade_id": 665526661, "side": "buy", "size": "0.10408281", "price": "2971.48000000", "time": "2025-07-11T16:38:53.464961Z", "fetched_at": "2025-07-11T16:39:34.294316+00:00", "symbol": "ETH-USD"}, {"trade_id": 665526660, "side": "buy", "size": "0.07286604", "price": "2971.48000000", "time": "2025-07-11T16:38:53.464961Z", "fetched_at": "2025-07-11T16:39:34.294316+00:00", "symbol": "ETH-USD"}, {"trade_id": 665526659, "side": "buy", "size": "0.16332317", "price": "2971.52000000", "time": "2025-07-11T16:38:53.464961Z", "fetched_at": "2025-07-11T16:39:34.294316+00:00", "symbol": "ETH-USD"}, {"trade_id": 665526658, "side": "buy", "size": "4.64389851", "price": "2971.95000000", "time": "2025-07-11T16:38:53.448325Z", "fetched_at": "2025-07-11T16:39:34.294316+00:00", "symbol": "ETH-USD"}, {"trade_id": 665526657, "side": "buy", "size": "2.51666599", "price": "2971.95000000", "time": "2025-07-11T16:38:53.448281Z", "fetched_at": "2025-07-11T16:39:34.294316+00:00", "symbol": "ETH-USD"}, {"trade_id": 665526656, "side": "buy", "size": "2.83943550", "price": "2971.95000000", "time": "2025-07-11T16:38:53.448226Z", "fetched_at": "2025-07-11T16:39:34.294316+00:00", "symbol": "ETH-USD"}, {"trade_id": 665526655, "side": "sell", "size": "1.37217987", "price": "2972.04000000", "time": "2025-07-11T16:38:53.276543Z", "fetched_at": "2025-07-11T16:39:34.294316+00:00", "symbol": "ETH-USD"}, {"trade_id": 665526654, "side": "sell", "size": "0.15000000", "price": "2972.03000000", "time": "2025-07-11T16:38:53.276543Z", "fetched_at": "2025-07-11T16:39:34.294316+00:00", "symbol": "ETH-USD"}, {"trade_id": 665526653, "side": "sell", "size": "2.16629513", "price": "2971.97000000", "time": "2025-07-11T16:38:53.276543Z", "fetched_at": "2025-07-11T16:39:34.294316+00:00", "symbol": "ETH-USD"}, {"trade_id": 665526652, "side": "buy", "size": "9.98714192", "price": "2972.41000000", "time": "2025-07-11T16:38:53.271916Z", "fetched_at": "2025-07-11T16:39:34.294316+00:00", "symbol": "ETH-USD"}, {"trade_id": 665526651, "side": "sell", "size": "0.01285808", "price": "2972.38000000", "time": "2025-07-11T16:38:53.268763Z", "fetched_at": "2025-07-11T16:39:34.294316+00:00", "symbol": "ETH-USD"}, {"trade_id": 665526650, "side": "sell", "size": "0.39159050", "price": "2972.40000000", "time": "2025-07-11T16:38:53.267718Z", "fetched_at": "2025-07-11T16:39:34.294316+00:00", "symbol": "ETH-USD"}, {"trade_id": 665526649, "side": "sell", "size": "0.51300000", "price": "2972.39000000", "time": "2025-07-11T16:38:53.267718Z", "fetched_at": "2025-07-11T16:39:34.294316+00:00", "symbol": "ETH-USD"}, {"trade_id": 665526648, "side": "sell", "size": "0.11664532", "price": "2972.39000000", "time": "2025-07-11T16:38:53.267718Z", "fetched_at": "2025-07-11T16:39:34.294316+00:00", "symbol": "ETH-USD"}, {"trade_id": 665526647, "side": "sell", "size": "0.04859760", "price": "2972.38000000", "time": "2025-07-11T16:38:53.267718Z", "fetched_at": "2025-07-11T16:39:34.294316+00:00", "symbol": "ETH-USD"}, {"trade_id": 665526646, "side": "sell", "size": "0.51300000", "price": "2972.31000000", "time": "2025-07-11T16:38:53.245785Z", "fetched_at": "2025-07-11T16:39:34.294316+00:00", "symbol": "ETH-USD"}, {"trade_id": 665526645, "side": "sell", "size": "0.68891889", "price": "2972.20000000", "time": "2025-07-11T16:38:53.245785Z", "fetched_at": "2025-07-11T16:39:34.294316+00:00", "symbol": "ETH-USD"}