[{"trade_id": 665463987, "side": "buy", "size": "0.00231391", "price": "2980.65000000", "time": "2025-07-11T15:20:48.471986Z", "fetched_at": "2025-07-11T15:20:51.573518+00:00", "symbol": "ETH-USD"}, {"trade_id": 665463986, "side": "buy", "size": "0.03386679", "price": "2980.72000000", "time": "2025-07-11T15:20:48.140121Z", "fetched_at": "2025-07-11T15:20:51.573518+00:00", "symbol": "ETH-USD"}, {"trade_id": 665463985, "side": "buy", "size": "0.04303993", "price": "2980.72000000", "time": "2025-07-11T15:20:48.140121Z", "fetched_at": "2025-07-11T15:20:51.573518+00:00", "symbol": "ETH-USD"}, {"trade_id": 665463984, "side": "buy", "size": "0.13157000", "price": "2980.72000000", "time": "2025-07-11T15:20:48.140121Z", "fetched_at": "2025-07-11T15:20:51.573518+00:00", "symbol": "ETH-USD"}, {"trade_id": 665463983, "side": "buy", "size": "2.80348755", "price": "2980.72000000", "time": "2025-07-11T15:20:47.146115Z", "fetched_at": "2025-07-11T15:20:51.573518+00:00", "symbol": "ETH-USD"}, {"trade_id": 665463982, "side": "buy", "size": "0.13157000", "price": "2980.72000000", "time": "2025-07-11T15:20:47.146115Z", "fetched_at": "2025-07-11T15:20:51.573518+00:00", "symbol": "ETH-USD"}, {"trade_id": 665463981, "side": "sell", "size": "0.83872915", "price": "2980.70000000", "time": "2025-07-11T15:20:47.097877Z", "fetched_at": "2025-07-11T15:20:51.573518+00:00", "symbol": "ETH-USD"}, {"trade_id": 665463980, "side": "sell", "size": "0.00190715", "price": "2980.66000000", "time": "2025-07-11T15:20:47.097877Z", "fetched_at": "2025-07-11T15:20:51.573518+00:00", "symbol": "ETH-USD"}, {"trade_id": 665463979, "side": "sell", "size": "0.16774830", "price": "2980.66000000", "time": "2025-07-11T15:20:47.097877Z", "fetched_at": "2025-07-11T15:20:51.573518+00:00", "symbol": "ETH-USD"}, {"trade_id": 665463978, "side": "buy", "size": "0.84828617", "price": "2980.72000000", "time": "2025-07-11T15:20:46.621088Z", "fetched_at": "2025-07-11T15:20:51.573518+00:00", "symbol": "ETH-USD"}, {"trade_id": 665463977, "side": "buy", "size": "0.00721290", "price": "2980.77000000", "time": "2025-07-11T15:20:46.621088Z", "fetched_at": "2025-07-11T15:20:51.573518+00:00", "symbol": "ETH-USD"}, {"trade_id": 665463976, "side": "buy", "size": "0.00000670", "price": "2980.77000000", "time": "2025-07-11T15:20:46.621088Z", "fetched_at": "2025-07-11T15:20:51.573518+00:00", "symbol": "ETH-USD"}, {"trade_id": 665463975, "side": "buy", "size": "0.00000670", "price": "2980.77000000", "time": "2025-07-11T15:20:46.621088Z", "fetched_at": "2025-07-11T15:20:51.573518+00:00", "symbol": "ETH-USD"}, {"trade_id": 665463974, "side": "buy", "size": "0.00001341", "price": "2980.77000000", "time": "2025-07-11T15:20:46.621088Z", "fetched_at": "2025-07-11T15:20:51.573518+00:00", "symbol": "ETH-USD"}, {"trade_id": 665463973, "side": "buy", "size": "0.06416686", "price": "2980.78000000", "time": "2025-07-11T15:20:46.621088Z", "fetched_at": "2025-07-11T15:20:51.573518+00:00", "symbol": "ETH-USD"}, {"trade_id": 665463972, "side": "buy", "size": "0.00000335", "price": "2980.85000000", "time": "2025-07-11T15:20:46.501297Z", "fetched_at": "2025-07-11T15:20:51.573518+00:00", "symbol": "ETH-USD"}, {"trade_id": 665463971, "side": "buy", "size": "0.18996159", "price": "2980.85000000", "time": "2025-07-11T15:20:46.501297Z", "fetched_at": "2025-07-11T15:20:51.573518+00:00", "symbol": "ETH-USD"}, {"trade_id": 665463970, "side": "buy", "size": "1.07007433", "price": "2980.85000000", "time": "2025-07-11T15:20:46.487326Z", "fetched_at": "2025-07-11T15:20:51.573518+00:00", "symbol": "ETH-USD"}, {"trade_id": 665463969, "side": "buy", "size": "0.60804130", "price": "2980.85000000", "time": "2025-07-11T15:20:46.476Z", "fetched_at": "2025-07-11T15:20:51.573518+00:00", "symbol": "ETH-USD"}, {"trade_id": 665463968, "side": "buy", "size": "0.99975962", "price": "2980.85000000", "time": "2025-07-11T15:20:46.465845Z", "fetched_at": "2025-07-11T15:20:51.573518+00:00", "symbol": "ETH-USD"}, {"trade_id": 665463967, "side": "buy", "size": "1.16395307", "price": "2980.85000000", "time": "2025-07-11T15:20:46.442360Z", "fetched_at": "2025-07-11T15:20:51.573518+00:00", "symbol": "ETH-USD"}, {"trade_id": 665463966, "side": "buy", "size": "0.19395908", "price": "2980.85000000", "time": "2025-07-11T15:20:46.429950Z", "fetched_at": "2025-07-11T15:20:51.573518+00:00", "symbol": "ETH-USD"}, {"trade_id": 665463965, "side": "buy", "size": "0.46613992", "price": "2980.85000000", "time": "2025-07-11T15:20:46.418410Z", "fetched_at": "2025-07-11T15:20:51.573518+00:00", "symbol": "ETH-USD"}, {"trade_id": 665463964, "side": "buy", "size": "0.24955743", "price": "2980.85000000", "time": "2025-07-11T15:20:46.375546Z", "fetched_at": "2025-07-11T15:20:51.573518+00:00", "symbol": "ETH-USD"}, {"trade_id": 665463963, "side": "buy", "size": "0.20685366", "price": "2980.85000000", "time": "2025-07-11T15:20:46.361158Z", "fetched_at": "2025-07-11T15:20:51.573518+00:00", "symbol": "ETH-USD"}, {"trade_id": 665463962, "side": "buy", "size": "0.64565095", "price": "2980.85000000", "time": "2025-07-11T15:20:46.361158Z", "fetched_at": "2025-07-11T15:20:51.573518+00:00", "symbol": "ETH-USD"}, {"trade_id": 665463961, "side": "buy", "size": "1.91484819", "price": "2980.85000000", "time": "2025-07-11T15:20:46.348901Z", "fetched_at": "2025-07-11T15:20:51.573518+00:00", "symbol": "ETH-USD"}, {"trade_id": 665463960, "side": "buy", "size": "0.19490405", "price": "2980.85000000", "time": "2025-07-11T15:20:46.337327Z", "fetched_at": "2025-07-11T15:20:51.573518+00:00", "symbol": "ETH-USD"}, {"trade_id": 665463959, "side": "buy", "size": "0.12079681", "price": "2980.85000000", "time": "2025-07-11T15:20:46.325726Z", "fetched_at": "2025-07-11T15:20:51.573518+00:00", "symbol": "ETH-USD"}, {"trade_id": 665463958, "side": "buy", "size": "0.51999173", "price": "2980.85000000", "time": "2025-07-11T15:20:46.325726Z", "fetched_at": "2025-07-11T15:20:51.573518+00:00", "symbol": "ETH-USD"}, {"trade_id": 665463957, "side": "buy", "size": "0.39862531", "price": "2980.85000000", "time": "2025-07-11T15:20:46.314681Z", "fetched_at": "2025-07-11T15:20:51.573518+00:00", "symbol": "ETH-USD"}, {"trade_id": 665463956, "side": "buy", "size": "0.19418785", "price": "2980.85000000", "time": "2025-07-11T15:20:46.290878Z", "fetched_at": "2025-07-11T15:20:51.573518+00:00", "symbol": "ETH-USD"}, {"trade_id": 665463955, "side": "buy", "size": "0.86266117", "price": "2980.85000000", "time": "2025-07-11T15:20:46.279318Z", "fetched_at": "2025-07-11T15:20:51.573518+00:00", "symbol": "ETH-USD"}, {"trade_id": 665463954, "side": "buy", "size": "0.19696990", "price": "2980.85000000", "time": "2025-07-11T15:20:46.073727Z", "fetched_at": "2025-07-11T15:20:51.573518+00:00", "symbol": "ETH-USD"}, {"trade_id": 665463953, "side": "buy", "size": "0.34371126", "price": "2980.85000000", "time": "2025-07-11T15:20:46.062810Z", "fetched_at": "2025-07-11T15:20:51.573518+00:00", "symbol": "ETH-USD"}, {"trade_id": 665463952, "side": "buy", "size": "0.57709679", "price": "2980.85000000", "time": "2025-07-11T15:20:46.041642Z", "fetched_at": "2025-07-11T15:20:51.573518+00:00", "symbol": "ETH-USD"}, {"trade_id": 665463951, "side": "buy", "size": "0.42231004", "price": "2980.85000000", "time": "2025-07-11T15:20:46.031366Z", "fetched_at": "2025-07-11T15:20:51.573518+00:00", "symbol": "ETH-USD"}, {"trade_id": 665463950, "side": "buy", "size": "0.23266644", "price": "2980.85000000", "time": "2025-07-11T15:20:46.019885Z", "fetched_at": "2025-07-11T15:20:51.573518+00:00", "symbol": "ETH-USD"}, {"trade_id": 665463949, "side": "buy", "size": "1.91107951", "price": "2980.85000000", "time": "2025-07-11T15:20:46.006319Z", "fetched_at": "2025-07-11T15:20:51.573518+00:00", "symbol": "ETH-USD"}, {"trade_id": 665463948, "side": "buy", "size": "1.43799285", "price": "2980.85000000", "time": "2025-07-11T15:20:46.006319Z", "fetched_at": "2025-07-11T15:20:51.573518+00:00", "symbol": "ETH-USD"}, {"trade_id": 665463947, "side": "buy", "size": "0.02644243", "price": "2980.85000000", "time": "2025-07-11T15:20:45.995993Z", "fetched_at": "2025-07-11T15:20:51.573518+00:00", "symbol": "ETH-USD"}, {"trade_id": 665463946, "side": "buy", "size": "0.11669000", "price": "2980.85000000", "time": "2025-07-11T15:20:45.995993Z", "fetched_at": "2025-07-11T15:20:51.573518+00:00", "symbol": "ETH-USD"}, {"trade_id": 665463945, "side": "sell", "size": "0.00574313", "price": "2980.86000000", "time": "2025-07-11T15:20:45.990556Z", "fetched_at": "2025-07-11T15:20:51.573518+00:00", "symbol": "ETH-USD"}, {"trade_id": 665463944, "side": "sell", "size": "0.00255489", "price": "2980.78000000", "time": "2025-07-11T15:20:45.990556Z", "fetched_at": "2025-07-11T15:20:51.573518+00:00", "symbol": "ETH-USD"}, {"trade_id": 665463943, "side": "buy", "size": "0.75192092", "price": "2980.77000000", "time": "2025-07-11T15:20:45.951988Z", "fetched_at": "2025-07-11T15:20:51.573518+00:00", "symbol": "ETH-USD"}, {"trade_id": 665463942, "side": "buy", "size": "0.53301428", "price": "2980.77000000", "time": "2025-07-11T15:20:45.937413Z", "fetched_at": "2025-07-11T15:20:51.573518+00:00", "symbol": "ETH-USD"}, {"trade_id": 665463941, "side": "buy", "size": "2.08794867", "price": "2980.77000000", "time": "2025-07-11T15:20:45.905597Z", "fetched_at": "2025-07-11T15:20:51.573518+00:00", "symbol": "ETH-USD"}, {"trade_id": 665463940, "side": "buy", "size": "0.18753760", "price": "2980.77000000", "time": "2025-07-11T15:20:45.386410Z", "fetched_at": "2025-07-11T15:20:51.573518+00:00", "symbol": "ETH-USD"}, {"trade_id": 665463939, "side": "buy", "size": "2.09888642", "price": "2980.77000000", "time": "2025-07-11T15:20:44.485168Z", "fetched_at": "2025-07-11T15:20:51.573518+00:00", "symbol": "ETH-USD"}, {"trade_id": 665463938, "side": "buy", "size": "0.44401773", "price": "2980.77000000", "time": "2025-07-11T15:20:44.424303Z", "fetched_at": "2025-07-11T15:20:51.573518+00:00", "symbol": "ETH-USD"}, {"trade_id": 665463937, "side": "buy", "size": "0.18346372", "price": "2980.77000000", "time": "2025-07-11T15:20:44.397678Z", "fetched_at": "2025-07-11T15:20:51.573518+00:00", "symbol": "ETH-USD"}, {"trade_id": 665463936, "side": "buy", "size": "0.19091636", "price": "2980.77000000", "time": "2025-07-11T15:20:44.386921Z", "fetched_at": "2025-07-11T15:20:51.573518+00:00", "symbol": "ETH-USD"}, {"trade_id": 665463935, "side": "buy", "size": "2.05785902", "price": "2980.77000000", "time": "2025-07-11T15:20:44.375384Z", "fetched_at": "2025-07-11T15:20:51.573518+00:00", "symbol": "ETH-USD"}, {"trade_id": 665463934, "side": "buy", "size": "0.00719277", "price": "2980.77000000", "time": "2025-07-11T15:20:44.375384Z", "fetched_at": "2025-07-11T15:20:51.573518+00:00", "symbol": "ETH-USD"}, {"trade_id": 665463933, "side": "buy", "size": "0.11669000", "price": "2980.77000000", "time": "2025-07-11T15:20:44.375384Z", "fetched_at": "2025-07-11T15:20:51.573518+00:00", "symbol": "ETH-USD"}, {"trade_id": 665463932, "side": "buy", "size": "0.11669000", "price": "2980.78000000", "time": "2025-07-11T15:20:43.795074Z", "fetched_at": "2025-07-11T15:20:51.573518+00:00", "symbol": "ETH-USD"}, {"trade_id": 665463931, "side": "buy", "size": "0.11669000", "price": "2980.78000000", "time": "2025-07-11T15:20:43.743127Z", "fetched_at": "2025-07-11T15:20:51.573518+00:00", "symbol": "ETH-USD"}, {"trade_id": 665463930, "side": "buy", "size": "0.04303542", "price": "2980.80000000", "time": "2025-07-11T15:20:43.422107Z", "fetched_at": "2025-07-11T15:20:51.573518+00:00", "symbol": "ETH-USD"}, {"trade_id": 665463929, "side": "buy", "size": "0.84690608", "price": "2980.80000000", "time": "2025-07-11T15:20:43.422107Z", "fetched_at": "2025-07-11T15:20:51.573518+00:00", "symbol": "ETH-USD"}, {"trade_id": 665463928, "side": "buy", "size": "0.24200320", "price": "2980.80000000", "time": "2025-07-11T15:20:43.408873Z", "fetched_at": "2025-07-11T15:20:51.573518+00:00", "symbol": "ETH-USD"}, {"trade_id": 665463927, "side": "buy", "size": "0.47204616", "price": "2980.80000000", "time": "2025-07-11T15:20:43.344710Z", "fetched_at": "2025-07-11T15:20:51.573518+00:00", "symbol": "ETH-USD"}, {"trade_id": 665463926, "side": "buy", "size": "8.43904456", "price": "2980.80000000", "time": "2025-07-11T15:20:43.313596Z", "fetched_at": "2025-07-11T15:20:51.573518+00:00", "symbol": "ETH-USD"}, {"trade_id": 665463925, "side": "sell", "size": "0.00227522", "price": "2980.79000000", "time": "2025-07-11T15:20:43.301556Z", "fetched_at": "2025-07-11T15:20:51.573518+00:00", "symbol": "ETH-USD"}, {"trade_id": 665463924, "side": "buy", "size": "0.11669000", "price": "2980.78000000", "time": "2025-07-11T15:20:43.299952Z", "fetched_at": "2025-07-11T15:20:51.573518+00:00", "symbol": "ETH-USD"}, {"trade_id": 665463923, "side": "buy", "size": "0.11669000", "price": "2980.79000000", "time": "2025-07-11T15:20:43.288500Z", "fetched_at": "2025-07-11T15:20:51.573518+00:00", "symbol": "ETH-USD"}, {"trade_id": 665463922, "side": "buy", "size": "0.00233312", "price": "2980.65000000", "time": "2025-07-11T15:20:43.264968Z", "fetched_at": "2025-07-11T15:20:51.573518+00:00", "symbol": "ETH-USD"}, {"trade_id": 665463921, "side": "buy", "size": "0.11435688", "price": "2980.79000000", "time": "2025-07-11T15:20:43.264968Z", "fetched_at": "2025-07-11T15:20:51.573518+00:00", "symbol": "ETH-USD"}, {"trade_id": 665463920, "side": "buy", "size": "0.00233312", "price": "2980.79000000", "time": "2025-07-11T15:20:43.254899Z", "fetched_at": "2025-07-11T15:20:51.573518+00:00", "symbol": "ETH-USD"}, {"trade_id": 665463919, "side": "buy", "size": "0.20318440", "price": "2980.64000000", "time": "2025-07-11T15:20:43.243754Z", "fetched_at": "2025-07-11T15:20:51.573518+00:00", "symbol": "ETH-USD"}, {"trade_id": 665463918, "side": "buy", "size": "0.00233312", "price": "2980.65000000", "time": "2025-07-11T15:20:43.243754Z", "fetched_at": "2025-07-11T15:20:51.573518+00:00", "symbol": "ETH-USD"}, {"trade_id": 665463917, "side": "buy", "size": "0.11669000", "price": "2980.78000000", "time": "2025-07-11T15:20:43.243754Z", "fetched_at": "2025-07-11T15:20:51.573518+00:00", "symbol": "ETH-USD"}, {"trade_id": 665463916, "side": "buy", "size": "0.00233312", "price": "2980.66000000", "time": "2025-07-11T15:20:43.225753Z", "fetched_at": "2025-07-11T15:20:51.573518+00:00", "symbol": "ETH-USD"}, {"trade_id": 665463915, "side": "buy", "size": "0.11669000", "price": "2980.78000000", "time": "2025-07-11T15:20:43.170450Z", "fetched_at": "2025-07-11T15:20:51.573518+00:00", "symbol": "ETH-USD"}, {"trade_id": 665463914, "side": "buy", "size": "0.12659000", "price": "2980.64000000", "time": "2025-07-11T15:20:43.011857Z", "fetched_at": "2025-07-11T15:20:51.573518+00:00", "symbol": "ETH-USD"}, {"trade_id": 665463913, "side": "buy", "size": "0.09672000", "price": "2980.65000000", "time": "2025-07-11T15:20:43.011857Z", "fetched_at": "2025-07-11T15:20:51.573518+00:00", "symbol": "ETH-USD"}, {"trade_id": 665463912, "side": "buy", "size": "0.11669000", "price": "2980.68000000", "time": "2025-07-11T15:20:43.011857Z", "fetched_at": "2025-07-11T15:20:51.573518+00:00", "symbol": "ETH-USD"}, {"trade_id": 665463911, "side": "buy", "size": "0.05328000", "price": "2980.68000000", "time": "2025-07-11T15:20:42.959545Z", "fetched_at": "2025-07-11T15:20:51.573518+00:00", "symbol": "ETH-USD"}, {"trade_id": 665463910, "side": "buy", "size": "0.11669000", "price": "2980.68000000", "time": "2025-07-11T15:20:42.959545Z", "fetched_at": "2025-07-11T15:20:51.573518+00:00", "symbol": "ETH-USD"}, {"trade_id": 665463909, "side": "buy", "size": "0.11669000", "price": "2980.68000000", "time": "2025-07-11T15:20:42.943226Z", "fetched_at": "2025-07-11T15:20:51.573518+00:00", "symbol": "ETH-USD"}, {"trade_id": 665463908, "side": "buy", "size": "0.11669000", "price": "2980.53000000", "time": "2025-07-11T15:20:42.932363Z", "fetched_at": "2025-07-11T15:20:51.573518+00:00", "symbol": "ETH-USD"}, {"trade_id": 665463907, "side": "sell", "size": "0.80860801", "price": "2980.39000000", "time": "2025-07-11T15:20:42.924558Z", "fetched_at": "2025-07-11T15:20:51.573518+00:00", "symbol": "ETH-USD"}, {"trade_id": 665463906, "side": "sell", "size": "0.00227088", "price": "2980.39000000", "time": "2025-07-11T15:20:42.924558Z", "fetched_at": "2025-07-11T15:20:51.573518+00:00", "symbol": "ETH-USD"}, {"trade_id": 665463905, "side": "sell", "size": "1.04794270", "price": "2980.39000000", "time": "2025-07-11T15:20:42.924558Z", "fetched_at": "2025-07-11T15:20:51.573518+00:00", "symbol": "ETH-USD"}, {"trade_id": 665463904, "side": "sell", "size": "0.05263839", "price": "2980.39000000", "time": "2025-07-11T15:20:42.924558Z", "fetched_at": "2025-07-11T15:20:51.573518+00:00", "symbol": "ETH-USD"}, {"trade_id": 665463903, "side": "buy", "size": "0.38024768", "price": "2980.38000000", "time": "2025-07-11T15:20:42.883Z", "fetched_at": "2025-07-11T15:20:51.573518+00:00", "symbol": "ETH-USD"}, {"trade_id": 665463902, "side": "buy", "size": "0.59303649", "price": "2980.38000000", "time": "2025-07-11T15:20:42.745622Z", "fetched_at": "2025-07-11T15:20:51.573518+00:00", "symbol": "ETH-USD"}, {"trade_id": 665463901, "side": "buy", "size": "0.28218868", "price": "2980.38000000", "time": "2025-07-11T15:20:42.710281Z", "fetched_at": "2025-07-11T15:20:51.573518+00:00", "symbol": "ETH-USD"}, {"trade_id": 665463900, "side": "buy", "size": "0.37202917", "price": "2980.38000000", "time": "2025-07-11T15:20:42.693059Z", "fetched_at": "2025-07-11T15:20:51.573518+00:00", "symbol": "ETH-USD"}, {"trade_id": 665463899, "side": "buy", "size": "0.42055056", "price": "2980.38000000", "time": "2025-07-11T15:20:42.671326Z", "fetched_at": "2025-07-11T15:20:51.573518+00:00", "symbol": "ETH-USD"}, {"trade_id": 665463898, "side": "buy", "size": "1.32990762", "price": "2980.38000000", "time": "2025-07-11T15:20:42.633569Z", "fetched_at": "2025-07-11T15:20:51.573518+00:00", "symbol": "ETH-USD"}, {"trade_id": 665463897, "side": "buy", "size": "1.39265076", "price": "2980.38000000", "time": "2025-07-11T15:20:42.622131Z", "fetched_at": "2025-07-11T15:20:51.573518+00:00", "symbol": "ETH-USD"}, {"trade_id": 665463896, "side": "buy", "size": "0.23279857", "price": "2980.38000000", "time": "2025-07-11T15:20:42.604135Z", "fetched_at": "2025-07-11T15:20:51.573518+00:00", "symbol": "ETH-USD"}, {"trade_id": 665463895, "side": "buy", "size": "0.20149541", "price": "2980.38000000", "time": "2025-07-11T15:20:42.603202Z", "fetched_at": "2025-07-11T15:20:51.573518+00:00", "symbol": "ETH-USD"}, {"trade_id": 665463894, "side": "buy", "size": "0.88836369", "price": "2980.38000000", "time": "2025-07-11T15:20:42.578399Z", "fetched_at": "2025-07-11T15:20:51.573518+00:00", "symbol": "ETH-USD"}, {"trade_id": 665463893, "side": "buy", "size": "0.44328147", "price": "2980.38000000", "time": "2025-07-11T15:20:42.564873Z", "fetched_at": "2025-07-11T15:20:51.573518+00:00", "symbol": "ETH-USD"}, {"trade_id": 665463892, "side": "buy", "size": "0.87775294", "price": "2980.38000000", "time": "2025-07-11T15:20:42.552476Z", "fetched_at": "2025-07-11T15:20:51.573518+00:00", "symbol": "ETH-USD"}, {"trade_id": 665463891, "side": "buy", "size": "1.31775507", "price": "2980.34000000", "time": "2025-07-11T15:20:42.536209Z", "fetched_at": "2025-07-11T15:20:51.573518+00:00", "symbol": "ETH-USD"}, {"trade_id": 665463890, "side": "buy", "size": "0.17503000", "price": "2980.38000000", "time": "2025-07-11T15:20:42.536209Z", "fetched_at": "2025-07-11T15:20:51.573518+00:00", "symbol": "ETH-USD"}, {"trade_id": 665463889, "side": "sell", "size": "0.00227087", "price": "2980.34000000", "time": "2025-07-11T15:20:42.532203Z", "fetched_at": "2025-07-11T15:20:51.573518+00:00", "symbol": "ETH-USD"}, {"trade_id": 665463888, "side": "buy", "size": "0.11669000", "price": "2980.33000000", "time": "2025-07-11T15:20:42.524865Z", "fetched_at": "2025-07-11T15:20:51.573518+00:00", "symbol": "ETH-USD"}, {"trade_id": 665463887, "side": "sell", "size": "0.00052823", "price": "2980.35000000", "time": "2025-07-11T15:20:42.459505Z", "fetched_at": "2025-07-11T15:20:51.573518+00:00", "symbol": "ETH-USD"}, {"trade_id": 665463886, "side": "buy", "size": "0.00100000", "price": "2980.12000000", "time": "2025-07-11T15:20:42.337698Z", "fetched_at": "2025-07-11T15:20:51.573518+00:00", "symbol": "ETH-USD"}, {"trade_id": 665463885, "side": "buy", "size": "2.35970000", "price": "2980.18000000", "time": "2025-07-11T15:20:42.337698Z", "fetched_at": "2025-07-11T15:20:51.573518+00:00", "symbol": "ETH-USD"}, {"trade_id": 665463884, "side": "buy", "size": "0.01441509", "price": "2980.21000000", "time": "2025-07-11T15:20:42.337698Z", "fetched_at": "2025-07-11T15:20:51.573518+00:00", "symbol": "ETH-USD"}, {"trade_id": 665463883, "side": "buy", "size": "3.41265966", "price": "2980.24000000", "time": "2025-07-11T15:20:42.337698Z", "fetched_at": "2025-07-11T15:20:51.573518+00:00", "symbol": "ETH-USD"}, {"trade_id": 665463882, "side": "buy", "size": "4.22754410", "price": "2980.24000000", "time": "2025-07-11T15:20:42.326682Z", "fetched_at": "2025-07-11T15:20:51.573518+00:00", "symbol": "ETH-USD"}, {"trade_id": 665463881, "side": "buy", "size": "0.00218365", "price": "2980.26000000", "time": "2025-07-11T15:20:42.316471Z", "fetched_at": "2025-07-11T15:20:51.573518+00:00", "symbol": "ETH-USD"}, {"trade_id": 665463880, "side": "buy", "size": "2.35979624", "price": "2980.38000000", "time": "2025-07-11T15:20:42.111894Z", "fetched_at": "2025-07-11T15:20:51.573518+00:00", "symbol": "ETH-USD"}, {"trade_id": 665463879, "side": "buy", "size": "0.00000778", "price": "2980.71000000", "time": "2025-07-11T15:20:41.599688Z", "fetched_at": "2025-07-11T15:20:51.573518+00:00", "symbol": "ETH-USD"}, {"trade_id": 665463878, "side": "buy", "size": "0.48430000", "price": "2980.71000000", "time": "2025-07-11T15:20:41.597899Z", "fetched_at": "2025-07-11T15:20:51.573518+00:00", "symbol": "ETH-USD"}, {"trade_id": 665463877, "side": "buy", "size": "0.00050316", "price": "2980.28000000", "time": "2025-07-11T15:20:41.592308Z", "fetched_at": "2025-07-11T15:20:51.573518+00:00", "symbol": "ETH-USD"}, {"trade_id": 665463876, "side": "buy", "size": "0.00100000", "price": "2980.34000000", "time": "2025-07-11T15:20:41.592308Z", "fetched_at": "2025-07-11T15:20:51.573518+00:00", "symbol": "ETH-USD"}, {"trade_id": 665463875, "side": "buy", "size": "0.22271000", "price": "2980.50000000", "time": "2025-07-11T15:20:41.587939Z", "fetched_at": "2025-07-11T15:20:51.573518+00:00", "symbol": "ETH-USD"}, {"trade_id": 665463874, "side": "buy", "size": "0.01856628", "price": "2980.52000000", "time": "2025-07-11T15:20:41.580394Z", "fetched_at": "2025-07-11T15:20:51.573518+00:00", "symbol": "ETH-USD"}, {"trade_id": 665463873, "side": "buy", "size": "0.77729000", "price": "2980.50000000", "time": "2025-07-11T15:20:41.579247Z", "fetched_at": "2025-07-11T15:20:51.573518+00:00", "symbol": "ETH-USD"}, {"trade_id": 665463872, "side": "buy", "size": "0.22271000", "price": "2980.72000000", "time": "2025-07-11T15:20:41.579247Z", "fetched_at": "2025-07-11T15:20:51.573518+00:00", "symbol": "ETH-USD"}, {"trade_id": 665463871, "side": "buy", "size": "0.39809246", "price": "2980.51000000", "time": "2025-07-11T15:20:41.576494Z", "fetched_at": "2025-07-11T15:20:51.573518+00:00", "symbol": "ETH-USD"}, {"trade_id": 665463870, "side": "buy", "size": "0.19203910", "price": "2981.03000000", "time": "2025-07-11T15:20:41.576346Z", "fetched_at": "2025-07-11T15:20:51.573518+00:00", "symbol": "ETH-USD"}, {"trade_id": 665463869, "side": "buy", "size": "0.40796090", "price": "2981.03000000", "time": "2025-07-11T15:20:41.575866Z", "fetched_at": "2025-07-11T15:20:51.573518+00:00", "symbol": "ETH-USD"}, {"trade_id": 665463868, "side": "buy", "size": "0.91783729", "price": "2980.51000000", "time": "2025-07-11T15:20:41.574521Z", "fetched_at": "2025-07-11T15:20:51.573518+00:00", "symbol": "ETH-USD"}, {"trade_id": 665463867, "side": "buy", "size": "0.49059911", "price": "2980.54000000", "time": "2025-07-11T15:20:41.574521Z", "fetched_at": "2025-07-11T15:20:51.573518+00:00", "symbol": "ETH-USD"}, {"trade_id": 665463866, "side": "buy", "size": "0.00100000", "price": "2980.56000000", "time": "2025-07-11T15:20:41.574521Z", "fetched_at": "2025-07-11T15:20:51.573518+00:00", "symbol": "ETH-USD"}, {"trade_id": 665463865, "side": "buy", "size": "0.83872978", "price": "2980.69000000", "time": "2025-07-11T15:20:41.574521Z", "fetched_at": "2025-07-11T15:20:51.573518+00:00", "symbol": "ETH-USD"}, {"trade_id": 665463864, "side": "buy", "size": "0.37012106", "price": "2980.70000000", "time": "2025-07-11T15:20:41.574521Z", "fetched_at": "2025-07-11T15:20:51.573518+00:00", "symbol": "ETH-USD"}, {"trade_id": 665463863, "side": "buy", "size": "1.46287714", "price": "2980.72000000", "time": "2025-07-11T15:20:41.574521Z", "fetched_at": "2025-07-11T15:20:51.573518+00:00", "symbol": "ETH-USD"}, {"trade_id": 665463862, "side": "buy", "size": "0.83869352", "price": "2980.82000000", "time": "2025-07-11T15:20:41.573589Z", "fetched_at": "2025-07-11T15:20:51.573518+00:00", "symbol": "ETH-USD"}, {"trade_id": 665463861, "side": "buy", "size": "0.15000000", "price": "2981.03000000", "time": "2025-07-11T15:20:41.573369Z", "fetched_at": "2025-07-11T15:20:51.573518+00:00", "symbol": "ETH-USD"}, {"trade_id": 665463860, "side": "buy", "size": "0.60000000", "price": "2981.19000000", "time": "2025-07-11T15:20:41.573369Z", "fetched_at": "2025-07-11T15:20:51.573518+00:00", "symbol": "ETH-USD"}, {"trade_id": 665463859, "side": "buy", "size": "0.85791687", "price": "2980.97000000", "time": "2025-07-11T15:20:41.569849Z", "fetched_at": "2025-07-11T15:20:51.573518+00:00", "symbol": "ETH-USD"}, {"trade_id": 665463858, "side": "buy", "size": "0.08421383", "price": "2981.21000000", "time": "2025-07-11T15:20:41.569849Z", "fetched_at": "2025-07-11T15:20:51.573518+00:00", "symbol": "ETH-USD"}, {"trade_id": 665463857, "side": "buy", "size": "0.00100000", "price": "2981.00000000", "time": "2025-07-11T15:20:41.569609Z", "fetched_at": "2025-07-11T15:20:51.573518+00:00", "symbol": "ETH-USD"}, {"trade_id": 665463856, "side": "buy", "size": "1.20000000", "price": "2981.02000000", "time": "2025-07-11T15:20:41.569609Z", "fetched_at": "2025-07-11T15:20:51.573518+00:00", "symbol": "ETH-USD"}, {"trade_id": 665463855, "side": "buy", "size": "0.00693462", "price": "2981.04000000", "time": "2025-07-11T15:20:41.569609Z", "fetched_at": "2025-07-11T15:20:51.573518+00:00", "symbol": "ETH-USD"}, {"trade_id": 665463854, "side": "buy", "size": "0.58533230", "price": "2981.09000000", "time": "2025-07-11T15:20:41.562868Z", "fetched_at": "2025-07-11T15:20:51.573518+00:00", "symbol": "ETH-USD"}, {"trade_id": 665463853, "side": "buy", "size": "0.16772236", "price": "2981.11000000", "time": "2025-07-11T15:20:41.562868Z", "fetched_at": "2025-07-11T15:20:51.573518+00:00", "symbol": "ETH-USD"}, {"trade_id": 665463852, "side": "buy", "size": "0.02430511", "price": "2981.14000000", "time": "2025-07-11T15:20:41.562868Z", "fetched_at": "2025-07-11T15:20:51.573518+00:00", "symbol": "ETH-USD"}, {"trade_id": 665463851, "side": "buy", "size": "0.12427655", "price": "2981.15000000", "time": "2025-07-11T15:20:41.562868Z", "fetched_at": "2025-07-11T15:20:51.573518+00:00", "symbol": "ETH-USD"}, {"trade_id": 665463850, "side": "buy", "size": "0.15259817", "price": "2981.16000000", "time": "2025-07-11T15:20:41.562868Z", "fetched_at": "2025-07-11T15:20:51.573518+00:00", "symbol": "ETH-USD"}, {"trade_id": 665463849, "side": "buy", "size": "0.41897581", "price": "2981.17000000", "time": "2025-07-11T15:20:41.562868Z", "fetched_at": "2025-07-11T15:20:51.573518+00:00", "symbol": "ETH-USD"}, {"trade_id": 665463848, "side": "buy", "size": "0.00050301", "price": "2981.17000000", "time": "2025-07-11T15:20:41.562868Z", "fetched_at": "2025-07-11T15:20:51.573518+00:00", "symbol": "ETH-USD"}, {"trade_id": 665463847, "side": "buy", "size": "0.44612488", "price": "2981.18000000", "time": "2025-07-11T15:20:41.562868Z", "fetched_at": "2025-07-11T15:20:51.573518+00:00", "symbol": "ETH-USD"}, {"trade_id": 665463846, "side": "buy", "size": "0.46187080", "price": "2981.19000000", "time": "2025-07-11T15:20:41.562868Z", "fetched_at": "2025-07-11T15:20:51.573518+00:00", "symbol": "ETH-USD"}, {"trade_id": 665463845, "side": "buy", "size": "0.00294336", "price": "2981.19000000", "time": "2025-07-11T15:20:41.562868Z", "fetched_at": "2025-07-11T15:20:51.573518+00:00", "symbol": "ETH-USD"}, {"trade_id": 665463844, "side": "buy", "size": "0.39823617", "price": "2981.20000000", "time": "2025-07-11T15:20:41.562868Z", "fetched_at": "2025-07-11T15:20:51.573518+00:00", "symbol": "ETH-USD"}, {"trade_id": 665463843, "side": "buy", "size": "0.26093883", "price": "2981.35000000", "time": "2025-07-11T15:20:41.562868Z", "fetched_at": "2025-07-11T15:20:51.573518+00:00", "symbol": "ETH-USD"}, {"trade_id": 665463842, "side": "buy", "size": "0.41153337", "price": "2981.43000000", "time": "2025-07-11T15:20:41.562868Z", "fetched_at": "2025-07-11T15:20:51.573518+00:00", "symbol": "ETH-USD"}, {"trade_id": 665463841, "side": "buy", "size": "0.12133630", "price": "2981.45000000", "time": "2025-07-11T15:20:41.562868Z", "fetched_at": "2025-07-11T15:20:51.573518+00:00", "symbol": "ETH-USD"}, {"trade_id": 665463840, "side": "buy", "size": "0.00137181", "price": "2981.46000000", "time": "2025-07-11T15:20:41.562868Z", "fetched_at": "2025-07-11T15:20:51.573518+00:00", "symbol": "ETH-USD"}, {"trade_id": 665463839, "side": "buy", "size": "0.60000000", "price": "2981.55000000", "time": "2025-07-11T15:20:41.562868Z", "fetched_at": "2025-07-11T15:20:51.573518+00:00", "symbol": "ETH-USD"}, {"trade_id": 665463838, "side": "buy", "size": "0.00075797", "price": "2981.61000000", "time": "2025-07-11T15:20:41.562868Z", "fetched_at": "2025-07-11T15:20:51.573518+00:00", "symbol": "ETH-USD"}, {"trade_id": 665463837, "side": "buy", "size": "0.00151260", "price": "2981.61000000", "time": "2025-07-11T15:20:41.562868Z", "fetched_at": "2025-07-11T15:20:51.573518+00:00", "symbol": "ETH-USD"}, {"trade_id": 665463836, "side": "buy", "size": "0.38675890", "price": "2981.66000000", "time": "2025-07-11T15:20:41.562868Z", "fetched_at": "2025-07-11T15:20:51.573518+00:00", "symbol": "ETH-USD"}, {"trade_id": 665463835, "side": "buy", "size": "9.99998155", "price": "2981.66000000", "time": "2025-07-11T15:20:41.562868Z", "fetched_at": "2025-07-11T15:20:51.573518+00:00", "symbol": "ETH-USD"}, {"trade_id": 665463834, "side": "buy", "size": "0.15000000", "price": "2981.66000000", "time": "2025-07-11T15:20:41.562868Z", "fetched_at": "2025-07-11T15:20:51.573518+00:00", "symbol": "ETH-USD"}, {"trade_id": 665463833, "side": "buy", "size": "0.10332058", "price": "2981.66000000", "time": "2025-07-11T15:20:41.562868Z", "fetched_at": "2025-07-11T15:20:51.573518+00:00", "symbol": "ETH-USD"}, {"trade_id": 665463832, "side": "buy", "size": "0.27059957", "price": "2981.66000000", "time": "2025-07-11T15:20:41.562868Z", "fetched_at": "2025-07-11T15:20:51.573518+00:00", "symbol": "ETH-USD"}, {"trade_id": 665463831, "side": "buy", "size": "0.00119043", "price": "2981.66000000", "time": "2025-07-11T15:20:41.554555Z", "fetched_at": "2025-07-11T15:20:51.573518+00:00", "symbol": "ETH-USD"}, {"trade_id": 665463830, "side": "buy", "size": "0.01295545", "price": "2981.65000000", "time": "2025-07-11T15:20:41.419639Z", "fetched_at": "2025-07-11T15:20:51.573518+00:00", "symbol": "ETH-USD"}, {"trade_id": 665463829, "side": "sell", "size": "0.00131845", "price": "2981.62000000", "time": "2025-07-11T15:20:41.414976Z", "fetched_at": "2025-07-11T15:20:51.573518+00:00", "symbol": "ETH-USD"}, {"trade_id": 665463828, "side": "sell", "size": "0.16749498", "price": "2982.14000000", "time": "2025-07-11T15:20:41.324765Z", "fetched_at": "2025-07-11T15:20:51.573518+00:00", "symbol": "ETH-USD"}, {"trade_id": 665463827, "side": "sell", "size": "0.83832949", "price": "2982.13000000", "time": "2025-07-11T15:20:41.324765Z", "fetched_at": "2025-07-11T15:20:51.573518+00:00", "symbol": "ETH-USD"}, {"trade_id": 665463826, "side": "sell", "size": "0.14679229", "price": "2982.12000000", "time": "2025-07-11T15:20:41.324765Z", "fetched_at": "2025-07-11T15:20:51.573518+00:00", "symbol": "ETH-USD"}, {"trade_id": 665463825, "side": "sell", "size": "0.10000000", "price": "2982.11000000", "time": "2025-07-11T15:20:41.324765Z", "fetched_at": "2025-07-11T15:20:51.573518+00:00", "symbol": "ETH-USD"}, {"trade_id": 665463824, "side": "sell", "size": "0.00100000", "price": "2982.10000000", "time": "2025-07-11T15:20:41.324765Z", "fetched_at": "2025-07-11T15:20:51.573518+00:00", "symbol": "ETH-USD"}, {"trade_id": 665463823, "side": "sell", "size": "0.30000000", "price": "2981.90000000", "time": "2025-07-11T15:20:41.324765Z", "fetched_at": "2025-07-11T15:20:51.573518+00:00", "symbol": "ETH-USD"}, {"trade_id": 665463822, "side": "sell", "size": "0.83841094", "price": "2981.84000000", "time": "2025-07-11T15:20:41.324765Z", "fetched_at": "2025-07-11T15:20:51.573518+00:00", "symbol": "ETH-USD"}, {"trade_id": 665463821, "side": "sell", "size": "0.13957181", "price": "2981.83000000", "time": "2025-07-11T15:20:41.324765Z", "fetched_at": "2025-07-11T15:20:51.573518+00:00", "symbol": "ETH-USD"}, {"trade_id": 665463820, "side": "sell", "size": "0.30000000", "price": "2981.80000000", "time": "2025-07-11T15:20:41.324765Z", "fetched_at": "2025-07-11T15:20:51.573518+00:00", "symbol": "ETH-USD"}, {"trade_id": 665463819, "side": "sell", "size": "0.00030999", "price": "2981.74000000", "time": "2025-07-11T15:20:41.324765Z", "fetched_at": "2025-07-11T15:20:51.573518+00:00", "symbol": "ETH-USD"}, {"trade_id": 665463818, "side": "sell", "size": "0.00005589", "price": "2981.74000000", "time": "2025-07-11T15:20:41.324765Z", "fetched_at": "2025-07-11T15:20:51.573518+00:00", "symbol": "ETH-USD"}, {"trade_id": 665463817, "side": "sell", "size": "0.00010334", "price": "2981.74000000", "time": "2025-07-11T15:20:41.324765Z", "fetched_at": "2025-07-11T15:20:51.573518+00:00", "symbol": "ETH-USD"}, {"trade_id": 665463816, "side": "sell", "size": "0.00024001", "price": "2981.74000000", "time": "2025-07-11T15:20:41.324765Z", "fetched_at": "2025-07-11T15:20:51.573518+00:00", "symbol": "ETH-USD"}, {"trade_id": 665463815, "side": "sell", "size": "0.16769126", "price": "2981.67000000", "time": "2025-07-11T15:20:41.324765Z", "fetched_at": "2025-07-11T15:20:51.573518+00:00", "symbol": "ETH-USD"}, {"trade_id": 665463814, "side": "sell", "size": "0.01042819", "price": "2981.58000000", "time": "2025-07-11T15:20:40.196392Z", "fetched_at": "2025-07-11T15:20:51.573518+00:00", "symbol": "ETH-USD"}, {"trade_id": 665463813, "side": "buy", "size": "0.00335383", "price": "2981.67000000", "time": "2025-07-11T15:20:39.660369Z", "fetched_at": "2025-07-11T15:20:51.573518+00:00", "symbol": "ETH-USD"}, {"trade_id": 665463812, "side": "buy", "size": "0.15000000", "price": "2981.67000000", "time": "2025-07-11T15:20:39.649976Z", "fetched_at": "2025-07-11T15:20:51.573518+00:00", "symbol": "ETH-USD"}, {"trade_id": 665463811, "side": "buy", "size": "3.66310766", "price": "2981.67000000", "time": "2025-07-11T15:20:39.639158Z", "fetched_at": "2025-07-11T15:20:51.573518+00:00", "symbol": "ETH-USD"}, {"trade_id": 665463810, "side": "buy", "size": "0.15000000", "price": "2981.68000000", "time": "2025-07-11T15:20:39.639158Z", "fetched_at": "2025-07-11T15:20:51.573518+00:00", "symbol": "ETH-USD"}, {"trade_id": 665463809, "side": "sell", "size": "0.83846405", "price": "2981.65000000", "time": "2025-07-11T15:20:39.632244Z", "fetched_at": "2025-07-11T15:20:51.573518+00:00", "symbol": "ETH-USD"}, {"trade_id": 665463808, "side": "sell", "size": "0.15000000", "price": "2981.64000000", "time": "2025-07-11T15:20:39.632244Z", "fetched_at": "2025-07-11T15:20:51.573518+00:00", "symbol": "ETH-USD"}, {"trade_id": 665463807, "side": "sell", "size": "0.16770112", "price": "2981.50000000", "time": "2025-07-11T15:20:39.632244Z", "fetched_at": "2025-07-11T15:20:51.573518+00:00", "symbol": "ETH-USD"}, {"trade_id": 665463806, "side": "buy", "size": "0.00165678", "price": "2981.67000000", "time": "2025-07-11T15:20:39.489712Z", "fetched_at": "2025-07-11T15:20:51.573518+00:00", "symbol": "ETH-USD"}, {"trade_id": 665463805, "side": "buy", "size": "0.00302850", "price": "2981.67000000", "time": "2025-07-11T15:20:39.489712Z", "fetched_at": "2025-07-11T15:20:51.573518+00:00", "symbol": "ETH-USD"}, {"trade_id": 665463804, "side": "sell", "size": "0.60000000", "price": "2981.58000000", "time": "2025-07-11T15:20:38.751309Z", "fetched_at": "2025-07-11T15:20:51.573518+00:00", "symbol": "ETH-USD"}, {"trade_id": 665463803, "side": "buy", "size": "0.00136838", "price": "2981.62000000", "time": "2025-07-11T15:20:38.567437Z", "fetched_at": "2025-07-11T15:20:51.573518+00:00", "symbol": "ETH-USD"}, {"trade_id": 665463802, "side": "buy", "size": "0.00908901", "price": "2981.62000000", "time": "2025-07-11T15:20:38.567437Z", "fetched_at": "2025-07-11T15:20:51.573518+00:00", "symbol": "ETH-USD"}, {"trade_id": 665463801, "side": "buy", "size": "6.47125051", "price": "2981.87000000", "time": "2025-07-11T15:20:38.473770Z", "fetched_at": "2025-07-11T15:20:51.573518+00:00", "symbol": "ETH-USD"}, {"trade_id": 665463800, "side": "sell", "size": "0.00337030", "price": "2981.93000000", "time": "2025-07-11T15:20:38.472410Z", "fetched_at": "2025-07-11T15:20:51.573518+00:00", "symbol": "ETH-USD"}, {"trade_id": 665463799, "side": "buy", "size": "3.52874949", "price": "2981.87000000", "time": "2025-07-11T15:20:38.470486Z", "fetched_at": "2025-07-11T15:20:51.573518+00:00", "symbol": "ETH-USD"}, {"trade_id": 665463798, "side": "buy", "size": "0.30184385", "price": "2981.84000000", "time": "2025-07-11T15:20:38.462720Z", "fetched_at": "2025-07-11T15:20:51.573518+00:00", "symbol": "ETH-USD"}, {"trade_id": 665463797, "side": "buy", "size": "0.43900323", "price": "2981.86000000", "time": "2025-07-11T15:20:38.462720Z", "fetched_at": "2025-07-11T15:20:51.573518+00:00", "symbol": "ETH-USD"}, {"trade_id": 665463796, "side": "buy", "size": "0.10159801", "price": "2981.88000000", "time": "2025-07-11T15:20:38.462720Z", "fetched_at": "2025-07-11T15:20:51.573518+00:00", "symbol": "ETH-USD"}, {"trade_id": 665463795, "side": "buy", "size": "0.00100000", "price": "2981.88000000", "time": "2025-07-11T15:20:38.462720Z", "fetched_at": "2025-07-11T15:20:51.573518+00:00", "symbol": "ETH-USD"}, {"trade_id": 665463794, "side": "buy", "size": "0.00001341", "price": "2981.91000000", "time": "2025-07-11T15:20:38.462720Z", "fetched_at": "2025-07-11T15:20:51.573518+00:00", "symbol": "ETH-USD"}, {"trade_id": 665463793, "side": "buy", "size": "0.00002347", "price": "2981.93000000", "time": "2025-07-11T15:20:38.462720Z", "fetched_at": "2025-07-11T15:20:51.573518+00:00", "symbol": "ETH-USD"}, {"trade_id": 665463792, "side": "buy", "size": "0.00000006", "price": "2982.00000000", "time": "2025-07-11T15:20:38.459281Z", "fetched_at": "2025-07-11T15:20:51.573518+00:00", "symbol": "ETH-USD"}, {"trade_id": 665463791, "side": "buy", "size": "0.51590881", "price": "2982.00000000", "time": "2025-07-11T15:20:38.455787Z", "fetched_at": "2025-07-11T15:20:51.573518+00:00", "symbol": "ETH-USD"}, {"trade_id": 665463790, "side": "buy", "size": "0.00335345", "price": "2982.01000000", "time": "2025-07-11T15:20:38.455787Z", "fetched_at": "2025-07-11T15:20:51.573518+00:00", "symbol": "ETH-USD"}, {"trade_id": 665463789, "side": "buy", "size": "0.00693473", "price": "2982.09000000", "time": "2025-07-11T15:20:38.455787Z", "fetched_at": "2025-07-11T15:20:51.573518+00:00", "symbol": "ETH-USD"}, {"trade_id": 665463788, "side": "buy", "size": "0.05162730", "price": "2982.53000000", "time": "2025-07-11T15:20:38.443662Z", "fetched_at": "2025-07-11T15:20:51.573518+00:00", "symbol": "ETH-USD"}, {"trade_id": 665463787, "side": "buy", "size": "0.04352009", "price": "2982.53000000", "time": "2025-07-11T15:20:38.443662Z", "fetched_at": "2025-07-11T15:20:51.573518+00:00", "symbol": "ETH-USD"}, {"trade_id": 665463786, "side": "buy", "size": "0.01364948", "price": "2982.53000000", "time": "2025-07-11T15:20:38.443662Z", "fetched_at": "2025-07-11T15:20:51.573518+00:00", "symbol": "ETH-USD"}, {"trade_id": 665463785, "side": "buy", "size": "0.00000335", "price": "2982.53000000", "time": "2025-07-11T15:20:38.443662Z", "fetched_at": "2025-07-11T15:20:51.573518+00:00", "symbol": "ETH-USD"}, {"trade_id": 665463784, "side": "buy", "size": "0.00001005", "price": "2982.53000000", "time": "2025-07-11T15:20:38.443662Z", "fetched_at": "2025-07-11T15:20:51.573518+00:00", "symbol": "ETH-USD"}, {"trade_id": 665463783, "side": "buy", "size": "0.05602102", "price": "2982.63000000", "time": "2025-07-11T15:20:38.431042Z", "fetched_at": "2025-07-11T15:20:51.573518+00:00", "symbol": "ETH-USD"}, {"trade_id": 665463782, "side": "buy", "size": "3.28271662", "price": "2982.63000000", "time": "2025-07-11T15:20:38.431042Z", "fetched_at": "2025-07-11T15:20:51.573518+00:00", "symbol": "ETH-USD"}, {"trade_id": 665463781, "side": "buy", "size": "0.85928266", "price": "2982.63000000", "time": "2025-07-11T15:20:38.419635Z", "fetched_at": "2025-07-11T15:20:51.573518+00:00", "symbol": "ETH-USD"}, {"trade_id": 665463780, "side": "sell", "size": "0.02281132", "price": "2982.64000000", "time": "2025-07-11T15:20:38.415920Z", "fetched_at": "2025-07-11T15:20:51.573518+00:00", "symbol": "ETH-USD"}, {"trade_id": 665463779, "side": "buy", "size": "2.14146124", "price": "2982.63000000", "time": "2025-07-11T15:20:38.407673Z", "fetched_at": "2025-07-11T15:20:51.573518+00:00", "symbol": "ETH-USD"}, {"trade_id": 665463778, "side": "buy", "size": "1.49530913", "price": "2982.63000000", "time": "2025-07-11T15:20:38.369921Z", "fetched_at": "2025-07-11T15:20:51.573518+00:00", "symbol": "ETH-USD"}, {"trade_id": 665463777, "side": "buy", "size": "2.22118499", "price": "2982.63000000", "time": "2025-07-11T15:20:38.262566Z", "fetched_at": "2025-07-11T15:20:51.573518+00:00", "symbol": "ETH-USD"}, {"trade_id": 665463776, "side": "buy", "size": "0.10010517", "price": "2982.63000000", "time": "2025-07-11T15:20:37.730919Z", "fetched_at": "2025-07-11T15:20:51.573518+00:00", "symbol": "ETH-USD"}, {"trade_id": 665463775, "side": "buy", "size": "0.11434019", "price": "2982.63000000", "time": "2025-07-11T15:20:37.640337Z", "fetched_at": "2025-07-11T15:20:51.573518+00:00", "symbol": "ETH-USD"}, {"trade_id": 665463774, "side": "buy", "size": "0.11669000", "price": "2982.63000000", "time": "2025-07-11T15:20:37.624291Z", "fetched_at": "2025-07-11T15:20:51.573518+00:00", "symbol": "ETH-USD"}, {"trade_id": 665463773, "side": "sell", "size": "0.00159459", "price": "2982.64000000", "time": "2025-07-11T15:20:37.614976Z", "fetched_at": "2025-07-11T15:20:51.573518+00:00", "symbol": "ETH-USD"}, {"trade_id": 665463772, "side": "sell", "size": "0.00100000", "price": "2982.54000000", "time": "2025-07-11T15:20:37.614976Z", "fetched_at": "2025-07-11T15:20:51.573518+00:00", "symbol": "ETH-USD"}, {"trade_id": 665463771, "side": "buy", "size": "0.11669000", "price": "2982.53000000", "time": "2025-07-11T15:20:36.362624Z", "fetched_at": "2025-07-11T15:20:51.573518+00:00", "symbol": "ETH-USD"}, {"trade_id": 665463770, "side": "buy", "size": "0.00000670", "price": "2982.53000000", "time": "2025-07-11T15:20:36.362624Z", "fetched_at": "2025-07-11T15:20:51.573518+00:00", "symbol": "ETH-USD"}, {"trade_id": 665463769, "side": "buy", "size": "0.11669000", "price": "2982.53000000", "time": "2025-07-11T15:20:36.342518Z", "fetched_at": "2025-07-11T15:20:51.573518+00:00", "symbol": "ETH-USD"}, {"trade_id": 665463768, "side": "sell", "size": "0.48544910", "price": "2982.34000000", "time": "2025-07-11T15:20:36.298943Z", "fetched_at": "2025-07-11T15:20:51.573518+00:00", "symbol": "ETH-USD"}, {"trade_id": 665463767, "side": "sell", "size": "0.83827543", "price": "2982.32000000", "time": "2025-07-11T15:20:36.297676Z", "fetched_at": "2025-07-11T15:20:51.573518+00:00", "symbol": "ETH-USD"}, {"trade_id": 665463766, "side": "sell", "size": "0.00100000", "price": "2982.32000000", "time": "2025-07-11T15:20:36.297676Z", "fetched_at": "2025-07-11T15:20:51.573518+00:00", "symbol": "ETH-USD"}, {"trade_id": 665463765, "side": "sell", "size": "0.16765958", "price": "2982.24000000", "time": "2025-07-11T15:20:36.294177Z", "fetched_at": "2025-07-11T15:20:51.573518+00:00", "symbol": "ETH-USD"}, {"trade_id": 665463764, "side": "sell", "size": "0.13758247", "price": "2982.17000000", "time": "2025-07-11T15:20:36.294177Z", "fetched_at": "2025-07-11T15:20:51.573518+00:00", "symbol": "ETH-USD"}, {"trade_id": 665463763, "side": "sell", "size": "0.00100000", "price": "2982.10000000", "time": "2025-07-11T15:20:36.294177Z", "fetched_at": "2025-07-11T15:20:51.573518+00:00", "symbol": "ETH-USD"}, {"trade_id": 665463762, "side": "sell", "size": "0.30000000", "price": "2982.09000000", "time": "2025-07-11T15:20:36.164332Z", "fetched_at": "2025-07-11T15:20:51.573518+00:00", "symbol": "ETH-USD"}, {"trade_id": 665463761, "side": "buy", "size": "2.90609643", "price": "2982.04000000", "time": "2025-07-11T15:20:35.628314Z", "fetched_at": "2025-07-11T15:20:51.573518+00:00", "symbol": "ETH-USD"}, {"trade_id": 665463760, "side": "buy", "size": "1.86721658", "price": "2982.09000000", "time": "2025-07-11T15:20:35.568476Z", "fetched_at": "2025-07-11T15:20:51.573518+00:00", "symbol": "ETH-USD"}, {"trade_id": 665463759, "side": "buy", "size": "0.02866592", "price": "2982.09000000", "time": "2025-07-11T15:20:35.568476Z", "fetched_at": "2025-07-11T15:20:51.573518+00:00", "symbol": "ETH-USD"}, {"trade_id": 665463758, "side": "buy", "size": "2.16353408", "price": "2982.09000000", "time": "2025-07-11T15:20:35.555862Z", "fetched_at": "2025-07-11T15:20:51.573518+00:00", "symbol": "ETH-USD"}, {"trade_id": 665463757, "side": "buy", "size": "2.19227488", "price": "2981.87000000", "time": "2025-07-11T15:20:34.812153Z", "fetched_at": "2025-07-11T15:20:51.573518+00:00", "symbol": "ETH-USD"}, {"trade_id": 665463756, "side": "buy", "size": "0.01387086", "price": "2981.79000000", "time": "2025-07-11T15:20:34.404792Z", "fetched_at": "2025-07-11T15:20:51.573518+00:00", "symbol": "ETH-USD"}, {"trade_id": 665463755, "side": "buy", "size": "0.05355172", "price": "2981.79000000", "time": "2025-07-11T15:20:34.404792Z", "fetched_at": "2025-07-11T15:20:51.573518+00:00", "symbol": "ETH-USD"}, {"trade_id": 665463754, "side": "buy", "size": "0.38058987", "price": "2981.79000000", "time": "2025-07-11T15:20:34.386247Z", "fetched_at": "2025-07-11T15:20:51.573518+00:00", "symbol": "ETH-USD"}, {"trade_id": 665463753, "side": "buy", "size": "0.33781679", "price": "2981.79000000", "time": "2025-07-11T15:20:34.373931Z", "fetched_at": "2025-07-11T15:20:51.573518+00:00", "symbol": "ETH-USD"}, {"trade_id": 665463752, "side": "buy", "size": "0.18027759", "price": "2981.79000000", "time": "2025-07-11T15:20:34.354702Z", "fetched_at": "2025-07-11T15:20:51.573518+00:00", "symbol": "ETH-USD"}, {"trade_id": 665463751, "side": "buy", "size": "0.24229379", "price": "2981.79000000", "time": "2025-07-11T15:20:34.343177Z", "fetched_at": "2025-07-11T15:20:51.573518+00:00", "symbol": "ETH-USD"}, {"trade_id": 665463750, "side": "buy", "size": "1.22656587", "price": "2981.79000000", "time": "2025-07-11T15:20:34.324938Z", "fetched_at": "2025-07-11T15:20:51.573518+00:00", "symbol": "ETH-USD"}, {"trade_id": 665463749, "side": "buy", "size": "3.65556829", "price": "2981.79000000", "time": "2025-07-11T15:20:34.303132Z", "fetched_at": "2025-07-11T15:20:51.573518+00:00", "symbol": "ETH-USD"}, {"trade_id": 665463748, "side": "buy", "size": "0.15000000", "price": "2981.80000000", "time": "2025-07-11T15:20:34.303132Z", "fetched_at": "2025-07-11T15:20:51.573518+00:00", "symbol": "ETH-USD"}, {"trade_id": 665463747, "side": "sell", "size": "0.16768676", "price": "2981.75000000", "time": "2025-07-11T15:20:34.298816Z", "fetched_at": "2025-07-11T15:20:51.573518+00:00", "symbol": "ETH-USD"}, {"trade_id": 665463746, "side": "sell", "size": "0.10000000", "price": "2981.74000000", "time": "2025-07-11T15:20:34.197255Z", "fetched_at": "2025-07-11T15:20:51.573518+00:00", "symbol": "ETH-USD"}, {"trade_id": 665463745, "side": "sell", "size": "0.08175713", "price": "2981.74000000", "time": "2025-07-11T15:20:34.197255Z", "fetched_at": "2025-07-11T15:20:51.573518+00:00", "symbol": "ETH-USD"}, {"trade_id": 665463744, "side": "sell", "size": "0.60000000", "price": "2981.44000000", "time": "2025-07-11T15:20:34.180970Z", "fetched_at": "2025-07-11T15:20:51.573518+00:00", "symbol": "ETH-USD"}, {"trade_id": 665463743, "side": "buy", "size": "0.00050301", "price": "2981.17000000", "time": "2025-07-11T15:20:33.837528Z", "fetched_at": "2025-07-11T15:20:51.573518+00:00", "symbol": "ETH-USD"}, {"trade_id": 665463742, "side": "buy", "size": "0.00100000", "price": "2981.22000000", "time": "2025-07-11T15:20:33.837528Z", "fetched_at": "2025-07-11T15:20:51.573518+00:00", "symbol": "ETH-USD"}, {"trade_id": 665463741, "side": "buy", "size": "2.07664039", "price": "2981.43000000", "time": "2025-07-11T15:20:33.827887Z", "fetched_at": "2025-07-11T15:20:51.573518+00:00", "symbol": "ETH-USD"}, {"trade_id": 665463740, "side": "buy", "size": "0.00044899", "price": "2981.58000000", "time": "2025-07-11T15:20:33.790258Z", "fetched_at": "2025-07-11T15:20:51.573518+00:00", "symbol": "ETH-USD"}, {"trade_id": 665463739, "side": "sell", "size": "0.00318063", "price": "2981.60000000", "time": "2025-07-11T15:20:33.717178Z", "fetched_at": "2025-07-11T15:20:51.573518+00:00", "symbol": "ETH-USD"}, {"trade_id": 665463738, "side": "sell", "size": "0.16770274", "price": "2981.47000000", "time": "2025-07-11T15:20:33.592187Z", "fetched_at": "2025-07-11T15:20:51.573518+00:00", "symbol": "ETH-USD"}, {"trade_id": 665463737, "side": "buy", "size": "0.04863398", "price": "2981.66000000", "time": "2025-07-11T15:20:33.538139Z", "fetched_at": "2025-07-11T15:20:51.573518+00:00", "symbol": "ETH-USD"}, {"trade_id": 665463736, "side": "buy", "size": "0.00000335", "price": "2981.42000000", "time": "2025-07-11T15:20:33.514114Z", "fetched_at": "2025-07-11T15:20:51.573518+00:00", "symbol": "ETH-USD"}, {"trade_id": 665463735, "side": "buy", "size": "0.03835085", "price": "2981.42000000", "time": "2025-07-11T15:20:33.514114Z", "fetched_at": "2025-07-11T15:20:51.573518+00:00", "symbol": "ETH-USD"}, {"trade_id": 665463734, "side": "buy", "size": "0.01952425", "price": "2981.42000000", "time": "2025-07-11T15:20:33.514114Z", "fetched_at": "2025-07-11T15:20:51.573518+00:00", "symbol": "ETH-USD"}, {"trade_id": 665463733, "side": "buy", "size": "0.15000000", "price": "2981.43000000", "time": "2025-07-11T15:20:33.514114Z", "fetched_at": "2025-07-11T15:20:51.573518+00:00", "symbol": "ETH-USD"}, {"trade_id": 665463732, "side": "buy", "size": "0.13059270", "price": "2981.56000000", "time": "2025-07-11T15:20:33.514114Z", "fetched_at": "2025-07-11T15:20:51.573518+00:00", "symbol": "ETH-USD"}, {"trade_id": 665463731, "side": "buy", "size": "0.52702810", "price": "2981.66000000", "time": "2025-07-11T15:20:33.514114Z", "fetched_at": "2025-07-11T15:20:51.573518+00:00", "symbol": "ETH-USD"}, {"trade_id": 665463730, "side": "buy", "size": "0.00100000", "price": "2981.66000000", "time": "2025-07-11T15:20:33.503435Z", "fetched_at": "2025-07-11T15:20:51.573518+00:00", "symbol": "ETH-USD"}, {"trade_id": 665463729, "side": "buy", "size": "0.46588321", "price": "2981.83000000", "time": "2025-07-11T15:20:33.495018Z", "fetched_at": "2025-07-11T15:20:51.573518+00:00", "symbol": "ETH-USD"}, {"trade_id": 665463728, "side": "buy", "size": "0.05191961", "price": "2981.83000000", "time": "2025-07-11T15:20:33.493896Z", "fetched_at": "2025-07-11T15:20:51.573518+00:00", "symbol": "ETH-USD"}, {"trade_id": 665463727, "side": "buy", "size": "3.40668987", "price": "2981.83000000", "time": "2025-07-11T15:20:33.493896Z", "fetched_at": "2025-07-11T15:20:51.573518+00:00", "symbol": "ETH-USD"}, {"trade_id": 665463726, "side": "buy", "size": "0.51184321", "price": "2981.83000000", "time": "2025-07-11T15:20:33.493869Z", "fetched_at": "2025-07-11T15:20:51.573518+00:00", "symbol": "ETH-USD"}, {"trade_id": 665463725, "side": "buy", "size": "6.08146692", "price": "2981.83000000", "time": "2025-07-11T15:20:33.417400Z", "fetched_at": "2025-07-11T15:20:51.573518+00:00", "symbol": "ETH-USD"}, {"trade_id": 665463724, "side": "buy", "size": "0.55976483", "price": "2981.86000000", "time": "2025-07-11T15:20:33.417400Z", "fetched_at": "2025-07-11T15:20:51.573518+00:00", "symbol": "ETH-USD"}, {"trade_id": 665463723, "side": "buy", "size": "0.00039451", "price": "2981.87000000", "time": "2025-07-11T15:20:33.417400Z", "fetched_at": "2025-07-11T15:20:51.573518+00:00", "symbol": "ETH-USD"}, {"trade_id": 665463722, "side": "buy", "size": "0.15000000", "price": "2981.92000000", "time": "2025-07-11T15:20:33.393436Z", "fetched_at": "2025-07-11T15:20:51.573518+00:00", "symbol": "ETH-USD"}, {"trade_id": 665463721, "side": "buy", "size": "0.00100000", "price": "2982.10000000", "time": "2025-07-11T15:20:33.379232Z", "fetched_at": "2025-07-11T15:20:51.573518+00:00", "symbol": "ETH-USD"}, {"trade_id": 665463720, "side": "sell", "size": "0.16766089", "price": "2982.21000000", "time": "2025-07-11T15:20:32.835273Z", "fetched_at": "2025-07-11T15:20:51.573518+00:00", "symbol": "ETH-USD"}, {"trade_id": 665463719, "side": "buy", "size": "0.13075243", "price": "2982.35000000", "time": "2025-07-11T15:20:32.801514Z", "fetched_at": "2025-07-11T15:20:51.573518+00:00", "symbol": "ETH-USD"}, {"trade_id": 665463718, "side": "buy", "size": "0.61336071", "price": "2982.35000000", "time": "2025-07-11T15:20:32.745702Z", "fetched_at": "2025-07-11T15:20:51.573518+00:00", "symbol": "ETH-USD"}, {"trade_id": 665463717, "side": "buy", "size": "0.84631973", "price": "2982.29000000", "time": "2025-07-11T15:20:32.727275Z", "fetched_at": "2025-07-11T15:20:51.573518+00:00", "symbol": "ETH-USD"}, {"trade_id": 665463716, "side": "buy", "size": "0.01074334", "price": "2982.31000000", "time": "2025-07-11T15:20:32.727275Z", "fetched_at": "2025-07-11T15:20:51.573518+00:00", "symbol": "ETH-USD"}, {"trade_id": 665463715, "side": "buy", "size": "0.13056657", "price": "2982.31000000", "time": "2025-07-11T15:20:32.727275Z", "fetched_at": "2025-07-11T15:20:51.573518+00:00", "symbol": "ETH-USD"}, {"trade_id": 665463714, "side": "buy", "size": "0.47040174", "price": "2982.52000000", "time": "2025-07-11T15:20:32.684926Z", "fetched_at": "2025-07-11T15:20:51.573518+00:00", "symbol": "ETH-USD"}, {"trade_id": 665463713, "side": "buy", "size": "0.19546242", "price": "2982.52000000", "time": "2025-07-11T15:20:32.656856Z", "fetched_at": "2025-07-11T15:20:51.573518+00:00", "symbol": "ETH-USD"}, {"trade_id": 665463712, "side": "buy", "size": "0.23351412", "price": "2982.52000000", "time": "2025-07-11T15:20:32.645318Z", "fetched_at": "2025-07-11T15:20:51.573518+00:00", "symbol": "ETH-USD"}, {"trade_id": 665463711, "side": "buy", "size": "0.61337701", "price": "2982.52000000", "time": "2025-07-11T15:20:32.631255Z", "fetched_at": "2025-07-11T15:20:51.573518+00:00", "symbol": "ETH-USD"}, {"trade_id": 665463710, "side": "buy", "size": "2.03229873", "price": "2982.52000000", "time": "2025-07-11T15:20:32.591746Z", "fetched_at": "2025-07-11T15:20:51.573518+00:00", "symbol": "ETH-USD"}, {"trade_id": 665463709, "side": "buy", "size": "0.01951337", "price": "2982.57000000", "time": "2025-07-11T15:20:32.580619Z", "fetched_at": "2025-07-11T15:20:51.573518+00:00", "symbol": "ETH-USD"}, {"trade_id": 665463708, "side": "buy", "size": "0.05276586", "price": "2982.61000000", "time": "2025-07-11T15:20:32.544394Z", "fetched_at": "2025-07-11T15:20:51.573518+00:00", "symbol": "ETH-USD"}, {"trade_id": 665463707, "side": "sell", "size": "0.01660772", "price": "2982.62000000", "time": "2025-07-11T15:20:31.915211Z", "fetched_at": "2025-07-11T15:20:51.573518+00:00", "symbol": "ETH-USD"}, {"trade_id": 665463706, "side": "sell", "size": "0.15000000", "price": "2982.48000000", "time": "2025-07-11T15:20:31.501416Z", "fetched_at": "2025-07-11T15:20:51.573518+00:00", "symbol": "ETH-USD"}, {"trade_id": 665463705, "side": "sell", "size": "0.16764571", "price": "2982.48000000", "time": "2025-07-11T15:20:31.501416Z", "fetched_at": "2025-07-11T15:20:51.573518+00:00", "symbol": "ETH-USD"}, {"trade_id": 665463704, "side": "buy", "size": "0.00344997", "price": "2982.63000000", "time": "2025-07-11T15:20:31.483878Z", "fetched_at": "2025-07-11T15:20:51.573518+00:00", "symbol": "ETH-USD"}, {"trade_id": 665463703, "side": "buy", "size": "0.74126027", "price": "2982.63000000", "time": "2025-07-11T15:20:31.463147Z", "fetched_at": "2025-07-11T15:20:51.573518+00:00", "symbol": "ETH-USD"}, {"trade_id": 665463702, "side": "buy", "size": "3.04752660", "price": "2982.63000000", "time": "2025-07-11T15:20:31.463147Z", "fetched_at": "2025-07-11T15:20:51.573518+00:00", "symbol": "ETH-USD"}, {"trade_id": 665463701, "side": "buy", "size": "3.29604995", "price": "2982.63000000", "time": "2025-07-11T15:20:31.446433Z", "fetched_at": "2025-07-11T15:20:51.573518+00:00", "symbol": "ETH-USD"}, {"trade_id": 665463700, "side": "buy", "size": "0.41818557", "price": "2982.63000000", "time": "2025-07-11T15:20:31.342474Z", "fetched_at": "2025-07-11T15:20:51.573518+00:00", "symbol": "ETH-USD"}, {"trade_id": 665463699, "side": "buy", "size": "0.35243788", "price": "2982.63000000", "time": "2025-07-11T15:20:31.242172Z", "fetched_at": "2025-07-11T15:20:51.573518+00:00", "symbol": "ETH-USD"}, {"trade_id": 665463698, "side": "buy", "size": "2.88580000", "price": "2982.63000000", "time": "2025-07-11T15:20:31.242172Z", "fetched_at": "2025-07-11T15:20:51.573518+00:00", "symbol": "ETH-USD"}, {"trade_id": 665463697, "side": "sell", "size": "0.00100000", "price": "2982.54000000", "time": "2025-07-11T15:20:30.794940Z", "fetched_at": "2025-07-11T15:20:51.573518+00:00", "symbol": "ETH-USD"}, {"trade_id": 665463696, "side": "sell", "size": "0.19991837", "price": "2982.33000000", "time": "2025-07-11T15:20:30.727299Z", "fetched_at": "2025-07-11T15:20:51.573518+00:00", "symbol": "ETH-USD"}, {"trade_id": 665463695, "side": "sell", "size": "0.00100000", "price": "2982.32000000", "time": "2025-07-11T15:20:30.727299Z", "fetched_at": "2025-07-11T15:20:51.573518+00:00", "symbol": "ETH-USD"}, {"trade_id": 665463694, "side": "buy", "size": "2.46408253", "price": "2982.31000000", "time": "2025-07-11T15:20:30.480238Z", "fetched_at": "2025-07-11T15:20:51.573518+00:00", "symbol": "ETH-USD"}, {"trade_id": 665463693, "side": "buy", "size": "0.42179000", "price": "2982.31000000", "time": "2025-07-11T15:20:30.467846Z", "fetched_at": "2025-07-11T15:20:51.573518+00:00", "symbol": "ETH-USD"}, {"trade_id": 665463692, "side": "sell", "size": "0.42680861", "price": "2982.11000000", "time": "2025-07-11T15:20:30.459925Z", "fetched_at": "2025-07-11T15:20:51.573518+00:00", "symbol": "ETH-USD"}, {"trade_id": 665463691, "side": "buy", "size": "1.28649000", "price": "2982.09000000", "time": "2025-07-11T15:20:30.436218Z", "fetched_at": "2025-07-11T15:20:51.573518+00:00", "symbol": "ETH-USD"}, {"trade_id": 665463690, "side": "sell", "size": "1.47479128", "price": "2982.23000000", "time": "2025-07-11T15:20:30.431517Z", "fetched_at": "2025-07-11T15:20:51.573518+00:00", "symbol": "ETH-USD"}, {"trade_id": 665463689, "side": "sell", "size": "0.83007485", "price": "2982.22000000", "time": "2025-07-11T15:20:30.431517Z", "fetched_at": "2025-07-11T15:20:51.573518+00:00", "symbol": "ETH-USD"}, {"trade_id": 665463688, "side": "sell", "size": "0.83831155", "price": "2982.19000000", "time": "2025-07-11T15:20:30.431517Z", "fetched_at": "2025-07-11T15:20:51.573518+00:00", "symbol": "ETH-USD"}, {"trade_id": 665463687, "side": "sell", "size": "0.68103832", "price": "2982.14000000", "time": "2025-07-11T15:20:30.430548Z", "fetched_at": "2025-07-11T15:20:51.573518+00:00", "symbol": "ETH-USD"}, {"trade_id": 665463686, "side": "sell", "size": "0.00100000", "price": "2982.10000000", "time": "2025-07-11T15:20:30.430548Z", "fetched_at": "2025-07-11T15:20:51.573518+00:00", "symbol": "ETH-USD"}, {"trade_id": 665463685, "side": "sell", "size": "1.33559196", "price": "2982.07000000", "time": "2025-07-11T15:20:30.430548Z", "fetched_at": "2025-07-11T15:20:51.573518+00:00", "symbol": "ETH-USD"}, {"trade_id": 665463684, "side": "sell", "size": "0.44887656", "price": "2982.06000000", "time": "2025-07-11T15:20:30.430548Z", "fetched_at": "2025-07-11T15:20:51.573518+00:00", "symbol": "ETH-USD"}, {"trade_id": 665463683, "side": "sell", "size": "0.00010401", "price": "2982.00000000", "time": "2025-07-11T15:20:30.429408Z", "fetched_at": "2025-07-11T15:20:51.573518+00:00", "symbol": "ETH-USD"}, {"trade_id": 665463682, "side": "sell", "size": "0.36951743", "price": "2982.00000000", "time": "2025-07-11T15:20:30.429408Z", "fetched_at": "2025-07-11T15:20:51.573518+00:00", "symbol": "ETH-USD"}, {"trade_id": 665463681, "side": "sell", "size": "1.78446852", "price": "2982.00000000", "time": "2025-07-11T15:20:30.429305Z", "fetched_at": "2025-07-11T15:20:51.573518+00:00", "symbol": "ETH-USD"}, {"trade_id": 665463680, "side": "sell", "size": "2.51227490", "price": "2982.00000000", "time": "2025-07-11T15:20:30.428884Z", "fetched_at": "2025-07-11T15:20:51.573518+00:00", "symbol": "ETH-USD"}, {"trade_id": 665463679, "side": "sell", "size": "0.32263915", "price": "2982.00000000", "time": "2025-07-11T15:20:30.422117Z", "fetched_at": "2025-07-11T15:20:51.573518+00:00", "symbol": "ETH-USD"}, {"trade_id": 665463678, "side": "sell", "size": "0.65947056", "price": "2981.98000000", "time": "2025-07-11T15:20:30.422117Z", "fetched_at": "2025-07-11T15:20:51.573518+00:00", "symbol": "ETH-USD"}, {"trade_id": 665463677, "side": "sell", "size": "0.82046859", "price": "2981.98000000", "time": "2025-07-11T15:20:30.418465Z", "fetched_at": "2025-07-11T15:20:51.573518+00:00", "symbol": "ETH-USD"}, {"trade_id": 665463676, "side": "sell", "size": "0.16767382", "price": "2981.98000000", "time": "2025-07-11T15:20:30.418465Z", "fetched_at": "2025-07-11T15:20:51.573518+00:00", "symbol": "ETH-USD"}, {"trade_id": 665463675, "side": "sell", "size": "0.83836920", "price": "2981.98000000", "time": "2025-07-11T15:20:30.418465Z", "fetched_at": "2025-07-11T15:20:51.573518+00:00", "symbol": "ETH-USD"}, {"trade_id": 665463674, "side": "sell", "size": "0.83537664", "price": "2981.98000000", "time": "2025-07-11T15:20:30.418465Z", "fetched_at": "2025-07-11T15:20:51.573518+00:00", "symbol": "ETH-USD"}, {"trade_id": 665463673, "side": "sell", "size": "0.00299256", "price": "2981.98000000", "time": "2025-07-11T15:20:30.327915Z", "fetched_at": "2025-07-11T15:20:51.573518+00:00", "symbol": "ETH-USD"}, {"trade_id": 665463672, "side": "sell", "size": "0.28234233", "price": "2981.97000000", "time": "2025-07-11T15:20:30.217762Z", "fetched_at": "2025-07-11T15:20:51.573518+00:00", "symbol": "ETH-USD"}, {"trade_id": 665463671, "side": "sell", "size": "0.00136052", "price": "2981.97000000", "time": "2025-07-11T15:20:30.206793Z", "fetched_at": "2025-07-11T15:20:51.573518+00:00", "symbol": "ETH-USD"}, {"trade_id": 665463670, "side": "sell", "size": "0.00024004", "price": "2981.93000000", "time": "2025-07-11T15:20:30.206793Z", "fetched_at": "2025-07-11T15:20:51.573518+00:00", "symbol": "ETH-USD"}, {"trade_id": 665463669, "side": "sell", "size": "0.00005589", "price": "2981.91000000", "time": "2025-07-11T15:20:30.123818Z", "fetched_at": "2025-07-11T15:20:51.573518+00:00", "symbol": "ETH-USD"}, {"trade_id": 665463668, "side": "sell", "size": "0.00100000", "price": "2981.88000000", "time": "2025-07-11T15:20:30.123818Z", "fetched_at": "2025-07-11T15:20:51.573518+00:00", "symbol": "ETH-USD"}, {"trade_id": 665463667, "side": "sell", "size": "0.00042796", "price": "2981.87000000", "time": "2025-07-11T15:20:30.123818Z", "fetched_at": "2025-07-11T15:20:51.573518+00:00", "symbol": "ETH-USD"}, {"trade_id": 665463666, "side": "sell", "size": "0.16768541", "price": "2981.78000000", "time": "2025-07-11T15:20:30.123818Z", "fetched_at": "2025-07-11T15:20:51.573518+00:00", "symbol": "ETH-USD"}, {"trade_id": 665463665, "side": "sell", "size": "0.00137687", "price": "2981.76000000", "time": "2025-07-11T15:20:30.123818Z", "fetched_at": "2025-07-11T15:20:51.573518+00:00", "symbol": "ETH-USD"}, {"trade_id": 665463664, "side": "sell", "size": "0.02788949", "price": "2981.64000000", "time": "2025-07-11T15:20:29.589170Z", "fetched_at": "2025-07-11T15:20:51.573518+00:00", "symbol": "ETH-USD"}, {"trade_id": 665463663, "side": "sell", "size": "0.83847350", "price": "2981.61000000", "time": "2025-07-11T15:20:29.589170Z", "fetched_at": "2025-07-11T15:20:51.573518+00:00", "symbol": "ETH-USD"}, {"trade_id": 665463662, "side": "sell", "size": "0.83848442", "price": "2981.57000000", "time": "2025-07-11T15:20:29.588170Z", "fetched_at": "2025-07-11T15:20:51.573518+00:00", "symbol": "ETH-USD"}, {"trade_id": 665463661, "side": "sell", "size": "0.16769688", "price": "2981.57000000", "time": "2025-07-11T15:20:29.588170Z", "fetched_at": "2025-07-11T15:20:51.573518+00:00", "symbol": "ETH-USD"}, {"trade_id": 665463660, "side": "buy", "size": "0.38725679", "price": "2981.51000000", "time": "2025-07-11T15:20:29.287769Z", "fetched_at": "2025-07-11T15:20:51.573518+00:00", "symbol": "ETH-USD"}, {"trade_id": 665463659, "side": "buy", "size": "0.00000670", "price": "2981.51000000", "time": "2025-07-11T15:20:29.287769Z", "fetched_at": "2025-07-11T15:20:51.573518+00:00", "symbol": "ETH-USD"}, {"trade_id": 665463658, "side": "buy", "size": "0.01613611", "price": "2981.51000000", "time": "2025-07-11T15:20:29.287769Z", "fetched_at": "2025-07-11T15:20:51.573518+00:00", "symbol": "ETH-USD"}, {"trade_id": 665463657, "side": "buy", "size": "0.04304530", "price": "2981.51000000", "time": "2025-07-11T15:20:29.287769Z", "fetched_at": "2025-07-11T15:20:51.573518+00:00", "symbol": "ETH-USD"}, {"trade_id": 665463656, "side": "buy", "size": "0.15000000", "price": "2981.54000000", "time": "2025-07-11T15:20:29.277173Z", "fetched_at": "2025-07-11T15:20:51.573518+00:00", "symbol": "ETH-USD"}, {"trade_id": 665463655, "side": "sell", "size": "0.17175809", "price": "2981.64000000", "time": "2025-07-11T15:20:28.981189Z", "fetched_at": "2025-07-11T15:20:51.573518+00:00", "symbol": "ETH-USD"}, {"trade_id": 665463654, "side": "sell", "size": "0.83847350", "price": "2981.61000000", "time": "2025-07-11T15:20:28.981189Z", "fetched_at": "2025-07-11T15:20:51.573518+00:00", "symbol": "ETH-USD"}, {"trade_id": 665463653, "side": "sell", "size": "0.10000000", "price": "2981.52000000", "time": "2025-07-11T15:20:28.795793Z", "fetched_at": "2025-07-11T15:20:51.573518+00:00", "symbol": "ETH-USD"}, {"trade_id": 665463652, "side": "buy", "size": "0.19050789", "price": "2981.51000000", "time": "2025-07-11T15:20:28.479515Z", "fetched_at": "2025-07-11T15:20:51.573518+00:00", "symbol": "ETH-USD"}, {"trade_id": 665463651, "side": "buy", "size": "1.92586795", "price": "2981.50000000", "time": "2025-07-11T15:20:28.184803Z", "fetched_at": "2025-07-11T15:20:51.573518+00:00", "symbol": "ETH-USD"}, {"trade_id": 665463650, "side": "buy", "size": "0.15000000", "price": "2981.51000000", "time": "2025-07-11T15:20:28.184803Z", "fetched_at": "2025-07-11T15:20:51.573518+00:00", "symbol": "ETH-USD"}, {"trade_id": 665463649, "side": "sell", "size": "0.08945558", "price": "2981.47000000", "time": "2025-07-11T15:20:28.180739Z", "fetched_at": "2025-07-11T15:20:51.573518+00:00", "symbol": "ETH-USD"}, {"trade_id": 665463648, "side": "buy", "size": "0.00039265", "price": "2981.49000000", "time": "2025-07-11T15:20:28.118493Z", "fetched_at": "2025-07-11T15:20:51.573518+00:00", "symbol": "ETH-USD"}, {"trade_id": 665463647, "side": "buy", "size": "5.68360000", "price": "2981.55000000", "time": "2025-07-11T15:20:27.883654Z", "fetched_at": "2025-07-11T15:20:51.573518+00:00", "symbol": "ETH-USD"}, {"trade_id": 665463646, "side": "buy", "size": "0.00369152", "price": "2981.55000000", "time": "2025-07-11T15:20:27.883654Z", "fetched_at": "2025-07-11T15:20:51.573518+00:00", "symbol": "ETH-USD"}, {"trade_id": 665463645, "side": "buy", "size": "2.34020848", "price": "2981.55000000", "time": "2025-07-11T15:20:27.880536Z", "fetched_at": "2025-07-11T15:20:51.573518+00:00", "symbol": "ETH-USD"}, {"trade_id": 665463644, "side": "buy", "size": "1.97246445", "price": "2981.55000000", "time": "2025-07-11T15:20:27.880536Z", "fetched_at": "2025-07-11T15:20:51.573518+00:00", "symbol": "ETH-USD"}, {"trade_id": 665463643, "side": "buy", "size": "0.05162947", "price": "2981.63000000", "time": "2025-07-11T15:20:27.877445Z", "fetched_at": "2025-07-11T15:20:51.573518+00:00", "symbol": "ETH-USD"}, {"trade_id": 665463642, "side": "buy", "size": "0.00034167", "price": "2981.63000000", "time": "2025-07-11T15:20:27.761510Z", "fetched_at": "2025-07-11T15:20:51.573518+00:00", "symbol": "ETH-USD"}, {"trade_id": 665463641, "side": "buy", "size": "0.34518852", "price": "2981.63000000", "time": "2025-07-11T15:20:27.743568Z", "fetched_at": "2025-07-11T15:20:51.573518+00:00", "symbol": "ETH-USD"}, {"trade_id": 665463640, "side": "buy", "size": "0.62580536", "price": "2981.63000000", "time": "2025-07-11T15:20:27.637766Z", "fetched_at": "2025-07-11T15:20:51.573518+00:00", "symbol": "ETH-USD"}, {"trade_id": 665463639, "side": "buy", "size": "0.39224180", "price": "2981.63000000", "time": "2025-07-11T15:20:27.637766Z", "fetched_at": "2025-07-11T15:20:51.573518+00:00", "symbol": "ETH-USD"}, {"trade_id": 665463638, "side": "buy", "size": "0.20707554", "price": "2981.63000000", "time": "2025-07-11T15:20:27.602950Z", "fetched_at": "2025-07-11T15:20:51.573518+00:00", "symbol": "ETH-USD"}, {"trade_id": 665463637, "side": "buy", "size": "0.52468266", "price": "2981.63000000", "time": "2025-07-11T15:20:27.590642Z", "fetched_at": "2025-07-11T15:20:51.573518+00:00", "symbol": "ETH-USD"}, {"trade_id": 665463636, "side": "buy", "size": "0.84428606", "price": "2981.63000000", "time": "2025-07-11T15:20:27.590642Z", "fetched_at": "2025-07-11T15:20:51.573518+00:00", "symbol": "ETH-USD"}, {"trade_id": 665463635, "side": "buy", "size": "1.81214402", "price": "2981.63000000", "time": "2025-07-11T15:20:27.568775Z", "fetched_at": "2025-07-11T15:20:51.573518+00:00", "symbol": "ETH-USD"}, {"trade_id": 665463634, "side": "buy", "size": "0.16820499", "price": "2981.63000000", "time": "2025-07-11T15:20:27.538253Z", "fetched_at": "2025-07-11T15:20:51.573518+00:00", "symbol": "ETH-USD"}, {"trade_id": 665463633, "side": "buy", "size": "0.76360896", "price": "2981.63000000", "time": "2025-07-11T15:20:27.528322Z", "fetched_at": "2025-07-11T15:20:51.573518+00:00", "symbol": "ETH-USD"}, {"trade_id": 665463632, "side": "buy", "size": "0.27677387", "price": "2981.63000000", "time": "2025-07-11T15:20:27.492092Z", "fetched_at": "2025-07-11T15:20:51.573518+00:00", "symbol": "ETH-USD"}, {"trade_id": 665463631, "side": "buy", "size": "2.06717255", "price": "2981.63000000", "time": "2025-07-11T15:20:27.473981Z", "fetched_at": "2025-07-11T15:20:51.573518+00:00", "symbol": "ETH-USD"}, {"trade_id": 665463630, "side": "sell", "size": "0.00774979", "price": "2981.64000000", "time": "2025-07-11T15:20:27.229570Z", "fetched_at": "2025-07-11T15:20:51.573518+00:00", "symbol": "ETH-USD"}, {"trade_id": 665463629, "side": "sell", "size": "0.00039819", "price": "2981.64000000", "time": "2025-07-11T15:20:27.229570Z", "fetched_at": "2025-07-11T15:20:51.573518+00:00", "symbol": "ETH-USD"}, {"trade_id": 665463628, "side": "buy", "size": "0.09470649", "price": "2981.63000000", "time": "2025-07-11T15:20:27.095803Z", "fetched_at": "2025-07-11T15:20:51.573518+00:00", "symbol": "ETH-USD"}, {"trade_id": 665463627, "side": "buy", "size": "0.73597487", "price": "2981.63000000", "time": "2025-07-11T15:20:27.050445Z", "fetched_at": "2025-07-11T15:20:51.573518+00:00", "symbol": "ETH-USD"}, {"trade_id": 665463626, "side": "buy", "size": "0.34475815", "price": "2981.63000000", "time": "2025-07-11T15:20:27.005984Z", "fetched_at": "2025-07-11T15:20:51.573518+00:00", "symbol": "ETH-USD"}, {"trade_id": 665463625, "side": "buy", "size": "0.29797065", "price": "2981.63000000", "time": "2025-07-11T15:20:26.985395Z", "fetched_at": "2025-07-11T15:20:51.573518+00:00", "symbol": "ETH-USD"}, {"trade_id": 665463624, "side": "buy", "size": "1.47032556", "price": "2981.63000000", "time": "2025-07-11T15:20:26.967917Z", "fetched_at": "2025-07-11T15:20:51.573518+00:00", "symbol": "ETH-USD"}, {"trade_id": 665463623, "side": "buy", "size": "0.25342595", "price": "2981.63000000", "time": "2025-07-11T15:20:26.936614Z", "fetched_at": "2025-07-11T15:20:51.573518+00:00", "symbol": "ETH-USD"}, {"trade_id": 665463622, "side": "buy", "size": "0.68919089", "price": "2981.63000000", "time": "2025-07-11T15:20:26.870005Z", "fetched_at": "2025-07-11T15:20:51.573518+00:00", "symbol": "ETH-USD"}, {"trade_id": 665463621, "side": "buy", "size": "0.01375000", "price": "2981.63000000", "time": "2025-07-11T15:20:26.591198Z", "fetched_at": "2025-07-11T15:20:51.573518+00:00", "symbol": "ETH-USD"}, {"trade_id": 665463620, "side": "sell", "size": "0.16770699", "price": "2981.40000000", "time": "2025-07-11T15:20:26.284567Z", "fetched_at": "2025-07-11T15:20:51.573518+00:00", "symbol": "ETH-USD"}, {"trade_id": 665463619, "side": "buy", "size": "0.02449312", "price": "2981.19000000", "time": "2025-07-11T15:20:26.283330Z", "fetched_at": "2025-07-11T15:20:51.573518+00:00", "symbol": "ETH-USD"}, {"trade_id": 665463618, "side": "buy", "size": "2.32398730", "price": "2981.69000000", "time": "2025-07-11T15:20:26.230170Z", "fetched_at": "2025-07-11T15:20:51.573518+00:00", "symbol": "ETH-USD"}, {"trade_id": 665463617, "side": "sell", "size": "0.83847394", "price": "2981.61000000", "time": "2025-07-11T15:20:26.224640Z", "fetched_at": "2025-07-11T15:20:51.573518+00:00", "symbol": "ETH-USD"}, {"trade_id": 665463616, "side": "sell", "size": "0.15000000", "price": "2981.60000000", "time": "2025-07-11T15:20:26.224640Z", "fetched_at": "2025-07-11T15:20:51.573518+00:00", "symbol": "ETH-USD"}, {"trade_id": 665463615, "side": "sell", "size": "0.00038249", "price": "2981.59000000", "time": "2025-07-11T15:20:26.224640Z", "fetched_at": "2025-07-11T15:20:51.573518+00:00", "symbol": "ETH-USD"}, {"trade_id": 665463614, "side": "sell", "size": "0.16770327", "price": "2981.46000000", "time": "2025-07-11T15:20:26.224640Z", "fetched_at": "2025-07-11T15:20:51.573518+00:00", "symbol": "ETH-USD"}, {"trade_id": 665463613, "side": "buy", "size": "2.22649640", "price": "2981.75000000", "time": "2025-07-11T15:20:26.183964Z", "fetched_at": "2025-07-11T15:20:51.573518+00:00", "symbol": "ETH-USD"}, {"trade_id": 665463612, "side": "buy", "size": "0.77780994", "price": "2981.75000000", "time": "2025-07-11T15:20:26.180376Z", "fetched_at": "2025-07-11T15:20:51.573518+00:00", "symbol": "ETH-USD"}, {"trade_id": 665463611, "side": "buy", "size": "3.75631668", "price": "2981.75000000", "time": "2025-07-11T15:20:26.180376Z", "fetched_at": "2025-07-11T15:20:51.573518+00:00", "symbol": "ETH-USD"}, {"trade_id": 665463610, "side": "buy", "size": "1.61975461", "price": "2981.75000000", "time": "2025-07-11T15:20:26.170301Z", "fetched_at": "2025-07-11T15:20:51.573518+00:00", "symbol": "ETH-USD"}, {"trade_id": 665463609, "side": "buy", "size": "0.39140103", "price": "2981.75000000", "time": "2025-07-11T15:20:26.134329Z", "fetched_at": "2025-07-11T15:20:51.573518+00:00", "symbol": "ETH-USD"}, {"trade_id": 665463608, "side": "buy", "size": "0.73029079", "price": "2981.75000000", "time": "2025-07-11T15:20:26.110671Z", "fetched_at": "2025-07-11T15:20:51.573518+00:00", "symbol": "ETH-USD"}, {"trade_id": 665463607, "side": "buy", "size": "1.86509334", "price": "2981.75000000", "time": "2025-07-11T15:20:26.033807Z", "fetched_at": "2025-07-11T15:20:51.573518+00:00", "symbol": "ETH-USD"}, {"trade_id": 665463606, "side": "buy", "size": "0.11429342", "price": "2981.75000000", "time": "2025-07-11T15:20:26.022812Z", "fetched_at": "2025-07-11T15:20:51.573518+00:00", "symbol": "ETH-USD"}, {"trade_id": 665463605, "side": "buy", "size": "0.23893096", "price": "2981.75000000", "time": "2025-07-11T15:20:25.999455Z", "fetched_at": "2025-07-11T15:20:51.573518+00:00", "symbol": "ETH-USD"}, {"trade_id": 665463604, "side": "buy", "size": "0.65392405", "price": "2981.75000000", "time": "2025-07-11T15:20:25.983851Z", "fetched_at": "2025-07-11T15:20:51.573518+00:00", "symbol": "ETH-USD"}, {"trade_id": 665463603, "side": "buy", "size": "0.62999512", "price": "2981.75000000", "time": "2025-07-11T15:20:25.972473Z", "fetched_at": "2025-07-11T15:20:51.573518+00:00", "symbol": "ETH-USD"}, {"trade_id": 665463602, "side": "buy", "size": "0.10393000", "price": "2981.70000000", "time": "2025-07-11T15:20:25.916350Z", "fetched_at": "2025-07-11T15:20:51.573518+00:00", "symbol": "ETH-USD"}, {"trade_id": 665463601, "side": "sell", "size": "0.52712958", "price": "2981.65000000", "time": "2025-07-11T15:20:25.908984Z", "fetched_at": "2025-07-11T15:20:51.573518+00:00", "symbol": "ETH-USD"}, {"trade_id": 665463600, "side": "sell", "size": "0.80180750", "price": "2981.65000000", "time": "2025-07-11T15:20:25.908842Z", "fetched_at": "2025-07-11T15:20:51.573518+00:00", "symbol": "ETH-USD"}, {"trade_id": 665463599, "side": "sell", "size": "0.33094713", "price": "2981.64000000", "time": "2025-07-11T15:20:25.908842Z", "fetched_at": "2025-07-11T15:20:51.573518+00:00", "symbol": "ETH-USD"}, {"trade_id": 665463598, "side": "sell", "size": "0.33968386", "price": "2981.64000000", "time": "2025-07-11T15:20:25.908780Z", "fetched_at": "2025-07-11T15:20:51.573518+00:00", "symbol": "ETH-USD"}, {"trade_id": 665463597, "side": "sell", "size": "0.80616151", "price": "2981.64000000", "time": "2025-07-11T15:20:25.908719Z", "fetched_at": "2025-07-11T15:20:51.573518+00:00", "symbol": "ETH-USD"}, {"trade_id": 665463596, "side": "sell", "size": "0.83848698", "price": "2981.57000000", "time": "2025-07-11T15:20:25.908719Z", "fetched_at": "2025-07-11T15:20:51.573518+00:00", "symbol": "ETH-USD"}, {"trade_id": 665463595, "side": "sell", "size": "0.78867536", "price": "2981.57000000", "time": "2025-07-11T15:20:25.908719Z", "fetched_at": "2025-07-11T15:20:51.573518+00:00", "symbol": "ETH-USD"}, {"trade_id": 665463594, "side": "sell", "size": "0.16769744", "price": "2981.56000000", "time": "2025-07-11T15:20:25.908719Z", "fetched_at": "2025-07-11T15:20:51.573518+00:00", "symbol": "ETH-USD"}, {"trade_id": 665463593, "side": "buy", "size": "0.15524979", "price": "2981.55000000", "time": "2025-07-11T15:20:25.675564Z", "fetched_at": "2025-07-11T15:20:51.573518+00:00", "symbol": "ETH-USD"}, {"trade_id": 665463592, "side": "buy", "size": "0.15002330", "price": "2981.56000000", "time": "2025-07-11T15:20:25.675564Z", "fetched_at": "2025-07-11T15:20:51.573518+00:00", "symbol": "ETH-USD"}, {"trade_id": 665463591, "side": "buy", "size": "6.28965179", "price": "2981.56000000", "time": "2025-07-11T15:20:25.662126Z", "fetched_at": "2025-07-11T15:20:51.573518+00:00", "symbol": "ETH-USD"}, {"trade_id": 665463590, "side": "buy", "size": "0.34410829", "price": "2981.56000000", "time": "2025-07-11T15:20:25.651649Z", "fetched_at": "2025-07-11T15:20:51.573518+00:00", "symbol": "ETH-USD"}, {"trade_id": 665463589, "side": "buy", "size": "0.17391662", "price": "2981.56000000", "time": "2025-07-11T15:20:25.631473Z", "fetched_at": "2025-07-11T15:20:51.573518+00:00", "symbol": "ETH-USD"}, {"trade_id": 665463588, "side": "buy", "size": "0.10393000", "price": "2981.56000000", "time": "2025-07-11T15:20:25.631473Z", "fetched_at": "2025-07-11T15:20:51.573518+00:00", "symbol": "ETH-USD"}, {"trade_id": 665463587, "side": "sell", "size": "0.04981162", "price": "2981.57000000", "time": "2025-07-11T15:20:25.615710Z", "fetched_at": "2025-07-11T15:20:51.573518+00:00", "symbol": "ETH-USD"}, {"trade_id": 665463586, "side": "buy", "size": "0.02574336", "price": "2981.55000000", "time": "2025-07-11T15:20:25.541581Z", "fetched_at": "2025-07-11T15:20:51.573518+00:00", "symbol": "ETH-USD"}, {"trade_id": 665463585, "side": "sell", "size": "0.41563824", "price": "2981.41000000", "time": "2025-07-11T15:20:25.516105Z", "fetched_at": "2025-07-11T15:20:51.573518+00:00", "symbol": "ETH-USD"}, {"trade_id": 665463584, "side": "buy", "size": "0.02021912", "price": "2981.40000000", "time": "2025-07-11T15:20:25.492096Z", "fetched_at": "2025-07-11T15:20:51.573518+00:00", "symbol": "ETH-USD"}, {"trade_id": 665463583, "side": "buy", "size": "3.02210946", "price": "2981.40000000", "time": "2025-07-11T15:20:25.203060Z", "fetched_at": "2025-07-11T15:20:51.573518+00:00", "symbol": "ETH-USD"}, {"trade_id": 665463582, "side": "buy", "size": "0.82272172", "price": "2981.40000000", "time": "2025-07-11T15:20:25.139695Z", "fetched_at": "2025-07-11T15:20:51.573518+00:00", "symbol": "ETH-USD"}, {"trade_id": 665463581, "side": "buy", "size": "1.20069626", "price": "2981.40000000", "time": "2025-07-11T15:20:25.115590Z", "fetched_at": "2025-07-11T15:20:51.573518+00:00", "symbol": "ETH-USD"}, {"trade_id": 665463580, "side": "buy", "size": "4.51038202", "price": "2981.40000000", "time": "2025-07-11T15:20:25.103507Z", "fetched_at": "2025-07-11T15:20:51.573518+00:00", "symbol": "ETH-USD"}, {"trade_id": 665463579, "side": "buy", "size": "0.14088334", "price": "2981.31000000", "time": "2025-07-11T15:20:25.092405Z", "fetched_at": "2025-07-11T15:20:51.573518+00:00", "symbol": "ETH-USD"}, {"trade_id": 665463578, "side": "buy", "size": "0.10393000", "price": "2981.39000000", "time": "2025-07-11T15:20:24.945763Z", "fetched_at": "2025-07-11T15:20:51.573518+00:00", "symbol": "ETH-USD"}, {"trade_id": 665463577, "side": "sell", "size": "0.00100000", "price": "2981.22000000", "time": "2025-07-11T15:20:24.810200Z", "fetched_at": "2025-07-11T15:20:51.573518+00:00", "symbol": "ETH-USD"}, {"trade_id": 665463576, "side": "buy", "size": "3.46623251", "price": "2981.21000000", "time": "2025-07-11T15:20:24.481369Z", "fetched_at": "2025-07-11T15:20:51.573518+00:00", "symbol": "ETH-USD"}, {"trade_id": 665463575, "side": "buy", "size": "0.46257458", "price": "2981.21000000", "time": "2025-07-11T15:20:24.414867Z", "fetched_at": "2025-07-11T15:20:51.573518+00:00", "symbol": "ETH-USD"}, {"trade_id": 665463574, "side": "buy", "size": "3.34436030", "price": "2981.21000000", "time": "2025-07-11T15:20:24.399003Z", "fetched_at": "2025-07-11T15:20:51.573518+00:00", "symbol": "ETH-USD"}, {"trade_id": 665463573, "side": "buy", "size": "3.59795322", "price": "2981.21000000", "time": "2025-07-11T15:20:24.388005Z", "fetched_at": "2025-07-11T15:20:51.573518+00:00", "symbol": "ETH-USD"}, {"trade_id": 665463572, "side": "buy", "size": "2.59405167", "price": "2981.21000000", "time": "2025-07-11T15:20:24.375961Z", "fetched_at": "2025-07-11T15:20:51.573518+00:00", "symbol": "ETH-USD"}, {"trade_id": 665463571, "side": "sell", "size": "0.00106023", "price": "2981.21000000", "time": "2025-07-11T15:20:24.271535Z", "fetched_at": "2025-07-11T15:20:51.573518+00:00", "symbol": "ETH-USD"}, {"trade_id": 665463570, "side": "buy", "size": "0.15000000", "price": "2981.21000000", "time": "2025-07-11T15:20:24.218470Z", "fetched_at": "2025-07-11T15:20:51.573518+00:00", "symbol": "ETH-USD"}, {"trade_id": 665463569, "side": "buy", "size": "0.27179000", "price": "2981.21000000", "time": "2025-07-11T15:20:24.218470Z", "fetched_at": "2025-07-11T15:20:51.573518+00:00", "symbol": "ETH-USD"}, {"trade_id": 665463568, "side": "buy", "size": "0.10393000", "price": "2981.21000000", "time": "2025-07-11T15:20:24.206405Z", "fetched_at": "2025-07-11T15:20:51.573518+00:00", "symbol": "ETH-USD"}, {"trade_id": 665463567, "side": "sell", "size": "0.50147594", "price": "2981.10000000", "time": "2025-07-11T15:20:24.198437Z", "fetched_at": "2025-07-11T15:20:51.573518+00:00", "symbol": "ETH-USD"}, {"trade_id": 665463566, "side": "sell", "size": "0.30000000", "price": "2980.90000000", "time": "2025-07-11T15:20:24.079293Z", "fetched_at": "2025-07-11T15:20:51.573518+00:00", "symbol": "ETH-USD"}, {"trade_id": 665463565, "side": "sell", "size": "0.39548689", "price": "2980.85000000", "time": "2025-07-11T15:20:24.075540Z", "fetched_at": "2025-07-11T15:20:51.573518+00:00", "symbol": "ETH-USD"}, {"trade_id": 665463564, "side": "sell", "size": "0.00106023", "price": "2980.75000000", "time": "2025-07-11T15:20:24.075540Z", "fetched_at": "2025-07-11T15:20:51.573518+00:00", "symbol": "ETH-USD"}, {"trade_id": 665463563, "side": "sell", "size": "0.06229991", "price": "2980.75000000", "time": "2025-07-11T15:20:24.075540Z", "fetched_at": "2025-07-11T15:20:51.573518+00:00", "symbol": "ETH-USD"}, {"trade_id": 665463562, "side": "sell", "size": "0.03260801", "price": "2980.75000000", "time": "2025-07-11T15:20:24.048539Z", "fetched_at": "2025-07-11T15:20:51.573518+00:00", "symbol": "ETH-USD"}, {"trade_id": 665463561, "side": "sell", "size": "0.31876303", "price": "2980.75000000", "time": "2025-07-11T15:20:23.959899Z", "fetched_at": "2025-07-11T15:20:51.573518+00:00", "symbol": "ETH-USD"}, {"trade_id": 665463560, "side": "sell", "size": "0.16774701", "price": "2980.68000000", "time": "2025-07-11T15:20:23.959899Z", "fetched_at": "2025-07-11T15:20:51.573518+00:00", "symbol": "ETH-USD"}, {"trade_id": 665463559, "side": "sell", "size": "0.00106023", "price": "2980.65000000", "time": "2025-07-11T15:20:23.953414Z", "fetched_at": "2025-07-11T15:20:51.573518+00:00", "symbol": "ETH-USD"}, {"trade_id": 665463558, "side": "sell", "size": "0.83874322", "price": "2980.65000000", "time": "2025-07-11T15:20:23.953414Z", "fetched_at": "2025-07-11T15:20:51.573518+00:00", "symbol": "ETH-USD"}, {"trade_id": 665463557, "side": "buy", "size": "0.00100615", "price": "2980.64000000", "time": "2025-07-11T15:20:23.748407Z", "fetched_at": "2025-07-11T15:20:51.573518+00:00", "symbol": "ETH-USD"}, {"trade_id": 665463556, "side": "sell", "size": "0.00270089", "price": "2980.75000000", "time": "2025-07-11T15:20:23.213933Z", "fetched_at": "2025-07-11T15:20:51.573518+00:00", "symbol": "ETH-USD"}, {"trade_id": 665463555, "side": "buy", "size": "0.00100000", "price": "2980.56000000", "time": "2025-07-11T15:20:23.153404Z", "fetched_at": "2025-07-11T15:20:51.573518+00:00", "symbol": "ETH-USD"}, {"trade_id": 665463554, "side": "buy", "size": "0.00066017", "price": "2980.68000000", "time": "2025-07-11T15:20:23.140531Z", "fetched_at": "2025-07-11T15:20:51.573518+00:00", "symbol": "ETH-USD"}, {"trade_id": 665463553, "side": "buy", "size": "0.00066017", "price": "2980.68000000", "time": "2025-07-11T15:20:23.125956Z", "fetched_at": "2025-07-11T15:20:51.573518+00:00", "symbol": "ETH-USD"}, {"trade_id": 665463552, "side": "buy", "size": "0.00057947", "price": "2980.68000000", "time": "2025-07-11T15:20:23.068553Z", "fetched_at": "2025-07-11T15:20:51.573518+00:00", "symbol": "ETH-USD"}, {"trade_id": 665463551, "side": "buy", "size": "0.10393000", "price": "2980.68000000", "time": "2025-07-11T15:20:23.068553Z", "fetched_at": "2025-07-11T15:20:51.573518+00:00", "symbol": "ETH-USD"}, {"trade_id": 665463550, "side": "buy", "size": "0.00100000", "price": "2980.78000000", "time": "2025-07-11T15:20:22.753030Z", "fetched_at": "2025-07-11T15:20:51.573518+00:00", "symbol": "ETH-USD"}, {"trade_id": 665463549, "side": "sell", "size": "0.01629715", "price": "2980.87000000", "time": "2025-07-11T15:20:22.717628Z", "fetched_at": "2025-07-11T15:20:51.573518+00:00", "symbol": "ETH-USD"}, {"trade_id": 665463548, "side": "buy", "size": "0.05468115", "price": "2981.10000000", "time": "2025-07-11T15:20:22.490307Z", "fetched_at": "2025-07-11T15:20:51.573518+00:00", "symbol": "ETH-USD"}, {"trade_id": 665463547, "side": "buy", "size": "0.00557176", "price": "2981.10000000", "time": "2025-07-11T15:20:22.490307Z", "fetched_at": "2025-07-11T15:20:51.573518+00:00", "symbol": "ETH-USD"}, {"trade_id": 665463546, "side": "buy", "size": "0.00045030", "price": "2981.15000000", "time": "2025-07-11T15:20:22.337927Z", "fetched_at": "2025-07-11T15:20:51.573518+00:00", "symbol": "ETH-USD"}, {"trade_id": 665463545, "side": "buy", "size": "0.07670751", "price": "2980.99000000", "time": "2025-07-11T15:20:22.307388Z", "fetched_at": "2025-07-11T15:20:51.573518+00:00", "symbol": "ETH-USD"}, {"trade_id": 665463544, "side": "buy", "size": "0.00100000", "price": "2981.00000000", "time": "2025-07-11T15:20:22.307388Z", "fetched_at": "2025-07-11T15:20:51.573518+00:00", "symbol": "ETH-USD"}, {"trade_id": 665463543, "side": "buy", "size": "0.45555627", "price": "2981.01000000", "time": "2025-07-11T15:20:22.307388Z", "fetched_at": "2025-07-11T15:20:51.573518+00:00", "symbol": "ETH-USD"}, {"trade_id": 665463542, "side": "buy", "size": "0.04139148", "price": "2981.15000000", "time": "2025-07-11T15:20:22.307388Z", "fetched_at": "2025-07-11T15:20:51.573518+00:00", "symbol": "ETH-USD"}, {"trade_id": 665463541, "side": "buy", "size": "0.00100000", "price": "2981.22000000", "time": "2025-07-11T15:20:22.307388Z", "fetched_at": "2025-07-11T15:20:51.573518+00:00", "symbol": "ETH-USD"}, {"trade_id": 665463540, "side": "buy", "size": "0.01613433", "price": "2981.22000000", "time": "2025-07-11T15:20:22.307388Z", "fetched_at": "2025-07-11T15:20:51.573518+00:00", "symbol": "ETH-USD"}, {"trade_id": 665463539, "side": "buy", "size": "0.00000335", "price": "2981.22000000", "time": "2025-07-11T15:20:22.307388Z", "fetched_at": "2025-07-11T15:20:51.573518+00:00", "symbol": "ETH-USD"}, {"trade_id": 665463538, "side": "buy", "size": "0.00071055", "price": "2981.33000000", "time": "2025-07-11T15:20:22.296725Z", "fetched_at": "2025-07-11T15:20:51.573518+00:00", "symbol": "ETH-USD"}, {"trade_id": 665463537, "side": "buy", "size": "0.00001006", "price": "2981.33000000", "time": "2025-07-11T15:20:21.974023Z", "fetched_at": "2025-07-11T15:20:51.573518+00:00", "symbol": "ETH-USD"}, {"trade_id": 665463536, "side": "buy", "size": "0.00121422", "price": "2981.33000000", "time": "2025-07-11T15:20:21.974023Z", "fetched_at": "2025-07-11T15:20:51.573518+00:00", "symbol": "ETH-USD"}, {"trade_id": 665463535, "side": "buy", "size": "0.00087544", "price": "2981.33000000", "time": "2025-07-11T15:20:21.974023Z", "fetched_at": "2025-07-11T15:20:51.573518+00:00", "symbol": "ETH-USD"}, {"trade_id": 665463534, "side": "buy", "size": "0.00070599", "price": "2981.63000000", "time": "2025-07-11T15:20:21.583370Z", "fetched_at": "2025-07-11T15:20:51.573518+00:00", "symbol": "ETH-USD"}, {"trade_id": 665463533, "side": "buy", "size": "0.49802842", "price": "2981.52000000", "time": "2025-07-11T15:20:21.542902Z", "fetched_at": "2025-07-11T15:20:51.573518+00:00", "symbol": "ETH-USD"}, {"trade_id": 665463532, "side": "buy", "size": "0.29500000", "price": "2981.53000000", "time": "2025-07-11T15:20:21.542902Z", "fetched_at": "2025-07-11T15:20:51.573518+00:00", "symbol": "ETH-USD"}, {"trade_id": 665463531, "side": "buy", "size": "0.25830188", "price": "2981.55000000", "time": "2025-07-11T15:20:21.542902Z", "fetched_at": "2025-07-11T15:20:51.573518+00:00", "symbol": "ETH-USD"}, {"trade_id": 665463530, "side": "buy", "size": "0.03451225", "price": "2981.55000000", "time": "2025-07-11T15:20:21.542902Z", "fetched_at": "2025-07-11T15:20:51.573518+00:00", "symbol": "ETH-USD"}, {"trade_id": 665463529, "side": "buy", "size": "0.03993847", "price": "2981.56000000", "time": "2025-07-11T15:20:21.542902Z", "fetched_at": "2025-07-11T15:20:51.573518+00:00", "symbol": "ETH-USD"}, {"trade_id": 665463528, "side": "buy", "size": "0.00070601", "price": "2981.57000000", "time": "2025-07-11T15:20:21.542902Z", "fetched_at": "2025-07-11T15:20:51.573518+00:00", "symbol": "ETH-USD"}, {"trade_id": 665463527, "side": "buy", "size": "0.05221270", "price": "2981.65000000", "time": "2025-07-11T15:20:21.075254Z", "fetched_at": "2025-07-11T15:20:51.573518+00:00", "symbol": "ETH-USD"}, {"trade_id": 665463526, "side": "buy", "size": "0.38803347", "price": "2981.65000000", "time": "2025-07-11T15:20:21.075254Z", "fetched_at": "2025-07-11T15:20:51.573518+00:00", "symbol": "ETH-USD"}, {"trade_id": 665463525, "side": "buy", "size": "0.02522764", "price": "2981.65000000", "time": "2025-07-11T15:20:21.075254Z", "fetched_at": "2025-07-11T15:20:51.573518+00:00", "symbol": "ETH-USD"}, {"trade_id": 665463524, "side": "buy", "size": "0.00054159", "price": "2981.67000000", "time": "2025-07-11T15:20:21.075254Z", "fetched_at": "2025-07-11T15:20:51.573518+00:00", "symbol": "ETH-USD"}, {"trade_id": 665463523, "side": "buy", "size": "0.00500000", "price": "2981.66000000", "time": "2025-07-11T15:20:20.787534Z", "fetched_at": "2025-07-11T15:20:51.573518+00:00", "symbol": "ETH-USD"}, {"trade_id": 665463522, "side": "buy", "size": "0.00001006", "price": "2981.74000000", "time": "2025-07-11T15:20:20.557143Z", "fetched_at": "2025-07-11T15:20:51.573518+00:00", "symbol": "ETH-USD"}, {"trade_id": 665463521, "side": "buy", "size": "0.00000335", "price": "2981.74000000", "time": "2025-07-11T15:20:20.557143Z", "fetched_at": "2025-07-11T15:20:51.573518+00:00", "symbol": "ETH-USD"}, {"trade_id": 665463520, "side": "buy", "size": "0.00000670", "price": "2981.74000000", "time": "2025-07-11T15:20:20.557143Z", "fetched_at": "2025-07-11T15:20:51.573518+00:00", "symbol": "ETH-USD"}, {"trade_id": 665463519, "side": "buy", "size": "0.50964837", "price": "2981.74000000", "time": "2025-07-11T15:20:20.557143Z", "fetched_at": "2025-07-11T15:20:51.573518+00:00", "symbol": "ETH-USD"}, {"trade_id": 665463518, "side": "buy", "size": "0.01068711", "price": "2981.74000000", "time": "2025-07-11T15:20:20.449396Z", "fetched_at": "2025-07-11T15:20:51.573518+00:00", "symbol": "ETH-USD"}, {"trade_id": 665463517, "side": "buy", "size": "0.20681150", "price": "2981.99000000", "time": "2025-07-11T15:20:20.171025Z", "fetched_at": "2025-07-11T15:20:51.573518+00:00", "symbol": "ETH-USD"}, {"trade_id": 665463516, "side": "buy", "size": "0.33119295", "price": "2981.99000000", "time": "2025-07-11T15:20:20.158874Z", "fetched_at": "2025-07-11T15:20:51.573518+00:00", "symbol": "ETH-USD"}, {"trade_id": 665463515, "side": "buy", "size": "0.85660044", "price": "2981.99000000", "time": "2025-07-11T15:20:20.147567Z", "fetched_at": "2025-07-11T15:20:51.573518+00:00", "symbol": "ETH-USD"}, {"trade_id": 665463514, "side": "buy", "size": "0.25456667", "price": "2981.99000000", "time": "2025-07-11T15:20:20.134955Z", "fetched_at": "2025-07-11T15:20:51.573518+00:00", "symbol": "ETH-USD"}, {"trade_id": 665463513, "side": "buy", "size": "5.04243392", "price": "2981.99000000", "time": "2025-07-11T15:20:19.996964Z", "fetched_at": "2025-07-11T15:20:51.573518+00:00", "symbol": "ETH-USD"}, {"trade_id": 665463512, "side": "sell", "size": "0.15000000", "price": "2981.99000000", "time": "2025-07-11T15:20:19.991031Z", "fetched_at": "2025-07-11T15:20:51.573518+00:00", "symbol": "ETH-USD"}, {"trade_id": 665463511, "side": "sell", "size": "0.10000000", "price": "2981.99000000", "time": "2025-07-11T15:20:19.991031Z", "fetched_at": "2025-07-11T15:20:51.573518+00:00", "symbol": "ETH-USD"}, {"trade_id": 665463510, "side": "sell", "size": "0.15000000", "price": "2981.98000000", "time": "2025-07-11T15:20:19.991031Z", "fetched_at": "2025-07-11T15:20:51.573518+00:00", "symbol": "ETH-USD"}, {"trade_id": 665463509, "side": "sell", "size": "0.27179000", "price": "2981.97000000", "time": "2025-07-11T15:20:19.991031Z", "fetched_at": "2025-07-11T15:20:51.573518+00:00", "symbol": "ETH-USD"}, {"trade_id": 665463508, "side": "buy", "size": "0.25840462", "price": "2981.99000000", "time": "2025-07-11T15:20:19.986634Z", "fetched_at": "2025-07-11T15:20:51.573518+00:00", "symbol": "ETH-USD"}, {"trade_id": 665463507, "side": "buy", "size": "0.03461782", "price": "2981.99000000", "time": "2025-07-11T15:20:19.986634Z", "fetched_at": "2025-07-11T15:20:51.573518+00:00", "symbol": "ETH-USD"}, {"trade_id": 665463506, "side": "buy", "size": "0.06482583", "price": "2981.99000000", "time": "2025-07-11T15:20:19.986634Z", "fetched_at": "2025-07-11T15:20:51.573518+00:00", "symbol": "ETH-USD"}, {"trade_id": 665463505, "side": "sell", "size": "0.01110000", "price": "2982.00000000", "time": "2025-07-11T15:20:19.926877Z", "fetched_at": "2025-07-11T15:20:51.573518+00:00", "symbol": "ETH-USD"}, {"trade_id": 665463504, "side": "buy", "size": "0.24813533", "price": "2981.99000000", "time": "2025-07-11T15:20:19.650494Z", "fetched_at": "2025-07-11T15:20:51.573518+00:00", "symbol": "ETH-USD"}, {"trade_id": 665463503, "side": "buy", "size": "0.01588182", "price": "2981.99000000", "time": "2025-07-11T15:20:19.168390Z", "fetched_at": "2025-07-11T15:20:51.573518+00:00", "symbol": "ETH-USD"}, {"trade_id": 665463502, "side": "sell", "size": "0.75229657", "price": "2981.96000000", "time": "2025-07-11T15:20:18.924067Z", "fetched_at": "2025-07-11T15:20:51.573518+00:00", "symbol": "ETH-USD"}, {"trade_id": 665463501, "side": "sell", "size": "0.81066040", "price": "2981.95000000", "time": "2025-07-11T15:20:18.924067Z", "fetched_at": "2025-07-11T15:20:51.573518+00:00", "symbol": "ETH-USD"}, {"trade_id": 665463500, "side": "sell", "size": "0.00097452", "price": "2981.93000000", "time": "2025-07-11T15:20:18.924067Z", "fetched_at": "2025-07-11T15:20:51.573518+00:00", "symbol": "ETH-USD"}, {"trade_id": 665463499, "side": "sell", "size": "0.83838319", "price": "2981.93000000", "time": "2025-07-11T15:20:18.924067Z", "fetched_at": "2025-07-11T15:20:51.573518+00:00", "symbol": "ETH-USD"}, {"trade_id": 665463498, "side": "sell", "size": "0.00097452", "price": "2981.83000000", "time": "2025-07-11T15:20:18.861083Z", "fetched_at": "2025-07-11T15:20:51.573518+00:00", "symbol": "ETH-USD"}, {"trade_id": 665463497, "side": "sell", "size": "0.16768274", "price": "2981.83000000", "time": "2025-07-11T15:20:18.861083Z", "fetched_at": "2025-07-11T15:20:51.573518+00:00", "symbol": "ETH-USD"}, {"trade_id": 665463496, "side": "sell", "size": "0.00097452", "price": "2981.76000000", "time": "2025-07-11T15:20:18.793533Z", "fetched_at": "2025-07-11T15:20:51.573518+00:00", "symbol": "ETH-USD"}, {"trade_id": 665463495, "side": "buy", "size": "0.32619695", "price": "2981.65000000", "time": "2025-07-11T15:20:17.729198Z", "fetched_at": "2025-07-11T15:20:51.573518+00:00", "symbol": "ETH-USD"}, {"trade_id": 665463494, "side": "buy", "size": "0.17222216", "price": "2981.65000000", "time": "2025-07-11T15:20:17.709722Z", "fetched_at": "2025-07-11T15:20:51.573518+00:00", "symbol": "ETH-USD"}, {"trade_id": 665463493, "side": "buy", "size": "0.17174780", "price": "2981.65000000", "time": "2025-07-11T15:20:17.699608Z", "fetched_at": "2025-07-11T15:20:51.573518+00:00", "symbol": "ETH-USD"}, {"trade_id": 665463492, "side": "buy", "size": "0.20254579", "price": "2981.65000000", "time": "2025-07-11T15:20:17.689398Z", "fetched_at": "2025-07-11T15:20:51.573518+00:00", "symbol": "ETH-USD"}, {"trade_id": 665463491, "side": "buy", "size": "0.31285204", "price": "2981.65000000", "time": "2025-07-11T15:20:17.677207Z", "fetched_at": "2025-07-11T15:20:51.573518+00:00", "symbol": "ETH-USD"}, {"trade_id": 665463490, "side": "buy", "size": "0.79329237", "price": "2981.65000000", "time": "2025-07-11T15:20:17.654690Z", "fetched_at": "2025-07-11T15:20:51.573518+00:00", "symbol": "ETH-USD"}, {"trade_id": 665463489, "side": "buy", "size": "0.00315966", "price": "2981.65000000", "time": "2025-07-11T15:20:17.648865Z", "fetched_at": "2025-07-11T15:20:51.573518+00:00", "symbol": "ETH-USD"}, {"trade_id": 665463488, "side": "buy", "size": "0.00031512", "price": "2981.65000000", "time": "2025-07-11T15:20:17.639691Z", "fetched_at": "2025-07-11T15:20:51.573518+00:00", "symbol": "ETH-USD"}, {"trade_id": 665463487, "side": "buy", "size": "0.09171000", "price": "2981.81000000", "time": "2025-07-11T15:20:17.512115Z", "fetched_at": "2025-07-11T15:20:51.573518+00:00", "symbol": "ETH-USD"}, {"trade_id": 665463486, "side": "buy", "size": "4.84594436", "price": "2981.82000000", "time": "2025-07-11T15:20:17.477657Z", "fetched_at": "2025-07-11T15:20:51.573518+00:00", "symbol": "ETH-USD"}, {"trade_id": 665463485, "side": "buy", "size": "0.09171000", "price": "2981.82000000", "time": "2025-07-11T15:20:17.464209Z", "fetched_at": "2025-07-11T15:20:51.573518+00:00", "symbol": "ETH-USD"}, {"trade_id": 665463484, "side": "sell", "size": "0.01190886", "price": "2981.94000000", "time": "2025-07-11T15:20:17.447993Z", "fetched_at": "2025-07-11T15:20:51.573518+00:00", "symbol": "ETH-USD"}