[{"trade_id": 665481918, "side": "buy", "size": "0.00164244", "price": "2988.43000000", "time": "2025-07-11T15:39:28.298314Z", "fetched_at": "2025-07-11T15:39:34.971333+00:00", "symbol": "ETH-USD"}, {"trade_id": 665481917, "side": "buy", "size": "0.00100000", "price": "2988.48000000", "time": "2025-07-11T15:39:28.226359Z", "fetched_at": "2025-07-11T15:39:34.971333+00:00", "symbol": "ETH-USD"}, {"trade_id": 665481916, "side": "buy", "size": "0.00164229", "price": "2988.70000000", "time": "2025-07-11T15:39:28.214120Z", "fetched_at": "2025-07-11T15:39:34.971333+00:00", "symbol": "ETH-USD"}, {"trade_id": 665481915, "side": "buy", "size": "0.05228134", "price": "2989.02000000", "time": "2025-07-11T15:39:28.117824Z", "fetched_at": "2025-07-11T15:39:34.971333+00:00", "symbol": "ETH-USD"}, {"trade_id": 665481914, "side": "buy", "size": "0.05466340", "price": "2989.02000000", "time": "2025-07-11T15:39:28.117824Z", "fetched_at": "2025-07-11T15:39:34.971333+00:00", "symbol": "ETH-USD"}, {"trade_id": 665481913, "side": "buy", "size": "0.00164199", "price": "2989.24000000", "time": "2025-07-11T15:39:28.038628Z", "fetched_at": "2025-07-11T15:39:34.971333+00:00", "symbol": "ETH-USD"}, {"trade_id": 665481912, "side": "buy", "size": "0.99533715", "price": "2989.54000000", "time": "2025-07-11T15:39:28.006338Z", "fetched_at": "2025-07-11T15:39:34.971333+00:00", "symbol": "ETH-USD"}, {"trade_id": 665481911, "side": "buy", "size": "0.01686000", "price": "2989.17000000", "time": "2025-07-11T15:39:27.926457Z", "fetched_at": "2025-07-11T15:39:34.971333+00:00", "symbol": "ETH-USD"}, {"trade_id": 665481910, "side": "buy", "size": "0.01421809", "price": "2989.17000000", "time": "2025-07-11T15:39:27.926446Z", "fetched_at": "2025-07-11T15:39:34.971333+00:00", "symbol": "ETH-USD"}, {"trade_id": 665481909, "side": "buy", "size": "0.00100000", "price": "2989.36000000", "time": "2025-07-11T15:39:27.926446Z", "fetched_at": "2025-07-11T15:39:34.971333+00:00", "symbol": "ETH-USD"}, {"trade_id": 665481908, "side": "buy", "size": "0.00164191", "price": "2989.39000000", "time": "2025-07-11T15:39:27.926446Z", "fetched_at": "2025-07-11T15:39:34.971333+00:00", "symbol": "ETH-USD"}, {"trade_id": 665481907, "side": "buy", "size": "0.01686000", "price": "2989.39000000", "time": "2025-07-11T15:39:27.919759Z", "fetched_at": "2025-07-11T15:39:34.971333+00:00", "symbol": "ETH-USD"}, {"trade_id": 665481906, "side": "buy", "size": "0.01686000", "price": "2989.39000000", "time": "2025-07-11T15:39:27.918678Z", "fetched_at": "2025-07-11T15:39:34.971333+00:00", "symbol": "ETH-USD"}, {"trade_id": 665481905, "side": "buy", "size": "0.01686000", "price": "2989.39000000", "time": "2025-07-11T15:39:27.918443Z", "fetched_at": "2025-07-11T15:39:34.971333+00:00", "symbol": "ETH-USD"}, {"trade_id": 665481904, "side": "buy", "size": "0.01686000", "price": "2989.44000000", "time": "2025-07-11T15:39:27.797400Z", "fetched_at": "2025-07-11T15:39:34.971333+00:00", "symbol": "ETH-USD"}, {"trade_id": 665481903, "side": "buy", "size": "0.00164172", "price": "2989.74000000", "time": "2025-07-11T15:39:27.797238Z", "fetched_at": "2025-07-11T15:39:34.971333+00:00", "symbol": "ETH-USD"}, {"trade_id": 665481902, "side": "buy", "size": "0.00164177", "price": "2989.65000000", "time": "2025-07-11T15:39:27.764723Z", "fetched_at": "2025-07-11T15:39:34.971333+00:00", "symbol": "ETH-USD"}, {"trade_id": 665481901, "side": "buy", "size": "0.15000000", "price": "2989.66000000", "time": "2025-07-11T15:39:27.764723Z", "fetched_at": "2025-07-11T15:39:34.971333+00:00", "symbol": "ETH-USD"}, {"trade_id": 665481900, "side": "buy", "size": "0.51300000", "price": "2989.73000000", "time": "2025-07-11T15:39:27.764723Z", "fetched_at": "2025-07-11T15:39:34.971333+00:00", "symbol": "ETH-USD"}, {"trade_id": 665481899, "side": "buy", "size": "0.36175000", "price": "2989.73000000", "time": "2025-07-11T15:39:27.764723Z", "fetched_at": "2025-07-11T15:39:34.971333+00:00", "symbol": "ETH-USD"}, {"trade_id": 665481898, "side": "sell", "size": "0.66888516", "price": "2990.05000000", "time": "2025-07-11T15:39:27.751565Z", "fetched_at": "2025-07-11T15:39:34.971333+00:00", "symbol": "ETH-USD"}, {"trade_id": 665481897, "side": "sell", "size": "0.30000000", "price": "2990.04000000", "time": "2025-07-11T15:39:27.751565Z", "fetched_at": "2025-07-11T15:39:34.971333+00:00", "symbol": "ETH-USD"}, {"trade_id": 665481896, "side": "sell", "size": "0.16722240", "price": "2990.03000000", "time": "2025-07-11T15:39:27.751565Z", "fetched_at": "2025-07-11T15:39:34.971333+00:00", "symbol": "ETH-USD"}, {"trade_id": 665481895, "side": "buy", "size": "0.36220195", "price": "2989.76000000", "time": "2025-07-11T15:39:27.731256Z", "fetched_at": "2025-07-11T15:39:34.971333+00:00", "symbol": "ETH-USD"}, {"trade_id": 665481894, "side": "buy", "size": "0.36175000", "price": "2990.02000000", "time": "2025-07-11T15:39:27.721530Z", "fetched_at": "2025-07-11T15:39:34.971333+00:00", "symbol": "ETH-USD"}, {"trade_id": 665481893, "side": "buy", "size": "0.01686000", "price": "2990.02000000", "time": "2025-07-11T15:39:27.712199Z", "fetched_at": "2025-07-11T15:39:34.971333+00:00", "symbol": "ETH-USD"}, {"trade_id": 665481892, "side": "buy", "size": "0.01520259", "price": "2990.02000000", "time": "2025-07-11T15:39:27.711841Z", "fetched_at": "2025-07-11T15:39:34.971333+00:00", "symbol": "ETH-USD"}, {"trade_id": 665481891, "side": "buy", "size": "0.00165741", "price": "2990.24000000", "time": "2025-07-11T15:39:27.711841Z", "fetched_at": "2025-07-11T15:39:34.971333+00:00", "symbol": "ETH-USD"}, {"trade_id": 665481890, "side": "sell", "size": "0.52911940", "price": "2990.34000000", "time": "2025-07-11T15:39:27.665288Z", "fetched_at": "2025-07-11T15:39:34.971333+00:00", "symbol": "ETH-USD"}, {"trade_id": 665481889, "side": "sell", "size": "0.44797208", "price": "2990.25000000", "time": "2025-07-11T15:39:27.661528Z", "fetched_at": "2025-07-11T15:39:34.971333+00:00", "symbol": "ETH-USD"}, {"trade_id": 665481888, "side": "sell", "size": "0.22386065", "price": "2990.63000000", "time": "2025-07-11T15:39:27.638569Z", "fetched_at": "2025-07-11T15:39:34.971333+00:00", "symbol": "ETH-USD"}, {"trade_id": 665481887, "side": "sell", "size": "0.64217732", "price": "2990.63000000", "time": "2025-07-11T15:39:27.638569Z", "fetched_at": "2025-07-11T15:39:34.971333+00:00", "symbol": "ETH-USD"}, {"trade_id": 665481886, "side": "sell", "size": "0.22386066", "price": "2990.63000000", "time": "2025-07-11T15:39:27.638569Z", "fetched_at": "2025-07-11T15:39:34.971333+00:00", "symbol": "ETH-USD"}, {"trade_id": 665481885, "side": "sell", "size": "0.11320077", "price": "2990.63000000", "time": "2025-07-11T15:39:27.638569Z", "fetched_at": "2025-07-11T15:39:34.971333+00:00", "symbol": "ETH-USD"}, {"trade_id": 665481884, "side": "sell", "size": "0.41776280", "price": "2990.53000000", "time": "2025-07-11T15:39:27.638569Z", "fetched_at": "2025-07-11T15:39:34.971333+00:00", "symbol": "ETH-USD"}, {"trade_id": 665481883, "side": "sell", "size": "0.35405888", "price": "2990.49000000", "time": "2025-07-11T15:39:27.638569Z", "fetched_at": "2025-07-11T15:39:34.971333+00:00", "symbol": "ETH-USD"}, {"trade_id": 665481882, "side": "sell", "size": "0.12880608", "price": "2990.49000000", "time": "2025-07-11T15:39:27.638569Z", "fetched_at": "2025-07-11T15:39:34.971333+00:00", "symbol": "ETH-USD"}, {"trade_id": 665481881, "side": "sell", "size": "0.86474568", "price": "2990.45000000", "time": "2025-07-11T15:39:27.638569Z", "fetched_at": "2025-07-11T15:39:34.971333+00:00", "symbol": "ETH-USD"}, {"trade_id": 665481880, "side": "sell", "size": "0.04690564", "price": "2990.45000000", "time": "2025-07-11T15:39:27.638569Z", "fetched_at": "2025-07-11T15:39:34.971333+00:00", "symbol": "ETH-USD"}, {"trade_id": 665481879, "side": "sell", "size": "0.06781296", "price": "2990.44000000", "time": "2025-07-11T15:39:27.638569Z", "fetched_at": "2025-07-11T15:39:34.971333+00:00", "symbol": "ETH-USD"}, {"trade_id": 665481878, "side": "sell", "size": "0.36175000", "price": "2990.43000000", "time": "2025-07-11T15:39:27.638569Z", "fetched_at": "2025-07-11T15:39:34.971333+00:00", "symbol": "ETH-USD"}, {"trade_id": 665481877, "side": "buy", "size": "0.20588300", "price": "2990.28000000", "time": "2025-07-11T15:39:27.627282Z", "fetched_at": "2025-07-11T15:39:34.971333+00:00", "symbol": "ETH-USD"}, {"trade_id": 665481876, "side": "buy", "size": "0.00100000", "price": "2989.80000000", "time": "2025-07-11T15:39:27.624018Z", "fetched_at": "2025-07-11T15:39:34.971333+00:00", "symbol": "ETH-USD"}, {"trade_id": 665481875, "side": "buy", "size": "0.24462025", "price": "2989.93000000", "time": "2025-07-11T15:39:27.624018Z", "fetched_at": "2025-07-11T15:39:34.971333+00:00", "symbol": "ETH-USD"}, {"trade_id": 665481874, "side": "buy", "size": "1.33518447", "price": "2989.96000000", "time": "2025-07-11T15:39:27.624018Z", "fetched_at": "2025-07-11T15:39:34.971333+00:00", "symbol": "ETH-USD"}, {"trade_id": 665481873, "side": "buy", "size": "0.67692142", "price": "2989.98000000", "time": "2025-07-11T15:39:27.624018Z", "fetched_at": "2025-07-11T15:39:34.971333+00:00", "symbol": "ETH-USD"}, {"trade_id": 665481872, "side": "buy", "size": "0.00100000", "price": "2990.02000000", "time": "2025-07-11T15:39:27.624018Z", "fetched_at": "2025-07-11T15:39:34.971333+00:00", "symbol": "ETH-USD"}, {"trade_id": 665481871, "side": "buy", "size": "0.95095000", "price": "2990.07000000", "time": "2025-07-11T15:39:27.624018Z", "fetched_at": "2025-07-11T15:39:34.971333+00:00", "symbol": "ETH-USD"}, {"trade_id": 665481870, "side": "buy", "size": "1.32156057", "price": "2990.17000000", "time": "2025-07-11T15:39:27.624018Z", "fetched_at": "2025-07-11T15:39:34.971333+00:00", "symbol": "ETH-USD"}, {"trade_id": 665481869, "side": "buy", "size": "0.00100000", "price": "2990.24000000", "time": "2025-07-11T15:39:27.624018Z", "fetched_at": "2025-07-11T15:39:34.971333+00:00", "symbol": "ETH-USD"}, {"trade_id": 665481868, "side": "buy", "size": "0.12483638", "price": "2990.26000000", "time": "2025-07-11T15:39:27.624018Z", "fetched_at": "2025-07-11T15:39:34.971333+00:00", "symbol": "ETH-USD"}, {"trade_id": 665481867, "side": "buy", "size": "0.01344400", "price": "2990.50000000", "time": "2025-07-11T15:39:27.624018Z", "fetched_at": "2025-07-11T15:39:34.971333+00:00", "symbol": "ETH-USD"}, {"trade_id": 665481866, "side": "buy", "size": "1.17601061", "price": "2990.26000000", "time": "2025-07-11T15:39:27.622454Z", "fetched_at": "2025-07-11T15:39:34.971333+00:00", "symbol": "ETH-USD"}, {"trade_id": 665481865, "side": "buy", "size": "0.20588300", "price": "2991.12000000", "time": "2025-07-11T15:39:27.620277Z", "fetched_at": "2025-07-11T15:39:34.971333+00:00", "symbol": "ETH-USD"}, {"trade_id": 665481864, "side": "buy", "size": "0.10684949", "price": "2990.40000000", "time": "2025-07-11T15:39:27.619479Z", "fetched_at": "2025-07-11T15:39:34.971333+00:00", "symbol": "ETH-USD"}, {"trade_id": 665481863, "side": "buy", "size": "0.00100000", "price": "2990.46000000", "time": "2025-07-11T15:39:27.619479Z", "fetched_at": "2025-07-11T15:39:34.971333+00:00", "symbol": "ETH-USD"}, {"trade_id": 665481862, "side": "buy", "size": "0.20000000", "price": "2990.50000000", "time": "2025-07-11T15:39:27.619479Z", "fetched_at": "2025-07-11T15:39:34.971333+00:00", "symbol": "ETH-USD"}, {"trade_id": 665481861, "side": "buy", "size": "0.40000000", "price": "2990.50000000", "time": "2025-07-11T15:39:27.619479Z", "fetched_at": "2025-07-11T15:39:34.971333+00:00", "symbol": "ETH-USD"}, {"trade_id": 665481860, "side": "buy", "size": "0.99915980", "price": "2990.59000000", "time": "2025-07-11T15:39:27.618174Z", "fetched_at": "2025-07-11T15:39:34.971333+00:00", "symbol": "ETH-USD"}, {"trade_id": 665481859, "side": "buy", "size": "0.22949687", "price": "2990.60000000", "time": "2025-07-11T15:39:27.618157Z", "fetched_at": "2025-07-11T15:39:34.971333+00:00", "symbol": "ETH-USD"}, {"trade_id": 665481858, "side": "buy", "size": "1.11852794", "price": "2990.60000000", "time": "2025-07-11T15:39:27.617963Z", "fetched_at": "2025-07-11T15:39:34.971333+00:00", "symbol": "ETH-USD"}, {"trade_id": 665481857, "side": "buy", "size": "0.32520940", "price": "2990.64000000", "time": "2025-07-11T15:39:27.617963Z", "fetched_at": "2025-07-11T15:39:34.971333+00:00", "symbol": "ETH-USD"}, {"trade_id": 665481856, "side": "buy", "size": "0.60599604", "price": "2990.67000000", "time": "2025-07-11T15:39:27.617963Z", "fetched_at": "2025-07-11T15:39:34.971333+00:00", "symbol": "ETH-USD"}, {"trade_id": 665481855, "side": "buy", "size": "1.36548535", "price": "2990.67000000", "time": "2025-07-11T15:39:27.617911Z", "fetched_at": "2025-07-11T15:39:34.971333+00:00", "symbol": "ETH-USD"}, {"trade_id": 665481854, "side": "buy", "size": "1.39233622", "price": "2990.67000000", "time": "2025-07-11T15:39:27.617810Z", "fetched_at": "2025-07-11T15:39:34.971333+00:00", "symbol": "ETH-USD"}, {"trade_id": 665481853, "side": "buy", "size": "0.32007288", "price": "2990.67000000", "time": "2025-07-11T15:39:27.617629Z", "fetched_at": "2025-07-11T15:39:34.971333+00:00", "symbol": "ETH-USD"}, {"trade_id": 665481852, "side": "buy", "size": "0.00100000", "price": "2990.68000000", "time": "2025-07-11T15:39:27.617629Z", "fetched_at": "2025-07-11T15:39:34.971333+00:00", "symbol": "ETH-USD"}, {"trade_id": 665481851, "side": "buy", "size": "0.83592318", "price": "2990.70000000", "time": "2025-07-11T15:39:27.617629Z", "fetched_at": "2025-07-11T15:39:34.971333+00:00", "symbol": "ETH-USD"}, {"trade_id": 665481850, "side": "buy", "size": "2.23036331", "price": "2990.70000000", "time": "2025-07-11T15:39:27.617629Z", "fetched_at": "2025-07-11T15:39:34.971333+00:00", "symbol": "ETH-USD"}, {"trade_id": 665481849, "side": "buy", "size": "2.76963669", "price": "2990.70000000", "time": "2025-07-11T15:39:27.617584Z", "fetched_at": "2025-07-11T15:39:34.971333+00:00", "symbol": "ETH-USD"}, {"trade_id": 665481848, "side": "buy", "size": "0.51300000", "price": "2990.73000000", "time": "2025-07-11T15:39:27.617584Z", "fetched_at": "2025-07-11T15:39:34.971333+00:00", "symbol": "ETH-USD"}, {"trade_id": 665481847, "side": "buy", "size": "4.72338354", "price": "2990.80000000", "time": "2025-07-11T15:39:27.617584Z", "fetched_at": "2025-07-11T15:39:34.971333+00:00", "symbol": "ETH-USD"}, {"trade_id": 665481846, "side": "buy", "size": "5.59627140", "price": "2990.80000000", "time": "2025-07-11T15:39:27.617438Z", "fetched_at": "2025-07-11T15:39:34.971333+00:00", "symbol": "ETH-USD"}, {"trade_id": 665481845, "side": "buy", "size": "4.60628781", "price": "2990.80000000", "time": "2025-07-11T15:39:27.617352Z", "fetched_at": "2025-07-11T15:39:34.971333+00:00", "symbol": "ETH-USD"}, {"trade_id": 665481844, "side": "buy", "size": "5.07405725", "price": "2990.80000000", "time": "2025-07-11T15:39:27.617030Z", "fetched_at": "2025-07-11T15:39:34.971333+00:00", "symbol": "ETH-USD"}, {"trade_id": 665481843, "side": "buy", "size": "19.18204420", "price": "2990.81000000", "time": "2025-07-11T15:39:27.617030Z", "fetched_at": "2025-07-11T15:39:34.971333+00:00", "symbol": "ETH-USD"}, {"trade_id": 665481842, "side": "buy", "size": "0.33088865", "price": "2990.82000000", "time": "2025-07-11T15:39:27.617030Z", "fetched_at": "2025-07-11T15:39:34.971333+00:00", "symbol": "ETH-USD"}, {"trade_id": 665481841, "side": "buy", "size": "5.00000000", "price": "2990.90000000", "time": "2025-07-11T15:39:27.617030Z", "fetched_at": "2025-07-11T15:39:34.971333+00:00", "symbol": "ETH-USD"}, {"trade_id": 665481840, "side": "buy", "size": "0.00605503", "price": "2990.90000000", "time": "2025-07-11T15:39:27.617030Z", "fetched_at": "2025-07-11T15:39:34.971333+00:00", "symbol": "ETH-USD"}, {"trade_id": 665481839, "side": "buy", "size": "0.00001671", "price": "2990.90000000", "time": "2025-07-11T15:39:27.617030Z", "fetched_at": "2025-07-11T15:39:34.971333+00:00", "symbol": "ETH-USD"}, {"trade_id": 665481838, "side": "buy", "size": "0.00100000", "price": "2990.90000000", "time": "2025-07-11T15:39:27.617030Z", "fetched_at": "2025-07-11T15:39:34.971333+00:00", "symbol": "ETH-USD"}, {"trade_id": 665481837, "side": "buy", "size": "0.99996567", "price": "2990.91000000", "time": "2025-07-11T15:39:27.617030Z", "fetched_at": "2025-07-11T15:39:34.971333+00:00", "symbol": "ETH-USD"}, {"trade_id": 665481836, "side": "buy", "size": "0.42626782", "price": "2990.96000000", "time": "2025-07-11T15:39:27.617030Z", "fetched_at": "2025-07-11T15:39:34.971333+00:00", "symbol": "ETH-USD"}, {"trade_id": 665481835, "side": "buy", "size": "0.00001337", "price": "2990.96000000", "time": "2025-07-11T15:39:27.617030Z", "fetched_at": "2025-07-11T15:39:34.971333+00:00", "symbol": "ETH-USD"}, {"trade_id": 665481834, "side": "buy", "size": "2.95496035", "price": "2990.97000000", "time": "2025-07-11T15:39:27.617030Z", "fetched_at": "2025-07-11T15:39:34.971333+00:00", "symbol": "ETH-USD"}, {"trade_id": 665481833, "side": "buy", "size": "0.36031721", "price": "2990.97000000", "time": "2025-07-11T15:39:27.617030Z", "fetched_at": "2025-07-11T15:39:34.971333+00:00", "symbol": "ETH-USD"}, {"trade_id": 665481832, "side": "buy", "size": "5.00000000", "price": "2991.00000000", "time": "2025-07-11T15:39:27.617030Z", "fetched_at": "2025-07-11T15:39:34.971333+00:00", "symbol": "ETH-USD"}, {"trade_id": 665481831, "side": "buy", "size": "1.12533659", "price": "2991.00000000", "time": "2025-07-11T15:39:27.617030Z", "fetched_at": "2025-07-11T15:39:34.971333+00:00", "symbol": "ETH-USD"}, {"trade_id": 665481830, "side": "buy", "size": "1.77861209", "price": "2991.00000000", "time": "2025-07-11T15:39:27.616710Z", "fetched_at": "2025-07-11T15:39:34.971333+00:00", "symbol": "ETH-USD"}, {"trade_id": 665481829, "side": "buy", "size": "3.09605132", "price": "2991.00000000", "time": "2025-07-11T15:39:27.616663Z", "fetched_at": "2025-07-11T15:39:34.971333+00:00", "symbol": "ETH-USD"}, {"trade_id": 665481828, "side": "buy", "size": "0.19999993", "price": "2991.01000000", "time": "2025-07-11T15:39:27.616663Z", "fetched_at": "2025-07-11T15:39:34.971333+00:00", "symbol": "ETH-USD"}, {"trade_id": 665481827, "side": "buy", "size": "0.00033924", "price": "2991.01000000", "time": "2025-07-11T15:39:27.616663Z", "fetched_at": "2025-07-11T15:39:34.971333+00:00", "symbol": "ETH-USD"}, {"trade_id": 665481826, "side": "buy", "size": "0.44516826", "price": "2991.02000000", "time": "2025-07-11T15:39:27.616663Z", "fetched_at": "2025-07-11T15:39:34.971333+00:00", "symbol": "ETH-USD"}, {"trade_id": 665481825, "side": "buy", "size": "0.39066443", "price": "2991.02000000", "time": "2025-07-11T15:39:27.616620Z", "fetched_at": "2025-07-11T15:39:34.971333+00:00", "symbol": "ETH-USD"}, {"trade_id": 665481824, "side": "buy", "size": "0.51300000", "price": "2991.09000000", "time": "2025-07-11T15:39:27.616620Z", "fetched_at": "2025-07-11T15:39:34.971333+00:00", "symbol": "ETH-USD"}, {"trade_id": 665481823, "side": "buy", "size": "0.86705690", "price": "2991.10000000", "time": "2025-07-11T15:39:27.616620Z", "fetched_at": "2025-07-11T15:39:34.971333+00:00", "symbol": "ETH-USD"}, {"trade_id": 665481822, "side": "buy", "size": "5.00000000", "price": "2991.10000000", "time": "2025-07-11T15:39:27.616620Z", "fetched_at": "2025-07-11T15:39:34.971333+00:00", "symbol": "ETH-USD"}, {"trade_id": 665481821, "side": "buy", "size": "2.62053049", "price": "2991.11000000", "time": "2025-07-11T15:39:27.616620Z", "fetched_at": "2025-07-11T15:39:34.971333+00:00", "symbol": "ETH-USD"}, {"trade_id": 665481820, "side": "buy", "size": "2.86215516", "price": "2991.11000000", "time": "2025-07-11T15:39:27.616552Z", "fetched_at": "2025-07-11T15:39:34.971333+00:00", "symbol": "ETH-USD"}, {"trade_id": 665481819, "side": "buy", "size": "4.74756349", "price": "2991.11000000", "time": "2025-07-11T15:39:27.616380Z", "fetched_at": "2025-07-11T15:39:34.971333+00:00", "symbol": "ETH-USD"}, {"trade_id": 665481818, "side": "buy", "size": "0.76668919", "price": "2991.12000000", "time": "2025-07-11T15:39:27.616380Z", "fetched_at": "2025-07-11T15:39:34.971333+00:00", "symbol": "ETH-USD"}, {"trade_id": 665481817, "side": "buy", "size": "3.49899941", "price": "2991.12000000", "time": "2025-07-11T15:39:27.616088Z", "fetched_at": "2025-07-11T15:39:34.971333+00:00", "symbol": "ETH-USD"}, {"trade_id": 665481816, "side": "buy", "size": "0.15000000", "price": "2991.30000000", "time": "2025-07-11T15:39:27.616088Z", "fetched_at": "2025-07-11T15:39:34.971333+00:00", "symbol": "ETH-USD"}, {"trade_id": 665481815, "side": "buy", "size": "0.16714795", "price": "2991.36000000", "time": "2025-07-11T15:39:27.615893Z", "fetched_at": "2025-07-11T15:39:34.971333+00:00", "symbol": "ETH-USD"}, {"trade_id": 665481814, "side": "buy", "size": "0.10000000", "price": "2991.53000000", "time": "2025-07-11T15:39:27.614558Z", "fetched_at": "2025-07-11T15:39:34.971333+00:00", "symbol": "ETH-USD"}, {"trade_id": 665481813, "side": "buy", "size": "0.00222850", "price": "2991.53000000", "time": "2025-07-11T15:39:27.614558Z", "fetched_at": "2025-07-11T15:39:34.971333+00:00", "symbol": "ETH-USD"}, {"trade_id": 665481812, "side": "buy", "size": "0.51300000", "price": "2991.54000000", "time": "2025-07-11T15:39:27.614558Z", "fetched_at": "2025-07-11T15:39:34.971333+00:00", "symbol": "ETH-USD"}, {"trade_id": 665481811, "side": "buy", "size": "0.22559797", "price": "2991.30000000", "time": "2025-07-11T15:39:27.569042Z", "fetched_at": "2025-07-11T15:39:34.971333+00:00", "symbol": "ETH-USD"}, {"trade_id": 665481810, "side": "buy", "size": "0.15000000", "price": "2991.31000000", "time": "2025-07-11T15:39:27.569042Z", "fetched_at": "2025-07-11T15:39:34.971333+00:00", "symbol": "ETH-USD"}, {"trade_id": 665481809, "side": "buy", "size": "0.11170181", "price": "2991.32000000", "time": "2025-07-11T15:39:27.569042Z", "fetched_at": "2025-07-11T15:39:34.971333+00:00", "symbol": "ETH-USD"}, {"trade_id": 665481808, "side": "buy", "size": "0.00100000", "price": "2991.34000000", "time": "2025-07-11T15:39:27.569042Z", "fetched_at": "2025-07-11T15:39:34.971333+00:00", "symbol": "ETH-USD"}, {"trade_id": 665481807, "side": "buy", "size": "0.01575771", "price": "2991.55000000", "time": "2025-07-11T15:39:27.569042Z", "fetched_at": "2025-07-11T15:39:34.971333+00:00", "symbol": "ETH-USD"}, {"trade_id": 665481806, "side": "buy", "size": "0.00003342", "price": "2991.55000000", "time": "2025-07-11T15:39:27.569042Z", "fetched_at": "2025-07-11T15:39:34.971333+00:00", "symbol": "ETH-USD"}, {"trade_id": 665481805, "side": "buy", "size": "0.00002339", "price": "2991.55000000", "time": "2025-07-11T15:39:27.569042Z", "fetched_at": "2025-07-11T15:39:34.971333+00:00", "symbol": "ETH-USD"}, {"trade_id": 665481804, "side": "buy", "size": "0.00222847", "price": "2991.56000000", "time": "2025-07-11T15:39:27.569042Z", "fetched_at": "2025-07-11T15:39:34.971333+00:00", "symbol": "ETH-USD"}, {"trade_id": 665481803, "side": "sell", "size": "0.05229407", "price": "2991.92000000", "time": "2025-07-11T15:39:27.518809Z", "fetched_at": "2025-07-11T15:39:34.971333+00:00", "symbol": "ETH-USD"}, {"trade_id": 665481802, "side": "sell", "size": "0.00250978", "price": "2991.91000000", "time": "2025-07-11T15:39:27.518809Z", "fetched_at": "2025-07-11T15:39:34.971333+00:00", "symbol": "ETH-USD"}, {"trade_id": 665481801, "side": "sell", "size": "0.00031001", "price": "2991.56000000", "time": "2025-07-11T15:39:27.518809Z", "fetched_at": "2025-07-11T15:39:34.971333+00:00", "symbol": "ETH-USD"}, {"trade_id": 665481800, "side": "sell", "size": "0.00068267", "price": "2991.56000000", "time": "2025-07-11T15:39:27.518809Z", "fetched_at": "2025-07-11T15:39:34.971333+00:00", "symbol": "ETH-USD"}, {"trade_id": 665481799, "side": "buy", "size": "0.00186662", "price": "2991.55000000", "time": "2025-07-11T15:39:26.902096Z", "fetched_at": "2025-07-11T15:39:34.971333+00:00", "symbol": "ETH-USD"}, {"trade_id": 665481798, "side": "sell", "size": "0.07340782", "price": "2991.45000000", "time": "2025-07-11T15:39:26.446261Z", "fetched_at": "2025-07-11T15:39:34.971333+00:00", "symbol": "ETH-USD"}, {"trade_id": 665481797, "side": "sell", "size": "0.00280095", "price": "2991.44000000", "time": "2025-07-11T15:39:26.446261Z", "fetched_at": "2025-07-11T15:39:34.971333+00:00", "symbol": "ETH-USD"}, {"trade_id": 665481796, "side": "sell", "size": "0.41730085", "price": "2991.40000000", "time": "2025-07-11T15:39:26.446261Z", "fetched_at": "2025-07-11T15:39:34.971333+00:00", "symbol": "ETH-USD"}, {"trade_id": 665481795, "side": "sell", "size": "0.30000000", "price": "2991.31000000", "time": "2025-07-11T15:39:26.442040Z", "fetched_at": "2025-07-11T15:39:34.971333+00:00", "symbol": "ETH-USD"}, {"trade_id": 665481794, "side": "buy", "size": "0.04256066", "price": "2991.26000000", "time": "2025-07-11T15:39:25.939699Z", "fetched_at": "2025-07-11T15:39:34.971333+00:00", "symbol": "ETH-USD"}, {"trade_id": 665481793, "side": "buy", "size": "0.20004740", "price": "2991.26000000", "time": "2025-07-11T15:39:25.939699Z", "fetched_at": "2025-07-11T15:39:34.971333+00:00", "symbol": "ETH-USD"}, {"trade_id": 665481792, "side": "buy", "size": "0.06233138", "price": "2991.27000000", "time": "2025-07-11T15:39:25.939699Z", "fetched_at": "2025-07-11T15:39:34.971333+00:00", "symbol": "ETH-USD"}, {"trade_id": 665481791, "side": "buy", "size": "0.00499453", "price": "2991.27000000", "time": "2025-07-11T15:39:25.939699Z", "fetched_at": "2025-07-11T15:39:34.971333+00:00", "symbol": "ETH-USD"}, {"trade_id": 665481790, "side": "sell", "size": "0.11425660", "price": "2991.50000000", "time": "2025-07-11T15:39:25.776311Z", "fetched_at": "2025-07-11T15:39:34.971333+00:00", "symbol": "ETH-USD"}, {"trade_id": 665481789, "side": "sell", "size": "0.01599005", "price": "2991.45000000", "time": "2025-07-11T15:39:25.776311Z", "fetched_at": "2025-07-11T15:39:34.971333+00:00", "symbol": "ETH-USD"}, {"trade_id": 665481788, "side": "sell", "size": "0.00189431", "price": "2991.44000000", "time": "2025-07-11T15:39:25.776311Z", "fetched_at": "2025-07-11T15:39:34.971333+00:00", "symbol": "ETH-USD"}, {"trade_id": 665481787, "side": "sell", "size": "0.03117856", "price": "2991.45000000", "time": "2025-07-11T15:39:25.755108Z", "fetched_at": "2025-07-11T15:39:34.971333+00:00", "symbol": "ETH-USD"}, {"trade_id": 665481786, "side": "sell", "size": "0.00189431", "price": "2991.44000000", "time": "2025-07-11T15:39:25.755108Z", "fetched_at": "2025-07-11T15:39:34.971333+00:00", "symbol": "ETH-USD"}, {"trade_id": 665481785, "side": "buy", "size": "0.34327203", "price": "2991.29000000", "time": "2025-07-11T15:39:24.088730Z", "fetched_at": "2025-07-11T15:39:34.971333+00:00", "symbol": "ETH-USD"}, {"trade_id": 665481784, "side": "buy", "size": "0.60000000", "price": "2991.51000000", "time": "2025-07-11T15:39:23.808547Z", "fetched_at": "2025-07-11T15:39:34.971333+00:00", "symbol": "ETH-USD"}, {"trade_id": 665481783, "side": "buy", "size": "0.00280132", "price": "2991.55000000", "time": "2025-07-11T15:39:23.796920Z", "fetched_at": "2025-07-11T15:39:34.971333+00:00", "symbol": "ETH-USD"}, {"trade_id": 665481782, "side": "sell", "size": "0.00031733", "price": "2991.56000000", "time": "2025-07-11T15:39:23.717358Z", "fetched_at": "2025-07-11T15:39:34.971333+00:00", "symbol": "ETH-USD"}, {"trade_id": 665481781, "side": "sell", "size": "0.49743305", "price": "2991.41000000", "time": "2025-07-11T15:39:23.583076Z", "fetched_at": "2025-07-11T15:39:34.971333+00:00", "symbol": "ETH-USD"}, {"trade_id": 665481780, "side": "sell", "size": "0.16714936", "price": "2991.34000000", "time": "2025-07-11T15:39:23.451256Z", "fetched_at": "2025-07-11T15:39:34.971333+00:00", "symbol": "ETH-USD"}, {"trade_id": 665481779, "side": "sell", "size": "0.00030999", "price": "2991.34000000", "time": "2025-07-11T15:39:23.451256Z", "fetched_at": "2025-07-11T15:39:34.971333+00:00", "symbol": "ETH-USD"}, {"trade_id": 665481778, "side": "sell", "size": "0.54840940", "price": "2991.26000000", "time": "2025-07-11T15:39:23.447170Z", "fetched_at": "2025-07-11T15:39:34.971333+00:00", "symbol": "ETH-USD"}, {"trade_id": 665481777, "side": "sell", "size": "0.83576820", "price": "2991.26000000", "time": "2025-07-11T15:39:23.447170Z", "fetched_at": "2025-07-11T15:39:34.971333+00:00", "symbol": "ETH-USD"}, {"trade_id": 665481776, "side": "sell", "size": "0.10102523", "price": "2991.25000000", "time": "2025-07-11T15:39:23.447170Z", "fetched_at": "2025-07-11T15:39:34.971333+00:00", "symbol": "ETH-USD"}, {"trade_id": 665481775, "side": "sell", "size": "0.19897477", "price": "2991.25000000", "time": "2025-07-11T15:39:23.445899Z", "fetched_at": "2025-07-11T15:39:34.971333+00:00", "symbol": "ETH-USD"}, {"trade_id": 665481774, "side": "sell", "size": "0.24269000", "price": "2991.20000000", "time": "2025-07-11T15:39:23.445899Z", "fetched_at": "2025-07-11T15:39:34.971333+00:00", "symbol": "ETH-USD"}, {"trade_id": 665481773, "side": "sell", "size": "0.00278376", "price": "2991.19000000", "time": "2025-07-11T15:39:23.445899Z", "fetched_at": "2025-07-11T15:39:34.971333+00:00", "symbol": "ETH-USD"}, {"trade_id": 665481772, "side": "sell", "size": "0.09433723", "price": "2991.00000000", "time": "2025-07-11T15:39:23.445899Z", "fetched_at": "2025-07-11T15:39:34.971333+00:00", "symbol": "ETH-USD"}, {"trade_id": 665481771, "side": "sell", "size": "0.00668800", "price": "2990.99000000", "time": "2025-07-11T15:39:23.445899Z", "fetched_at": "2025-07-11T15:39:34.971333+00:00", "symbol": "ETH-USD"}, {"trade_id": 665481770, "side": "buy", "size": "0.15629541", "price": "2991.12000000", "time": "2025-07-11T15:39:22.927600Z", "fetched_at": "2025-07-11T15:39:34.971333+00:00", "symbol": "ETH-USD"}, {"trade_id": 665481769, "side": "buy", "size": "0.00334314", "price": "2991.20000000", "time": "2025-07-11T15:39:22.893879Z", "fetched_at": "2025-07-11T15:39:34.971333+00:00", "symbol": "ETH-USD"}, {"trade_id": 665481768, "side": "buy", "size": "0.33156571", "price": "2991.12000000", "time": "2025-07-11T15:39:22.729138Z", "fetched_at": "2025-07-11T15:39:34.971333+00:00", "symbol": "ETH-USD"}, {"trade_id": 665481767, "side": "buy", "size": "0.00100000", "price": "2991.12000000", "time": "2025-07-11T15:39:22.729138Z", "fetched_at": "2025-07-11T15:39:34.971333+00:00", "symbol": "ETH-USD"}, {"trade_id": 665481766, "side": "buy", "size": "0.35733274", "price": "2991.15000000", "time": "2025-07-11T15:39:22.713233Z", "fetched_at": "2025-07-11T15:39:34.971333+00:00", "symbol": "ETH-USD"}, {"trade_id": 665481765, "side": "buy", "size": "0.00334308", "price": "2991.26000000", "time": "2025-07-11T15:39:22.701486Z", "fetched_at": "2025-07-11T15:39:34.971333+00:00", "symbol": "ETH-USD"}, {"trade_id": 665481764, "side": "buy", "size": "0.00100000", "price": "2991.34000000", "time": "2025-07-11T15:39:22.652971Z", "fetched_at": "2025-07-11T15:39:34.971333+00:00", "symbol": "ETH-USD"}, {"trade_id": 665481763, "side": "buy", "size": "0.09351171", "price": "2991.39000000", "time": "2025-07-11T15:39:22.642921Z", "fetched_at": "2025-07-11T15:39:34.971333+00:00", "symbol": "ETH-USD"}, {"trade_id": 665481762, "side": "buy", "size": "0.29528413", "price": "2991.39000000", "time": "2025-07-11T15:39:22.642921Z", "fetched_at": "2025-07-11T15:39:34.971333+00:00", "symbol": "ETH-USD"}, {"trade_id": 665481761, "side": "buy", "size": "0.01605273", "price": "2991.39000000", "time": "2025-07-11T15:39:22.642921Z", "fetched_at": "2025-07-11T15:39:34.971333+00:00", "symbol": "ETH-USD"}, {"trade_id": 665481760, "side": "buy", "size": "0.45733011", "price": "2991.39000000", "time": "2025-07-11T15:39:22.642921Z", "fetched_at": "2025-07-11T15:39:34.971333+00:00", "symbol": "ETH-USD"}, {"trade_id": 665481759, "side": "buy", "size": "0.00334266", "price": "2991.63000000", "time": "2025-07-11T15:39:22.376371Z", "fetched_at": "2025-07-11T15:39:34.971333+00:00", "symbol": "ETH-USD"}, {"trade_id": 665481758, "side": "buy", "size": "0.19999344", "price": "2991.53000000", "time": "2025-07-11T15:39:22.366440Z", "fetched_at": "2025-07-11T15:39:34.971333+00:00", "symbol": "ETH-USD"}, {"trade_id": 665481757, "side": "buy", "size": "0.00334276", "price": "2991.54000000", "time": "2025-07-11T15:39:22.366440Z", "fetched_at": "2025-07-11T15:39:34.971333+00:00", "symbol": "ETH-USD"}, {"trade_id": 665481756, "side": "buy", "size": "0.00239340", "price": "2991.56000000", "time": "2025-07-11T15:39:22.366440Z", "fetched_at": "2025-07-11T15:39:34.971333+00:00", "symbol": "ETH-USD"}, {"trade_id": 665481755, "side": "buy", "size": "0.06386300", "price": "2991.56000000", "time": "2025-07-11T15:39:22.366440Z", "fetched_at": "2025-07-11T15:39:34.971333+00:00", "symbol": "ETH-USD"}, {"trade_id": 665481754, "side": "buy", "size": "0.00100000", "price": "2991.56000000", "time": "2025-07-11T15:39:22.366440Z", "fetched_at": "2025-07-11T15:39:34.971333+00:00", "symbol": "ETH-USD"}, {"trade_id": 665481753, "side": "sell", "size": "0.02434825", "price": "2991.73000000", "time": "2025-07-11T15:39:22.176621Z", "fetched_at": "2025-07-11T15:39:34.971333+00:00", "symbol": "ETH-USD"}, {"trade_id": 665481752, "side": "buy", "size": "0.00334250", "price": "2991.78000000", "time": "2025-07-11T15:39:21.634079Z", "fetched_at": "2025-07-11T15:39:34.971333+00:00", "symbol": "ETH-USD"}, {"trade_id": 665481751, "side": "buy", "size": "0.00100000", "price": "2991.78000000", "time": "2025-07-11T15:39:21.634079Z", "fetched_at": "2025-07-11T15:39:34.971333+00:00", "symbol": "ETH-USD"}, {"trade_id": 665481750, "side": "buy", "size": "0.00334244", "price": "2991.83000000", "time": "2025-07-11T15:39:21.548289Z", "fetched_at": "2025-07-11T15:39:34.971333+00:00", "symbol": "ETH-USD"}, {"trade_id": 665481749, "side": "buy", "size": "0.00334230", "price": "2991.96000000", "time": "2025-07-11T15:39:21.317623Z", "fetched_at": "2025-07-11T15:39:34.971333+00:00", "symbol": "ETH-USD"}, {"trade_id": 665481748, "side": "buy", "size": "4.40823858", "price": "2991.90000000", "time": "2025-07-11T15:39:21.212866Z", "fetched_at": "2025-07-11T15:39:34.971333+00:00", "symbol": "ETH-USD"}, {"trade_id": 665481747, "side": "buy", "size": "5.00000000", "price": "2992.00000000", "time": "2025-07-11T15:39:21.212866Z", "fetched_at": "2025-07-11T15:39:34.971333+00:00", "symbol": "ETH-USD"}, {"trade_id": 665481746, "side": "buy", "size": "6.00000000", "price": "2992.00000000", "time": "2025-07-11T15:39:21.212866Z", "fetched_at": "2025-07-11T15:39:34.971333+00:00", "symbol": "ETH-USD"}, {"trade_id": 665481745, "side": "buy", "size": "0.00100000", "price": "2992.00000000", "time": "2025-07-11T15:39:21.212866Z", "fetched_at": "2025-07-11T15:39:34.971333+00:00", "symbol": "ETH-USD"}, {"trade_id": 665481744, "side": "buy", "size": "6.50925341", "price": "2992.05000000", "time": "2025-07-11T15:39:21.212866Z", "fetched_at": "2025-07-11T15:39:34.971333+00:00", "symbol": "ETH-USD"}, {"trade_id": 665481743, "side": "buy", "size": "0.09908129", "price": "2992.06000000", "time": "2025-07-11T15:39:21.212866Z", "fetched_at": "2025-07-11T15:39:34.971333+00:00", "symbol": "ETH-USD"}, {"trade_id": 665481742, "side": "buy", "size": "0.02960371", "price": "2992.07000000", "time": "2025-07-11T15:39:21.212866Z", "fetched_at": "2025-07-11T15:39:34.971333+00:00", "symbol": "ETH-USD"}, {"trade_id": 665481741, "side": "buy", "size": "0.00334212", "price": "2992.12000000", "time": "2025-07-11T15:39:21.212866Z", "fetched_at": "2025-07-11T15:39:34.971333+00:00", "symbol": "ETH-USD"}, {"trade_id": 665481740, "side": "buy", "size": "0.00000668", "price": "2992.14000000", "time": "2025-07-11T15:39:21.212866Z", "fetched_at": "2025-07-11T15:39:34.971333+00:00", "symbol": "ETH-USD"}, {"trade_id": 665481739, "side": "buy", "size": "0.01237909", "price": "2992.14000000", "time": "2025-07-11T15:39:21.212866Z", "fetched_at": "2025-07-11T15:39:34.971333+00:00", "symbol": "ETH-USD"}, {"trade_id": 665481738, "side": "buy", "size": "0.57657810", "price": "2992.51000000", "time": "2025-07-11T15:39:20.190128Z", "fetched_at": "2025-07-11T15:39:34.971333+00:00", "symbol": "ETH-USD"}, {"trade_id": 665481737, "side": "buy", "size": "0.00334167", "price": "2992.52000000", "time": "2025-07-11T15:39:20.190128Z", "fetched_at": "2025-07-11T15:39:34.971333+00:00", "symbol": "ETH-USD"}, {"trade_id": 665481736, "side": "buy", "size": "0.03508273", "price": "2992.64000000", "time": "2025-07-11T15:39:20.190128Z", "fetched_at": "2025-07-11T15:39:34.971333+00:00", "symbol": "ETH-USD"}, {"trade_id": 665481735, "side": "buy", "size": "0.01856554", "price": "2992.64000000", "time": "2025-07-11T15:39:20.190128Z", "fetched_at": "2025-07-11T15:39:34.971333+00:00", "symbol": "ETH-USD"}, {"trade_id": 665481734, "side": "buy", "size": "0.00001002", "price": "2992.64000000", "time": "2025-07-11T15:39:20.190128Z", "fetched_at": "2025-07-11T15:39:34.971333+00:00", "symbol": "ETH-USD"}, {"trade_id": 665481733, "side": "sell", "size": "0.37017106", "price": "2992.56000000", "time": "2025-07-11T15:39:17.634362Z", "fetched_at": "2025-07-11T15:39:34.971333+00:00", "symbol": "ETH-USD"}, {"trade_id": 665481732, "side": "sell", "size": "0.55711525", "price": "2992.55000000", "time": "2025-07-11T15:39:17.634362Z", "fetched_at": "2025-07-11T15:39:34.971333+00:00", "symbol": "ETH-USD"}, {"trade_id": 665481731, "side": "sell", "size": "0.00271684", "price": "2992.55000000", "time": "2025-07-11T15:39:17.634362Z", "fetched_at": "2025-07-11T15:39:34.971333+00:00", "symbol": "ETH-USD"}, {"trade_id": 665481730, "side": "sell", "size": "0.16709030", "price": "2992.40000000", "time": "2025-07-11T15:39:17.625759Z", "fetched_at": "2025-07-11T15:39:34.971333+00:00", "symbol": "ETH-USD"}, {"trade_id": 665481729, "side": "sell", "size": "0.83547493", "price": "2992.31000000", "time": "2025-07-11T15:39:17.604623Z", "fetched_at": "2025-07-11T15:39:34.971333+00:00", "symbol": "ETH-USD"}, {"trade_id": 665481728, "side": "sell", "size": "0.80405583", "price": "2992.29000000", "time": "2025-07-11T15:39:17.604623Z", "fetched_at": "2025-07-11T15:39:34.971333+00:00", "symbol": "ETH-USD"}, {"trade_id": 665481727, "side": "sell", "size": "0.00271684", "price": "2992.28000000", "time": "2025-07-11T15:39:17.604623Z", "fetched_at": "2025-07-11T15:39:34.971333+00:00", "symbol": "ETH-USD"}, {"trade_id": 665481726, "side": "sell", "size": "0.00062000", "price": "2992.13000000", "time": "2025-07-11T15:39:17.604623Z", "fetched_at": "2025-07-11T15:39:34.971333+00:00", "symbol": "ETH-USD"}, {"trade_id": 665481725, "side": "buy", "size": "0.00263661", "price": "2992.02000000", "time": "2025-07-11T15:39:17.152692Z", "fetched_at": "2025-07-11T15:39:34.971333+00:00", "symbol": "ETH-USD"}, {"trade_id": 665481724, "side": "buy", "size": "0.00100000", "price": "2992.00000000", "time": "2025-07-11T15:39:17.124856Z", "fetched_at": "2025-07-11T15:39:34.971333+00:00", "symbol": "ETH-USD"}, {"trade_id": 665481723, "side": "buy", "size": "0.19999999", "price": "2992.11000000", "time": "2025-07-11T15:39:17.113093Z", "fetched_at": "2025-07-11T15:39:34.971333+00:00", "symbol": "ETH-USD"}, {"trade_id": 665481722, "side": "buy", "size": "0.00373313", "price": "2992.12000000", "time": "2025-07-11T15:39:17.113093Z", "fetched_at": "2025-07-11T15:39:34.971333+00:00", "symbol": "ETH-USD"}, {"trade_id": 665481721, "side": "buy", "size": "0.00747630", "price": "2992.12000000", "time": "2025-07-11T15:39:17.113093Z", "fetched_at": "2025-07-11T15:39:34.971333+00:00", "symbol": "ETH-USD"}, {"trade_id": 665481720, "side": "buy", "size": "0.00129673", "price": "2992.12000000", "time": "2025-07-11T15:39:17.113093Z", "fetched_at": "2025-07-11T15:39:34.971333+00:00", "symbol": "ETH-USD"}, {"trade_id": 665481719, "side": "buy", "size": "0.05264828", "price": "2992.12000000", "time": "2025-07-11T15:39:17.113093Z", "fetched_at": "2025-07-11T15:39:34.971333+00:00", "symbol": "ETH-USD"}, {"trade_id": 665481718, "side": "buy", "size": "0.00270408", "price": "2992.12000000", "time": "2025-07-11T15:39:17.113093Z", "fetched_at": "2025-07-11T15:39:34.971333+00:00", "symbol": "ETH-USD"}, {"trade_id": 665481717, "side": "buy", "size": "0.00100000", "price": "2992.22000000", "time": "2025-07-11T15:39:16.241335Z", "fetched_at": "2025-07-11T15:39:34.971333+00:00", "symbol": "ETH-USD"}, {"trade_id": 665481716, "side": "buy", "size": "1.00034420", "price": "2992.41000000", "time": "2025-07-11T15:39:16.175891Z", "fetched_at": "2025-07-11T15:39:34.971333+00:00", "symbol": "ETH-USD"}, {"trade_id": 665481715, "side": "buy", "size": "0.00038673", "price": "2992.41000000", "time": "2025-07-11T15:39:16.175891Z", "fetched_at": "2025-07-11T15:39:34.971333+00:00", "symbol": "ETH-USD"}, {"trade_id": 665481714, "side": "buy", "size": "1.19999999", "price": "2992.41000000", "time": "2025-07-11T15:39:16.175891Z", "fetched_at": "2025-07-11T15:39:34.971333+00:00", "symbol": "ETH-USD"}, {"trade_id": 665481713, "side": "buy", "size": "0.00100000", "price": "2992.44000000", "time": "2025-07-11T15:39:16.175891Z", "fetched_at": "2025-07-11T15:39:34.971333+00:00", "symbol": "ETH-USD"}, {"trade_id": 665481712, "side": "buy", "size": "0.99368701", "price": "2992.49000000", "time": "2025-07-11T15:39:16.167230Z", "fetched_at": "2025-07-11T15:39:34.971333+00:00", "symbol": "ETH-USD"}, {"trade_id": 665481711, "side": "buy", "size": "0.33016643", "price": "2992.49000000", "time": "2025-07-11T15:39:16.167230Z", "fetched_at": "2025-07-11T15:39:34.971333+00:00", "symbol": "ETH-USD"}, {"trade_id": 665481710, "side": "buy", "size": "0.00297648", "price": "2992.51000000", "time": "2025-07-11T15:39:16.167230Z", "fetched_at": "2025-07-11T15:39:34.971333+00:00", "symbol": "ETH-USD"}, {"trade_id": 665481709, "side": "buy", "size": "0.00297634", "price": "2992.65000000", "time": "2025-07-11T15:39:16.124358Z", "fetched_at": "2025-07-11T15:39:34.971333+00:00", "symbol": "ETH-USD"}, {"trade_id": 665481708, "side": "buy", "size": "0.00297630", "price": "2992.69000000", "time": "2025-07-11T15:39:16.093146Z", "fetched_at": "2025-07-11T15:39:34.971333+00:00", "symbol": "ETH-USD"}, {"trade_id": 665481707, "side": "buy", "size": "0.00297630", "price": "2992.69000000", "time": "2025-07-11T15:39:16.064709Z", "fetched_at": "2025-07-11T15:39:34.971333+00:00", "symbol": "ETH-USD"}, {"trade_id": 665481706, "side": "buy", "size": "0.00100000", "price": "2992.66000000", "time": "2025-07-11T15:39:16.050087Z", "fetched_at": "2025-07-11T15:39:34.971333+00:00", "symbol": "ETH-USD"}, {"trade_id": 665481705, "side": "buy", "size": "0.01494881", "price": "2992.88000000", "time": "2025-07-11T15:39:15.995524Z", "fetched_at": "2025-07-11T15:39:34.971333+00:00", "symbol": "ETH-USD"}, {"trade_id": 665481704, "side": "buy", "size": "0.01284047", "price": "2992.88000000", "time": "2025-07-11T15:39:15.995524Z", "fetched_at": "2025-07-11T15:39:34.971333+00:00", "symbol": "ETH-USD"}, {"trade_id": 665481703, "side": "buy", "size": "0.00128972", "price": "2992.88000000", "time": "2025-07-11T15:39:15.995524Z", "fetched_at": "2025-07-11T15:39:34.971333+00:00", "symbol": "ETH-USD"}, {"trade_id": 665481702, "side": "buy", "size": "0.00372550", "price": "2992.88000000", "time": "2025-07-11T15:39:15.995524Z", "fetched_at": "2025-07-11T15:39:34.971333+00:00", "symbol": "ETH-USD"}, {"trade_id": 665481701, "side": "sell", "size": "0.00648980", "price": "2992.99000000", "time": "2025-07-11T15:39:15.859279Z", "fetched_at": "2025-07-11T15:39:34.971333+00:00", "symbol": "ETH-USD"}, {"trade_id": 665481700, "side": "sell", "size": "0.00322351", "price": "2993.01000000", "time": "2025-07-11T15:39:15.199047Z", "fetched_at": "2025-07-11T15:39:34.971333+00:00", "symbol": "ETH-USD"}, {"trade_id": 665481699, "side": "sell", "size": "0.07784383", "price": "2992.97000000", "time": "2025-07-11T15:39:14.481614Z", "fetched_at": "2025-07-11T15:39:34.971333+00:00", "symbol": "ETH-USD"}, {"trade_id": 665481698, "side": "sell", "size": "0.00334086", "price": "2992.93000000", "time": "2025-07-11T15:39:14.481614Z", "fetched_at": "2025-07-11T15:39:34.971333+00:00", "symbol": "ETH-USD"}, {"trade_id": 665481697, "side": "buy", "size": "0.18973200", "price": "2992.91000000", "time": "2025-07-11T15:39:14.368838Z", "fetched_at": "2025-07-11T15:39:34.971333+00:00", "symbol": "ETH-USD"}, {"trade_id": 665481696, "side": "buy", "size": "0.60049607", "price": "2992.80000000", "time": "2025-07-11T15:39:14.357100Z", "fetched_at": "2025-07-11T15:39:34.971333+00:00", "symbol": "ETH-USD"}, {"trade_id": 665481695, "side": "buy", "size": "0.20013853", "price": "2992.86000000", "time": "2025-07-11T15:39:14.357100Z", "fetched_at": "2025-07-11T15:39:34.971333+00:00", "symbol": "ETH-USD"}, {"trade_id": 665481694, "side": "buy", "size": "0.00100000", "price": "2992.88000000", "time": "2025-07-11T15:39:14.357100Z", "fetched_at": "2025-07-11T15:39:34.971333+00:00", "symbol": "ETH-USD"}, {"trade_id": 665481693, "side": "buy", "size": "0.51300000", "price": "2992.91000000", "time": "2025-07-11T15:39:14.357100Z", "fetched_at": "2025-07-11T15:39:34.971333+00:00", "symbol": "ETH-USD"}, {"trade_id": 665481692, "side": "buy", "size": "0.02204442", "price": "2993.00000000", "time": "2025-07-11T15:39:14.354101Z", "fetched_at": "2025-07-11T15:39:34.971333+00:00", "symbol": "ETH-USD"}, {"trade_id": 665481691, "side": "buy", "size": "3.60000000", "price": "2993.01000000", "time": "2025-07-11T15:39:14.354101Z", "fetched_at": "2025-07-11T15:39:34.971333+00:00", "symbol": "ETH-USD"}, {"trade_id": 665481690, "side": "buy", "size": "0.00100000", "price": "2993.10000000", "time": "2025-07-11T15:39:14.354101Z", "fetched_at": "2025-07-11T15:39:34.971333+00:00", "symbol": "ETH-USD"}, {"trade_id": 665481689, "side": "buy", "size": "5.00000000", "price": "2993.20000000", "time": "2025-07-11T15:39:14.354101Z", "fetched_at": "2025-07-11T15:39:34.971333+00:00", "symbol": "ETH-USD"}, {"trade_id": 665481688, "side": "buy", "size": "0.97799236", "price": "2993.21000000", "time": "2025-07-11T15:39:14.354101Z", "fetched_at": "2025-07-11T15:39:34.971333+00:00", "symbol": "ETH-USD"}, {"trade_id": 665481687, "side": "buy", "size": "2.02260764", "price": "2993.21000000", "time": "2025-07-11T15:39:14.353709Z", "fetched_at": "2025-07-11T15:39:34.971333+00:00", "symbol": "ETH-USD"}, {"trade_id": 665481686, "side": "buy", "size": "0.15000000", "price": "2993.22000000", "time": "2025-07-11T15:39:14.353709Z", "fetched_at": "2025-07-11T15:39:34.971333+00:00", "symbol": "ETH-USD"}, {"trade_id": 665481685, "side": "buy", "size": "0.03529828", "price": "2993.22000000", "time": "2025-07-11T15:39:14.353709Z", "fetched_at": "2025-07-11T15:39:34.971333+00:00", "symbol": "ETH-USD"}, {"trade_id": 665481684, "side": "buy", "size": "0.02895574", "price": "2993.23000000", "time": "2025-07-11T15:39:14.353709Z", "fetched_at": "2025-07-11T15:39:34.971333+00:00", "symbol": "ETH-USD"}, {"trade_id": 665481683, "side": "buy", "size": "0.00317736", "price": "2993.24000000", "time": "2025-07-11T15:39:14.353709Z", "fetched_at": "2025-07-11T15:39:34.971333+00:00", "symbol": "ETH-USD"}, {"trade_id": 665481682, "side": "buy", "size": "0.00002672", "price": "2993.24000000", "time": "2025-07-11T15:39:14.353709Z", "fetched_at": "2025-07-11T15:39:34.971333+00:00", "symbol": "ETH-USD"}, {"trade_id": 665481681, "side": "buy", "size": "0.00003006", "price": "2993.38000000", "time": "2025-07-11T15:39:14.353709Z", "fetched_at": "2025-07-11T15:39:34.971333+00:00", "symbol": "ETH-USD"}, {"trade_id": 665481680, "side": "buy", "size": "0.26429748", "price": "2993.11000000", "time": "2025-07-11T15:39:13.533764Z", "fetched_at": "2025-07-11T15:39:34.971333+00:00", "symbol": "ETH-USD"}, {"trade_id": 665481679, "side": "buy", "size": "0.15000000", "price": "2993.12000000", "time": "2025-07-11T15:39:13.533764Z", "fetched_at": "2025-07-11T15:39:34.971333+00:00", "symbol": "ETH-USD"}, {"trade_id": 665481678, "side": "buy", "size": "0.18257476", "price": "2993.13000000", "time": "2025-07-11T15:39:13.533764Z", "fetched_at": "2025-07-11T15:39:34.971333+00:00", "symbol": "ETH-USD"}, {"trade_id": 665481677, "side": "buy", "size": "0.02744284", "price": "2993.13000000", "time": "2025-07-11T15:39:13.533764Z", "fetched_at": "2025-07-11T15:39:34.971333+00:00", "symbol": "ETH-USD"}, {"trade_id": 665481676, "side": "buy", "size": "0.04306002", "price": "2993.18000000", "time": "2025-07-11T15:39:13.533764Z", "fetched_at": "2025-07-11T15:39:34.971333+00:00", "symbol": "ETH-USD"}, {"trade_id": 665481675, "side": "buy", "size": "0.00334010", "price": "2993.18000000", "time": "2025-07-11T15:39:13.533764Z", "fetched_at": "2025-07-11T15:39:34.971333+00:00", "symbol": "ETH-USD"}, {"trade_id": 665481674, "side": "sell", "size": "0.03406969", "price": "2993.22000000", "time": "2025-07-11T15:39:13.366606Z", "fetched_at": "2025-07-11T15:39:34.971333+00:00", "symbol": "ETH-USD"}, {"trade_id": 665481673, "side": "buy", "size": "0.01830129", "price": "2993.23000000", "time": "2025-07-11T15:39:13.064313Z", "fetched_at": "2025-07-11T15:39:34.971333+00:00", "symbol": "ETH-USD"}, {"trade_id": 665481672, "side": "buy", "size": "0.01927349", "price": "2993.23000000", "time": "2025-07-11T15:39:13.064313Z", "fetched_at": "2025-07-11T15:39:34.971333+00:00", "symbol": "ETH-USD"}, {"trade_id": 665481671, "side": "buy", "size": "0.00334087", "price": "2993.24000000", "time": "2025-07-11T15:39:13.064313Z", "fetched_at": "2025-07-11T15:39:34.971333+00:00", "symbol": "ETH-USD"}, {"trade_id": 665481670, "side": "buy", "size": "0.03293894", "price": "2993.24000000", "time": "2025-07-11T15:39:13.064313Z", "fetched_at": "2025-07-11T15:39:34.971333+00:00", "symbol": "ETH-USD"}, {"trade_id": 665481669, "side": "buy", "size": "0.00001002", "price": "2993.38000000", "time": "2025-07-11T15:39:12.845676Z", "fetched_at": "2025-07-11T15:39:34.971333+00:00", "symbol": "ETH-USD"}, {"trade_id": 665481668, "side": "buy", "size": "0.00001002", "price": "2993.38000000", "time": "2025-07-11T15:39:12.845676Z", "fetched_at": "2025-07-11T15:39:34.971333+00:00", "symbol": "ETH-USD"}, {"trade_id": 665481667, "side": "buy", "size": "0.06021637", "price": "2993.39000000", "time": "2025-07-11T15:39:12.845676Z", "fetched_at": "2025-07-11T15:39:34.971333+00:00", "symbol": "ETH-USD"}, {"trade_id": 665481666, "side": "buy", "size": "0.27385311", "price": "2993.32000000", "time": "2025-07-11T15:39:12.116376Z", "fetched_at": "2025-07-11T15:39:34.971333+00:00", "symbol": "ETH-USD"}, {"trade_id": 665481665, "side": "buy", "size": "0.04116499", "price": "2993.32000000", "time": "2025-07-11T15:39:12.116376Z", "fetched_at": "2025-07-11T15:39:34.971333+00:00", "symbol": "ETH-USD"}, {"trade_id": 665481664, "side": "buy", "size": "0.00100000", "price": "2993.32000000", "time": "2025-07-11T15:39:12.116376Z", "fetched_at": "2025-07-11T15:39:34.971333+00:00", "symbol": "ETH-USD"}, {"trade_id": 665481663, "side": "buy", "size": "0.00668486", "price": "2993.33000000", "time": "2025-07-11T15:39:12.116376Z", "fetched_at": "2025-07-11T15:39:34.971333+00:00", "symbol": "ETH-USD"}, {"trade_id": 665481662, "side": "buy", "size": "0.00002672", "price": "2993.33000000", "time": "2025-07-11T15:39:12.116376Z", "fetched_at": "2025-07-11T15:39:34.971333+00:00", "symbol": "ETH-USD"}, {"trade_id": 665481661, "side": "buy", "size": "0.00334069", "price": "2993.40000000", "time": "2025-07-11T15:39:12.098899Z", "fetched_at": "2025-07-11T15:39:34.971333+00:00", "symbol": "ETH-USD"}, {"trade_id": 665481660, "side": "sell", "size": "0.00913303", "price": "2993.53000000", "time": "2025-07-11T15:39:12.032520Z", "fetched_at": "2025-07-11T15:39:34.971333+00:00", "symbol": "ETH-USD"}, {"trade_id": 665481659, "side": "buy", "size": "0.00287600", "price": "2993.56000000", "time": "2025-07-11T15:39:11.828812Z", "fetched_at": "2025-07-11T15:39:34.971333+00:00", "symbol": "ETH-USD"}, {"trade_id": 665481658, "side": "sell", "size": "0.09979459", "price": "2993.40000000", "time": "2025-07-11T15:39:11.432980Z", "fetched_at": "2025-07-11T15:39:34.971333+00:00", "symbol": "ETH-USD"}, {"trade_id": 665481657, "side": "buy", "size": "0.02892000", "price": "2993.43000000", "time": "2025-07-11T15:39:11.368941Z", "fetched_at": "2025-07-11T15:39:34.971333+00:00", "symbol": "ETH-USD"}, {"trade_id": 665481656, "side": "buy", "size": "0.00459005", "price": "2993.43000000", "time": "2025-07-11T15:39:11.368941Z", "fetched_at": "2025-07-11T15:39:34.971333+00:00", "symbol": "ETH-USD"}, {"trade_id": 665481655, "side": "buy", "size": "0.00288298", "price": "2993.43000000", "time": "2025-07-11T15:39:11.368941Z", "fetched_at": "2025-07-11T15:39:34.971333+00:00", "symbol": "ETH-USD"}, {"trade_id": 665481654, "side": "buy", "size": "0.01336593", "price": "2993.43000000", "time": "2025-07-11T15:39:11.368941Z", "fetched_at": "2025-07-11T15:39:34.971333+00:00", "symbol": "ETH-USD"}, {"trade_id": 665481653, "side": "buy", "size": "0.00287611", "price": "2993.44000000", "time": "2025-07-11T15:39:11.368941Z", "fetched_at": "2025-07-11T15:39:34.971333+00:00", "symbol": "ETH-USD"}, {"trade_id": 665481652, "side": "buy", "size": "0.00000334", "price": "2993.44000000", "time": "2025-07-11T15:39:11.368941Z", "fetched_at": "2025-07-11T15:39:34.971333+00:00", "symbol": "ETH-USD"}, {"trade_id": 665481651, "side": "buy", "size": "0.00309003", "price": "2993.79000000", "time": "2025-07-11T15:39:10.940159Z", "fetched_at": "2025-07-11T15:39:34.971333+00:00", "symbol": "ETH-USD"}, {"trade_id": 665481650, "side": "buy", "size": "0.00308970", "price": "2993.81000000", "time": "2025-07-11T15:39:10.857453Z", "fetched_at": "2025-07-11T15:39:34.971333+00:00", "symbol": "ETH-USD"}, {"trade_id": 665481649, "side": "buy", "size": "0.00606918", "price": "2993.81000000", "time": "2025-07-11T15:39:10.847217Z", "fetched_at": "2025-07-11T15:39:34.971333+00:00", "symbol": "ETH-USD"}, {"trade_id": 665481648, "side": "buy", "size": "0.00308970", "price": "2993.81000000", "time": "2025-07-11T15:39:10.829052Z", "fetched_at": "2025-07-11T15:39:34.971333+00:00", "symbol": "ETH-USD"}, {"trade_id": 665481647, "side": "sell", "size": "0.02262502", "price": "2993.93000000", "time": "2025-07-11T15:39:10.790064Z", "fetched_at": "2025-07-11T15:39:34.971333+00:00", "symbol": "ETH-USD"}, {"trade_id": 665481646, "side": "sell", "size": "0.00334021", "price": "2993.90000000", "time": "2025-07-11T15:39:10.790064Z", "fetched_at": "2025-07-11T15:39:34.971333+00:00", "symbol": "ETH-USD"}, {"trade_id": 665481645, "side": "sell", "size": "0.16363552", "price": "2993.86000000", "time": "2025-07-11T15:39:10.790064Z", "fetched_at": "2025-07-11T15:39:34.971333+00:00", "symbol": "ETH-USD"}, {"trade_id": 665481644, "side": "sell", "size": "0.00010334", "price": "2993.77000000", "time": "2025-07-11T15:39:10.790064Z", "fetched_at": "2025-07-11T15:39:34.971333+00:00", "symbol": "ETH-USD"}, {"trade_id": 665481643, "side": "sell", "size": "0.00005589", "price": "2993.44000000", "time": "2025-07-11T15:39:10.790064Z", "fetched_at": "2025-07-11T15:39:34.971333+00:00", "symbol": "ETH-USD"}, {"trade_id": 665481642, "side": "sell", "size": "0.00024002", "price": "2993.44000000", "time": "2025-07-11T15:39:10.790064Z", "fetched_at": "2025-07-11T15:39:34.971333+00:00", "symbol": "ETH-USD"}, {"trade_id": 665481641, "side": "sell", "size": "0.00229570", "price": "2993.44000000", "time": "2025-07-11T15:39:10.459242Z", "fetched_at": "2025-07-11T15:39:34.971333+00:00", "symbol": "ETH-USD"}, {"trade_id": 665481640, "side": "buy", "size": "0.00100000", "price": "2993.54000000", "time": "2025-07-11T15:39:09.838740Z", "fetched_at": "2025-07-11T15:39:34.971333+00:00", "symbol": "ETH-USD"}, {"trade_id": 665481639, "side": "buy", "size": "0.13368473", "price": "2993.76000000", "time": "2025-07-11T15:39:09.825228Z", "fetched_at": "2025-07-11T15:39:34.971333+00:00", "symbol": "ETH-USD"}, {"trade_id": 665481638, "side": "buy", "size": "0.00100000", "price": "2993.76000000", "time": "2025-07-11T15:39:09.825228Z", "fetched_at": "2025-07-11T15:39:34.971333+00:00", "symbol": "ETH-USD"}, {"trade_id": 665481637, "side": "buy", "size": "0.48156205", "price": "2993.90000000", "time": "2025-07-11T15:39:09.576086Z", "fetched_at": "2025-07-11T15:39:34.971333+00:00", "symbol": "ETH-USD"}, {"trade_id": 665481636, "side": "buy", "size": "0.00100000", "price": "2993.98000000", "time": "2025-07-11T15:39:09.513921Z", "fetched_at": "2025-07-11T15:39:34.971333+00:00", "symbol": "ETH-USD"}, {"trade_id": 665481635, "side": "buy", "size": "0.00000334", "price": "2994.00000000", "time": "2025-07-11T15:39:09.441054Z", "fetched_at": "2025-07-11T15:39:34.971333+00:00", "symbol": "ETH-USD"}, {"trade_id": 665481634, "side": "buy", "size": "0.00001336", "price": "2994.00000000", "time": "2025-07-11T15:39:09.441054Z", "fetched_at": "2025-07-11T15:39:34.971333+00:00", "symbol": "ETH-USD"}, {"trade_id": 665481633, "side": "buy", "size": "0.00001670", "price": "2994.00000000", "time": "2025-07-11T15:39:09.441054Z", "fetched_at": "2025-07-11T15:39:34.971333+00:00", "symbol": "ETH-USD"}, {"trade_id": 665481632, "side": "buy", "size": "0.20332071", "price": "2994.00000000", "time": "2025-07-11T15:39:09.441054Z", "fetched_at": "2025-07-11T15:39:34.971333+00:00", "symbol": "ETH-USD"}, {"trade_id": 665481631, "side": "buy", "size": "0.51642754", "price": "2994.00000000", "time": "2025-07-11T15:39:08.810433Z", "fetched_at": "2025-07-11T15:39:34.971333+00:00", "symbol": "ETH-USD"}, {"trade_id": 665481630, "side": "buy", "size": "0.14221134", "price": "2994.04000000", "time": "2025-07-11T15:39:08.797728Z", "fetched_at": "2025-07-11T15:39:34.971333+00:00", "symbol": "ETH-USD"}, {"trade_id": 665481629, "side": "buy", "size": "1.68563902", "price": "2994.04000000", "time": "2025-07-11T15:39:08.785542Z", "fetched_at": "2025-07-11T15:39:34.971333+00:00", "symbol": "ETH-USD"}, {"trade_id": 665481628, "side": "buy", "size": "0.65409596", "price": "2994.04000000", "time": "2025-07-11T15:39:08.771143Z", "fetched_at": "2025-07-11T15:39:34.971333+00:00", "symbol": "ETH-USD"}, {"trade_id": 665481627, "side": "buy", "size": "0.24531987", "price": "2994.04000000", "time": "2025-07-11T15:39:08.724849Z", "fetched_at": "2025-07-11T15:39:34.971333+00:00", "symbol": "ETH-USD"}, {"trade_id": 665481626, "side": "buy", "size": "0.05973785", "price": "2994.04000000", "time": "2025-07-11T15:39:08.712094Z", "fetched_at": "2025-07-11T15:39:34.971333+00:00", "symbol": "ETH-USD"}, {"trade_id": 665481625, "side": "buy", "size": "3.02820147", "price": "2994.04000000", "time": "2025-07-11T15:39:08.682083Z", "fetched_at": "2025-07-11T15:39:34.971333+00:00", "symbol": "ETH-USD"}, {"trade_id": 665481624, "side": "buy", "size": "0.00000667", "price": "2994.05000000", "time": "2025-07-11T15:39:08.682083Z", "fetched_at": "2025-07-11T15:39:34.971333+00:00", "symbol": "ETH-USD"}, {"trade_id": 665481623, "side": "buy", "size": "0.00333995", "price": "2994.06000000", "time": "2025-07-11T15:39:08.682083Z", "fetched_at": "2025-07-11T15:39:34.971333+00:00", "symbol": "ETH-USD"}, {"trade_id": 665481622, "side": "buy", "size": "0.00333995", "price": "2994.06000000", "time": "2025-07-11T15:39:08.671893Z", "fetched_at": "2025-07-11T15:39:34.971333+00:00", "symbol": "ETH-USD"}, {"trade_id": 665481621, "side": "buy", "size": "0.00333968", "price": "2994.30000000", "time": "2025-07-11T15:39:08.581071Z", "fetched_at": "2025-07-11T15:39:34.971333+00:00", "symbol": "ETH-USD"}, {"trade_id": 665481620, "side": "buy", "size": "0.00333968", "price": "2994.30000000", "time": "2025-07-11T15:39:08.570701Z", "fetched_at": "2025-07-11T15:39:34.971333+00:00", "symbol": "ETH-USD"}, {"trade_id": 665481619, "side": "buy", "size": "0.00333958", "price": "2994.39000000", "time": "2025-07-11T15:39:08.455497Z", "fetched_at": "2025-07-11T15:39:34.971333+00:00", "symbol": "ETH-USD"}, {"trade_id": 665481618, "side": "buy", "size": "0.00333958", "price": "2994.39000000", "time": "2025-07-11T15:39:08.427079Z", "fetched_at": "2025-07-11T15:39:34.971333+00:00", "symbol": "ETH-USD"}, {"trade_id": 665481617, "side": "buy", "size": "0.00333958", "price": "2994.39000000", "time": "2025-07-11T15:39:08.397550Z", "fetched_at": "2025-07-11T15:39:34.971333+00:00", "symbol": "ETH-USD"}, {"trade_id": 665481616, "side": "buy", "size": "0.00333958", "price": "2994.39000000", "time": "2025-07-11T15:39:08.372290Z", "fetched_at": "2025-07-11T15:39:34.971333+00:00", "symbol": "ETH-USD"}, {"trade_id": 665481615, "side": "buy", "size": "0.00333958", "price": "2994.39000000", "time": "2025-07-11T15:39:08.360406Z", "fetched_at": "2025-07-11T15:39:34.971333+00:00", "symbol": "ETH-USD"}, {"trade_id": 665481614, "side": "buy", "size": "0.02860605", "price": "2994.06000000", "time": "2025-07-11T15:39:08.208438Z", "fetched_at": "2025-07-11T15:39:34.971333+00:00", "symbol": "ETH-USD"}, {"trade_id": 665481613, "side": "buy", "size": "0.05141393", "price": "2994.13000000", "time": "2025-07-11T15:39:08.208438Z", "fetched_at": "2025-07-11T15:39:34.971333+00:00", "symbol": "ETH-USD"}, {"trade_id": 665481612, "side": "buy", "size": "0.04284702", "price": "2994.14000000", "time": "2025-07-11T15:39:08.208438Z", "fetched_at": "2025-07-11T15:39:34.971333+00:00", "symbol": "ETH-USD"}, {"trade_id": 665481611, "side": "buy", "size": "0.00008349", "price": "2994.14000000", "time": "2025-07-11T15:39:08.208438Z", "fetched_at": "2025-07-11T15:39:34.971333+00:00", "symbol": "ETH-USD"}, {"trade_id": 665481610, "side": "buy", "size": "0.02005243", "price": "2994.15000000", "time": "2025-07-11T15:39:08.208438Z", "fetched_at": "2025-07-11T15:39:34.971333+00:00", "symbol": "ETH-USD"}, {"trade_id": 665481609, "side": "buy", "size": "0.00333958", "price": "2994.39000000", "time": "2025-07-11T15:39:08.168259Z", "fetched_at": "2025-07-11T15:39:34.971333+00:00", "symbol": "ETH-USD"}, {"trade_id": 665481608, "side": "buy", "size": "0.00333958", "price": "2994.39000000", "time": "2025-07-11T15:39:08.139632Z", "fetched_at": "2025-07-11T15:39:34.971333+00:00", "symbol": "ETH-USD"}, {"trade_id": 665481607, "side": "buy", "size": "0.00333958", "price": "2994.39000000", "time": "2025-07-11T15:39:08.111059Z", "fetched_at": "2025-07-11T15:39:34.971333+00:00", "symbol": "ETH-USD"}, {"trade_id": 665481606, "side": "buy", "size": "0.00333958", "price": "2994.39000000", "time": "2025-07-11T15:39:08.081453Z", "fetched_at": "2025-07-11T15:39:34.971333+00:00", "symbol": "ETH-USD"}, {"trade_id": 665481605, "side": "buy", "size": "0.00333958", "price": "2994.39000000", "time": "2025-07-11T15:39:08.053038Z", "fetched_at": "2025-07-11T15:39:34.971333+00:00", "symbol": "ETH-USD"}, {"trade_id": 665481604, "side": "buy", "size": "0.00333957", "price": "2994.40000000", "time": "2025-07-11T15:39:08.023151Z", "fetched_at": "2025-07-11T15:39:34.971333+00:00", "symbol": "ETH-USD"}, {"trade_id": 665481603, "side": "buy", "size": "0.00284901", "price": "2994.42000000", "time": "2025-07-11T15:39:07.184722Z", "fetched_at": "2025-07-11T15:39:34.971333+00:00", "symbol": "ETH-USD"}, {"trade_id": 665481602, "side": "buy", "size": "0.00001001", "price": "2994.46000000", "time": "2025-07-11T15:39:07.049976Z", "fetched_at": "2025-07-11T15:39:34.971333+00:00", "symbol": "ETH-USD"}, {"trade_id": 665481601, "side": "buy", "size": "0.00284893", "price": "2994.50000000", "time": "2025-07-11T15:39:07.049976Z", "fetched_at": "2025-07-11T15:39:34.971333+00:00", "symbol": "ETH-USD"}, {"trade_id": 665481600, "side": "buy", "size": "0.01707123", "price": "2994.15000000", "time": "2025-07-11T15:39:06.883954Z", "fetched_at": "2025-07-11T15:39:34.971333+00:00", "symbol": "ETH-USD"}, {"trade_id": 665481599, "side": "buy", "size": "0.00100000", "price": "2994.20000000", "time": "2025-07-11T15:39:06.883954Z", "fetched_at": "2025-07-11T15:39:34.971333+00:00", "symbol": "ETH-USD"}, {"trade_id": 665481598, "side": "buy", "size": "0.00016698", "price": "2994.33000000", "time": "2025-07-11T15:39:06.883954Z", "fetched_at": "2025-07-11T15:39:34.971333+00:00", "symbol": "ETH-USD"}, {"trade_id": 665481597, "side": "buy", "size": "0.00000667", "price": "2994.33000000", "time": "2025-07-11T15:39:06.883954Z", "fetched_at": "2025-07-11T15:39:34.971333+00:00", "symbol": "ETH-USD"}, {"trade_id": 665481596, "side": "buy", "size": "0.01196594", "price": "2994.33000000", "time": "2025-07-11T15:39:06.883954Z", "fetched_at": "2025-07-11T15:39:34.971333+00:00", "symbol": "ETH-USD"}, {"trade_id": 665481595, "side": "buy", "size": "0.00065791", "price": "2994.33000000", "time": "2025-07-11T15:39:06.883954Z", "fetched_at": "2025-07-11T15:39:34.971333+00:00", "symbol": "ETH-USD"}, {"trade_id": 665481594, "side": "buy", "size": "0.00285380", "price": "2994.46000000", "time": "2025-07-11T15:39:06.883954Z", "fetched_at": "2025-07-11T15:39:34.971333+00:00", "symbol": "ETH-USD"}, {"trade_id": 665481593, "side": "buy", "size": "0.15909025", "price": "2994.58000000", "time": "2025-07-11T15:39:06.763087Z", "fetched_at": "2025-07-11T15:39:34.971333+00:00", "symbol": "ETH-USD"}, {"trade_id": 665481592, "side": "buy", "size": "0.01686000", "price": "2994.58000000", "time": "2025-07-11T15:39:06.753201Z", "fetched_at": "2025-07-11T15:39:34.971333+00:00", "symbol": "ETH-USD"}, {"trade_id": 665481591, "side": "buy", "size": "0.00285357", "price": "2994.70000000", "time": "2025-07-11T15:39:06.737499Z", "fetched_at": "2025-07-11T15:39:34.971333+00:00", "symbol": "ETH-USD"}, {"trade_id": 665481590, "side": "buy", "size": "0.00285342", "price": "2994.86000000", "time": "2025-07-11T15:39:06.696136Z", "fetched_at": "2025-07-11T15:39:34.971333+00:00", "symbol": "ETH-USD"}, {"trade_id": 665481589, "side": "buy", "size": "0.00285342", "price": "2994.86000000", "time": "2025-07-11T15:39:06.669224Z", "fetched_at": "2025-07-11T15:39:34.971333+00:00", "symbol": "ETH-USD"}, {"trade_id": 665481588, "side": "buy", "size": "0.00285320", "price": "2995.09000000", "time": "2025-07-11T15:39:06.611276Z", "fetched_at": "2025-07-11T15:39:34.971333+00:00", "symbol": "ETH-USD"}, {"trade_id": 665481587, "side": "buy", "size": "0.00285319", "price": "2995.10000000", "time": "2025-07-11T15:39:06.581970Z", "fetched_at": "2025-07-11T15:39:34.971333+00:00", "symbol": "ETH-USD"}, {"trade_id": 665481586, "side": "buy", "size": "0.00272468", "price": "2995.10000000", "time": "2025-07-11T15:39:06.553769Z", "fetched_at": "2025-07-11T15:39:34.971333+00:00", "symbol": "ETH-USD"}, {"trade_id": 665481585, "side": "buy", "size": "0.00277678", "price": "2995.10000000", "time": "2025-07-11T15:39:06.525083Z", "fetched_at": "2025-07-11T15:39:34.971333+00:00", "symbol": "ETH-USD"}, {"trade_id": 665481584, "side": "buy", "size": "0.00277687", "price": "2995.00000000", "time": "2025-07-11T15:39:06.513853Z", "fetched_at": "2025-07-11T15:39:34.971333+00:00", "symbol": "ETH-USD"}, {"trade_id": 665481583, "side": "buy", "size": "0.00277983", "price": "2995.03000000", "time": "2025-07-11T15:39:06.459378Z", "fetched_at": "2025-07-11T15:39:34.971333+00:00", "symbol": "ETH-USD"}, {"trade_id": 665481582, "side": "buy", "size": "0.00276347", "price": "2994.85000000", "time": "2025-07-11T15:39:06.251240Z", "fetched_at": "2025-07-11T15:39:34.971333+00:00", "symbol": "ETH-USD"}, {"trade_id": 665481581, "side": "buy", "size": "1.19999970", "price": "2994.85000000", "time": "2025-07-11T15:39:06.251240Z", "fetched_at": "2025-07-11T15:39:34.971333+00:00", "symbol": "ETH-USD"}, {"trade_id": 665481580, "side": "buy", "size": "0.00000333", "price": "2994.85000000", "time": "2025-07-11T15:39:06.251240Z", "fetched_at": "2025-07-11T15:39:34.971333+00:00", "symbol": "ETH-USD"}, {"trade_id": 665481579, "side": "buy", "size": "0.00033056", "price": "2994.85000000", "time": "2025-07-11T15:39:06.251240Z", "fetched_at": "2025-07-11T15:39:34.971333+00:00", "symbol": "ETH-USD"}, {"trade_id": 665481578, "side": "buy", "size": "0.00289828", "price": "2995.09000000", "time": "2025-07-11T15:39:06.039449Z", "fetched_at": "2025-07-11T15:39:34.971333+00:00", "symbol": "ETH-USD"}, {"trade_id": 665481577, "side": "buy", "size": "0.00287482", "price": "2995.09000000", "time": "2025-07-11T15:39:06.025605Z", "fetched_at": "2025-07-11T15:39:34.971333+00:00", "symbol": "ETH-USD"}, {"trade_id": 665481576, "side": "sell", "size": "0.05655830", "price": "2995.10000000", "time": "2025-07-11T15:39:05.944578Z", "fetched_at": "2025-07-11T15:39:34.971333+00:00", "symbol": "ETH-USD"}, {"trade_id": 665481575, "side": "sell", "size": "0.00005588", "price": "2994.86000000", "time": "2025-07-11T15:39:05.944578Z", "fetched_at": "2025-07-11T15:39:34.971333+00:00", "symbol": "ETH-USD"}, {"trade_id": 665481574, "side": "sell", "size": "0.00100000", "price": "2994.86000000", "time": "2025-07-11T15:39:05.944578Z", "fetched_at": "2025-07-11T15:39:34.971333+00:00", "symbol": "ETH-USD"}, {"trade_id": 665481573, "side": "sell", "size": "0.40490562", "price": "2994.66000000", "time": "2025-07-11T15:39:05.655688Z", "fetched_at": "2025-07-11T15:39:34.971333+00:00", "symbol": "ETH-USD"}, {"trade_id": 665481572, "side": "sell", "size": "0.00024001", "price": "2994.34000000", "time": "2025-07-11T15:39:05.655688Z", "fetched_at": "2025-07-11T15:39:34.971333+00:00", "symbol": "ETH-USD"}, {"trade_id": 665481571, "side": "sell", "size": "0.00010334", "price": "2994.34000000", "time": "2025-07-11T15:39:05.655688Z", "fetched_at": "2025-07-11T15:39:34.971333+00:00", "symbol": "ETH-USD"}, {"trade_id": 665481570, "side": "buy", "size": "0.10684020", "price": "2994.16000000", "time": "2025-07-11T15:39:04.706054Z", "fetched_at": "2025-07-11T15:39:34.971333+00:00", "symbol": "ETH-USD"}, {"trade_id": 665481569, "side": "buy", "size": "0.00100000", "price": "2994.20000000", "time": "2025-07-11T15:39:04.706054Z", "fetched_at": "2025-07-11T15:39:34.971333+00:00", "symbol": "ETH-USD"}, {"trade_id": 665481568, "side": "buy", "size": "0.10215980", "price": "2994.21000000", "time": "2025-07-11T15:39:04.706054Z", "fetched_at": "2025-07-11T15:39:34.971333+00:00", "symbol": "ETH-USD"}, {"trade_id": 665481567, "side": "buy", "size": "0.18384748", "price": "2994.37000000", "time": "2025-07-11T15:39:04.685487Z", "fetched_at": "2025-07-11T15:39:34.971333+00:00", "symbol": "ETH-USD"}, {"trade_id": 665481566, "side": "buy", "size": "0.05146658", "price": "2994.37000000", "time": "2025-07-11T15:39:04.685487Z", "fetched_at": "2025-07-11T15:39:34.971333+00:00", "symbol": "ETH-USD"}, {"trade_id": 665481565, "side": "buy", "size": "0.51300000", "price": "2994.43000000", "time": "2025-07-11T15:39:04.685487Z", "fetched_at": "2025-07-11T15:39:34.971333+00:00", "symbol": "ETH-USD"}, {"trade_id": 665481564, "side": "buy", "size": "0.28759758", "price": "2994.65000000", "time": "2025-07-11T15:39:04.684264Z", "fetched_at": "2025-07-11T15:39:34.971333+00:00", "symbol": "ETH-USD"}, {"trade_id": 665481563, "side": "buy", "size": "0.00001669", "price": "2994.73000000", "time": "2025-07-11T15:39:04.684264Z", "fetched_at": "2025-07-11T15:39:34.971333+00:00", "symbol": "ETH-USD"}, {"trade_id": 665481562, "side": "buy", "size": "0.00002003", "price": "2994.73000000", "time": "2025-07-11T15:39:04.684264Z", "fetched_at": "2025-07-11T15:39:34.971333+00:00", "symbol": "ETH-USD"}, {"trade_id": 665481561, "side": "buy", "size": "0.00000333", "price": "2994.73000000", "time": "2025-07-11T15:39:04.684264Z", "fetched_at": "2025-07-11T15:39:34.971333+00:00", "symbol": "ETH-USD"}, {"trade_id": 665481560, "side": "buy", "size": "0.18131851", "price": "2994.73000000", "time": "2025-07-11T15:39:04.684264Z", "fetched_at": "2025-07-11T15:39:34.971333+00:00", "symbol": "ETH-USD"}, {"trade_id": 665481559, "side": "buy", "size": "0.00296574", "price": "2994.88000000", "time": "2025-07-11T15:39:04.657505Z", "fetched_at": "2025-07-11T15:39:34.971333+00:00", "symbol": "ETH-USD"}, {"trade_id": 665481558, "side": "sell", "size": "0.00896660", "price": "2994.89000000", "time": "2025-07-11T15:39:04.645617Z", "fetched_at": "2025-07-11T15:39:34.971333+00:00", "symbol": "ETH-USD"}, {"trade_id": 665481557, "side": "buy", "size": "0.00296566", "price": "2994.96000000", "time": "2025-07-11T15:39:04.544337Z", "fetched_at": "2025-07-11T15:39:34.971333+00:00", "symbol": "ETH-USD"}, {"trade_id": 665481556, "side": "buy", "size": "0.00296434", "price": "2995.11000000", "time": "2025-07-11T15:39:04.495599Z", "fetched_at": "2025-07-11T15:39:34.971333+00:00", "symbol": "ETH-USD"}, {"trade_id": 665481555, "side": "buy", "size": "0.00296434", "price": "2995.11000000", "time": "2025-07-11T15:39:04.477952Z", "fetched_at": "2025-07-11T15:39:34.971333+00:00", "symbol": "ETH-USD"}, {"trade_id": 665481554, "side": "sell", "size": "0.01852400", "price": "2995.06000000", "time": "2025-07-11T15:39:04.406085Z", "fetched_at": "2025-07-11T15:39:34.971333+00:00", "symbol": "ETH-USD"}, {"trade_id": 665481553, "side": "sell", "size": "0.01313657", "price": "2994.74000000", "time": "2025-07-11T15:39:04.406085Z", "fetched_at": "2025-07-11T15:39:34.971333+00:00", "symbol": "ETH-USD"}, {"trade_id": 665481552, "side": "sell", "size": "0.01107927", "price": "2994.74000000", "time": "2025-07-11T15:39:03.694453Z", "fetched_at": "2025-07-11T15:39:34.971333+00:00", "symbol": "ETH-USD"}, {"trade_id": 665481551, "side": "sell", "size": "0.01686000", "price": "2994.74000000", "time": "2025-07-11T15:39:03.643692Z", "fetched_at": "2025-07-11T15:39:34.971333+00:00", "symbol": "ETH-USD"}, {"trade_id": 665481550, "side": "sell", "size": "0.53480284", "price": "2994.52000000", "time": "2025-07-11T15:39:03.501950Z", "fetched_at": "2025-07-11T15:39:34.971333+00:00", "symbol": "ETH-USD"}, {"trade_id": 665481549, "side": "sell", "size": "0.15000000", "price": "2994.51000000", "time": "2025-07-11T15:39:03.501950Z", "fetched_at": "2025-07-11T15:39:34.971333+00:00", "symbol": "ETH-USD"}, {"trade_id": 665481548, "side": "sell", "size": "0.00165532", "price": "2994.46000000", "time": "2025-07-11T15:39:03.501950Z", "fetched_at": "2025-07-11T15:39:34.971333+00:00", "symbol": "ETH-USD"}, {"trade_id": 665481547, "side": "sell", "size": "0.15000000", "price": "2994.38000000", "time": "2025-07-11T15:39:03.450012Z", "fetched_at": "2025-07-11T15:39:34.971333+00:00", "symbol": "ETH-USD"}, {"trade_id": 665481546, "side": "sell", "size": "0.36110000", "price": "2994.38000000", "time": "2025-07-11T15:39:03.450012Z", "fetched_at": "2025-07-11T15:39:34.971333+00:00", "symbol": "ETH-USD"}, {"trade_id": 665481545, "side": "sell", "size": "0.30000000", "price": "2994.38000000", "time": "2025-07-11T15:39:03.396059Z", "fetched_at": "2025-07-11T15:39:34.971333+00:00", "symbol": "ETH-USD"}, {"trade_id": 665481544, "side": "sell", "size": "0.36110000", "price": "2994.38000000", "time": "2025-07-11T15:39:03.396059Z", "fetched_at": "2025-07-11T15:39:34.971333+00:00", "symbol": "ETH-USD"}, {"trade_id": 665481543, "side": "buy", "size": "0.00276982", "price": "2994.70000000", "time": "2025-07-11T15:39:03.166044Z", "fetched_at": "2025-07-11T15:39:34.971333+00:00", "symbol": "ETH-USD"}, {"trade_id": 665481542, "side": "buy", "size": "0.01713193", "price": "2994.70000000", "time": "2025-07-11T15:39:03.166044Z", "fetched_at": "2025-07-11T15:39:34.971333+00:00", "symbol": "ETH-USD"}, {"trade_id": 665481541, "side": "buy", "size": "0.02607440", "price": "2994.70000000", "time": "2025-07-11T15:39:02.875292Z", "fetched_at": "2025-07-11T15:39:34.971333+00:00", "symbol": "ETH-USD"}, {"trade_id": 665481540, "side": "buy", "size": "0.02392560", "price": "2994.70000000", "time": "2025-07-11T15:39:02.875292Z", "fetched_at": "2025-07-11T15:39:34.971333+00:00", "symbol": "ETH-USD"}, {"trade_id": 665481539, "side": "buy", "size": "0.03666076", "price": "2994.37000000", "time": "2025-07-11T15:39:02.820196Z", "fetched_at": "2025-07-11T15:39:34.971333+00:00", "symbol": "ETH-USD"}, {"trade_id": 665481538, "side": "buy", "size": "0.00333924", "price": "2994.70000000", "time": "2025-07-11T15:39:02.820196Z", "fetched_at": "2025-07-11T15:39:34.971333+00:00", "symbol": "ETH-USD"}, {"trade_id": 665481537, "side": "buy", "size": "0.04666076", "price": "2994.37000000", "time": "2025-07-11T15:39:02.791988Z", "fetched_at": "2025-07-11T15:39:34.971333+00:00", "symbol": "ETH-USD"}, {"trade_id": 665481536, "side": "buy", "size": "0.00333924", "price": "2994.70000000", "time": "2025-07-11T15:39:02.791988Z", "fetched_at": "2025-07-11T15:39:34.971333+00:00", "symbol": "ETH-USD"}, {"trade_id": 665481535, "side": "buy", "size": "0.00173910", "price": "2994.26000000", "time": "2025-07-11T15:39:02.693502Z", "fetched_at": "2025-07-11T15:39:34.971333+00:00", "symbol": "ETH-USD"}, {"trade_id": 665481534, "side": "buy", "size": "0.02669185", "price": "2994.27000000", "time": "2025-07-11T15:39:02.693502Z", "fetched_at": "2025-07-11T15:39:34.971333+00:00", "symbol": "ETH-USD"}, {"trade_id": 665481533, "side": "buy", "size": "0.00100000", "price": "2994.42000000", "time": "2025-07-11T15:39:02.693502Z", "fetched_at": "2025-07-11T15:39:34.971333+00:00", "symbol": "ETH-USD"}, {"trade_id": 665481532, "side": "buy", "size": "0.02457274", "price": "2994.64000000", "time": "2025-07-11T15:39:02.693502Z", "fetched_at": "2025-07-11T15:39:34.971333+00:00", "symbol": "ETH-USD"}, {"trade_id": 665481531, "side": "buy", "size": "0.00070459", "price": "2994.64000000", "time": "2025-07-11T15:39:02.693502Z", "fetched_at": "2025-07-11T15:39:34.971333+00:00", "symbol": "ETH-USD"}, {"trade_id": 665481530, "side": "buy", "size": "0.00439448", "price": "2994.66000000", "time": "2025-07-11T15:39:02.693502Z", "fetched_at": "2025-07-11T15:39:34.971333+00:00", "symbol": "ETH-USD"}, {"trade_id": 665481529, "side": "buy", "size": "0.00386354", "price": "2994.66000000", "time": "2025-07-11T15:39:02.693502Z", "fetched_at": "2025-07-11T15:39:34.971333+00:00", "symbol": "ETH-USD"}, {"trade_id": 665481528, "side": "buy", "size": "0.02369450", "price": "2994.66000000", "time": "2025-07-11T15:39:02.693502Z", "fetched_at": "2025-07-11T15:39:34.971333+00:00", "symbol": "ETH-USD"}, {"trade_id": 665481527, "side": "buy", "size": "0.00333920", "price": "2994.73000000", "time": "2025-07-11T15:39:02.693502Z", "fetched_at": "2025-07-11T15:39:34.971333+00:00", "symbol": "ETH-USD"}, {"trade_id": 665481526, "side": "buy", "size": "0.05000000", "price": "2994.66000000", "time": "2025-07-11T15:39:02.635967Z", "fetched_at": "2025-07-11T15:39:34.971333+00:00", "symbol": "ETH-USD"}, {"trade_id": 665481525, "side": "buy", "size": "0.06562224", "price": "2994.74000000", "time": "2025-07-11T15:39:02.617927Z", "fetched_at": "2025-07-11T15:39:34.971333+00:00", "symbol": "ETH-USD"}, {"trade_id": 665481524, "side": "buy", "size": "0.18960100", "price": "2994.84000000", "time": "2025-07-11T15:39:02.617927Z", "fetched_at": "2025-07-11T15:39:34.971333+00:00", "symbol": "ETH-USD"}, {"trade_id": 665481523, "side": "buy", "size": "0.42166881", "price": "2995.02000000", "time": "2025-07-11T15:39:02.617927Z", "fetched_at": "2025-07-11T15:39:34.971333+00:00", "symbol": "ETH-USD"}, {"trade_id": 665481522, "side": "buy", "size": "0.10695328", "price": "2994.84000000", "time": "2025-07-11T15:39:02.611743Z", "fetched_at": "2025-07-11T15:39:34.971333+00:00", "symbol": "ETH-USD"}, {"trade_id": 665481521, "side": "buy", "size": "0.06000000", "price": "2994.84000000", "time": "2025-07-11T15:39:02.608088Z", "fetched_at": "2025-07-11T15:39:34.971333+00:00", "symbol": "ETH-USD"}, {"trade_id": 665481520, "side": "buy", "size": "0.83473574", "price": "2994.95000000", "time": "2025-07-11T15:39:02.607262Z", "fetched_at": "2025-07-11T15:39:34.971333+00:00", "symbol": "ETH-USD"}, {"trade_id": 665481519, "side": "buy", "size": "1.00000000", "price": "2995.03000000", "time": "2025-07-11T15:39:02.605179Z", "fetched_at": "2025-07-11T15:39:34.971333+00:00", "symbol": "ETH-USD"}, {"trade_id": 665481518, "side": "buy", "size": "1.38132780", "price": "2995.04000000", "time": "2025-07-11T15:39:02.605179Z", "fetched_at": "2025-07-11T15:39:34.971333+00:00", "symbol": "ETH-USD"}, {"trade_id": 665481517, "side": "buy", "size": "0.25628713", "price": "2995.04000000", "time": "2025-07-11T15:39:02.604235Z", "fetched_at": "2025-07-11T15:39:34.971333+00:00", "symbol": "ETH-USD"}, {"trade_id": 665481516, "side": "buy", "size": "0.00100000", "price": "2995.08000000", "time": "2025-07-11T15:39:02.604235Z", "fetched_at": "2025-07-11T15:39:34.971333+00:00", "symbol": "ETH-USD"}, {"trade_id": 665481515, "side": "buy", "size": "0.48437966", "price": "2995.08000000", "time": "2025-07-11T15:39:02.604235Z", "fetched_at": "2025-07-11T15:39:34.971333+00:00", "symbol": "ETH-USD"}, {"trade_id": 665481514, "side": "buy", "size": "0.54355568", "price": "2995.10000000", "time": "2025-07-11T15:39:02.603987Z", "fetched_at": "2025-07-11T15:39:34.971333+00:00", "symbol": "ETH-USD"}, {"trade_id": 665481513, "side": "buy", "size": "0.05338369", "price": "2995.12000000", "time": "2025-07-11T15:39:02.603987Z", "fetched_at": "2025-07-11T15:39:34.971333+00:00", "symbol": "ETH-USD"}, {"trade_id": 665481512, "side": "buy", "size": "0.00039902", "price": "2995.17000000", "time": "2025-07-11T15:39:02.603505Z", "fetched_at": "2025-07-11T15:39:34.971333+00:00", "symbol": "ETH-USD"}, {"trade_id": 665481511, "side": "buy", "size": "0.00333864", "price": "2995.24000000", "time": "2025-07-11T15:39:02.603505Z", "fetched_at": "2025-07-11T15:39:34.971333+00:00", "symbol": "ETH-USD"}, {"trade_id": 665481510, "side": "buy", "size": "0.90000000", "price": "2995.26000000", "time": "2025-07-11T15:39:02.603505Z", "fetched_at": "2025-07-11T15:39:34.971333+00:00", "symbol": "ETH-USD"}, {"trade_id": 665481509, "side": "buy", "size": "0.10433847", "price": "2995.27000000", "time": "2025-07-11T15:39:02.603505Z", "fetched_at": "2025-07-11T15:39:34.971333+00:00", "symbol": "ETH-USD"}, {"trade_id": 665481508, "side": "buy", "size": "0.04566153", "price": "2995.24000000", "time": "2025-07-11T15:39:02.580656Z", "fetched_at": "2025-07-11T15:39:34.971333+00:00", "symbol": "ETH-USD"}, {"trade_id": 665481507, "side": "buy", "size": "0.00100000", "price": "2995.30000000", "time": "2025-07-11T15:39:02.580656Z", "fetched_at": "2025-07-11T15:39:34.971333+00:00", "symbol": "ETH-USD"}, {"trade_id": 665481506, "side": "buy", "size": "0.00333847", "price": "2995.39000000", "time": "2025-07-11T15:39:02.580656Z", "fetched_at": "2025-07-11T15:39:34.971333+00:00", "symbol": "ETH-USD"}, {"trade_id": 665481505, "side": "buy", "size": "0.12000000", "price": "2995.38000000", "time": "2025-07-11T15:39:02.552065Z", "fetched_at": "2025-07-11T15:39:34.971333+00:00", "symbol": "ETH-USD"}, {"trade_id": 665481504, "side": "buy", "size": "0.61016726", "price": "2995.71000000", "time": "2025-07-11T15:39:02.521181Z", "fetched_at": "2025-07-11T15:39:34.971333+00:00", "symbol": "ETH-USD"}, {"trade_id": 665481503, "side": "buy", "size": "2.52811862", "price": "2995.71000000", "time": "2025-07-11T15:39:02.397701Z", "fetched_at": "2025-07-11T15:39:34.971333+00:00", "symbol": "ETH-USD"}, {"trade_id": 665481502, "side": "buy", "size": "0.00001669", "price": "2995.75000000", "time": "2025-07-11T15:39:02.397701Z", "fetched_at": "2025-07-11T15:39:34.971333+00:00", "symbol": "ETH-USD"}, {"trade_id": 665481501, "side": "buy", "size": "0.00110489", "price": "2995.75000000", "time": "2025-07-11T15:39:02.397701Z", "fetched_at": "2025-07-11T15:39:34.971333+00:00", "symbol": "ETH-USD"}, {"trade_id": 665481500, "side": "buy", "size": "0.00017691", "price": "2995.75000000", "time": "2025-07-11T15:39:02.397701Z", "fetched_at": "2025-07-11T15:39:34.971333+00:00", "symbol": "ETH-USD"}, {"trade_id": 665481499, "side": "sell", "size": "0.02493679", "price": "2995.94000000", "time": "2025-07-11T15:39:02.235446Z", "fetched_at": "2025-07-11T15:39:34.971333+00:00", "symbol": "ETH-USD"}, {"trade_id": 665481498, "side": "buy", "size": "0.21957975", "price": "2995.42000000", "time": "2025-07-11T15:39:01.569831Z", "fetched_at": "2025-07-11T15:39:34.971333+00:00", "symbol": "ETH-USD"}, {"trade_id": 665481497, "side": "buy", "size": "0.00035387", "price": "2995.42000000", "time": "2025-07-11T15:39:01.569831Z", "fetched_at": "2025-07-11T15:39:34.971333+00:00", "symbol": "ETH-USD"}, {"trade_id": 665481496, "side": "buy", "size": "0.15000000", "price": "2995.43000000", "time": "2025-07-11T15:39:01.569831Z", "fetched_at": "2025-07-11T15:39:34.971333+00:00", "symbol": "ETH-USD"}, {"trade_id": 665481495, "side": "buy", "size": "0.00333841", "price": "2995.44000000", "time": "2025-07-11T15:39:01.569831Z", "fetched_at": "2025-07-11T15:39:34.971333+00:00", "symbol": "ETH-USD"}, {"trade_id": 665481494, "side": "buy", "size": "0.00793820", "price": "2995.64000000", "time": "2025-07-11T15:39:01.569831Z", "fetched_at": "2025-07-11T15:39:34.971333+00:00", "symbol": "ETH-USD"}, {"trade_id": 665481493, "side": "buy", "size": "0.00220654", "price": "2995.64000000", "time": "2025-07-11T15:39:01.569831Z", "fetched_at": "2025-07-11T15:39:34.971333+00:00", "symbol": "ETH-USD"}, {"trade_id": 665481492, "side": "buy", "size": "0.00332246", "price": "2995.92000000", "time": "2025-07-11T15:39:01.083507Z", "fetched_at": "2025-07-11T15:39:34.971333+00:00", "symbol": "ETH-USD"}, {"trade_id": 665481491, "side": "buy", "size": "0.00332246", "price": "2995.92000000", "time": "2025-07-11T15:39:01.071399Z", "fetched_at": "2025-07-11T15:39:34.971333+00:00", "symbol": "ETH-USD"}, {"trade_id": 665481490, "side": "sell", "size": "0.06698192", "price": "2995.93000000", "time": "2025-07-11T15:39:00.754365Z", "fetched_at": "2025-07-11T15:39:34.971333+00:00", "symbol": "ETH-USD"}, {"trade_id": 665481489, "side": "sell", "size": "0.00333872", "price": "2995.92000000", "time": "2025-07-11T15:39:00.754365Z", "fetched_at": "2025-07-11T15:39:34.971333+00:00", "symbol": "ETH-USD"}, {"trade_id": 665481488, "side": "sell", "size": "0.00050087", "price": "2995.90000000", "time": "2025-07-11T15:39:00.754365Z", "fetched_at": "2025-07-11T15:39:34.971333+00:00", "symbol": "ETH-USD"}, {"trade_id": 665481487, "side": "sell", "size": "0.00088853", "price": "2995.83000000", "time": "2025-07-11T15:39:00.754365Z", "fetched_at": "2025-07-11T15:39:34.971333+00:00", "symbol": "ETH-USD"}, {"trade_id": 665481486, "side": "sell", "size": "0.00100000", "price": "2995.74000000", "time": "2025-07-11T15:39:00.754365Z", "fetched_at": "2025-07-11T15:39:34.971333+00:00", "symbol": "ETH-USD"}, {"trade_id": 665481485, "side": "sell", "size": "0.00100000", "price": "2995.52000000", "time": "2025-07-11T15:39:00.754365Z", "fetched_at": "2025-07-11T15:39:34.971333+00:00", "symbol": "ETH-USD"}, {"trade_id": 665481484, "side": "sell", "size": "0.00005589", "price": "2995.43000000", "time": "2025-07-11T15:39:00.754365Z", "fetched_at": "2025-07-11T15:39:34.971333+00:00", "symbol": "ETH-USD"}, {"trade_id": 665481483, "side": "sell", "size": "0.00031002", "price": "2995.43000000", "time": "2025-07-11T15:39:00.754365Z", "fetched_at": "2025-07-11T15:39:34.971333+00:00", "symbol": "ETH-USD"}, {"trade_id": 665481482, "side": "sell", "size": "0.00024002", "price": "2995.43000000", "time": "2025-07-11T15:39:00.754365Z", "fetched_at": "2025-07-11T15:39:34.971333+00:00", "symbol": "ETH-USD"}, {"trade_id": 665481481, "side": "sell", "size": "0.53372701", "price": "2995.33000000", "time": "2025-07-11T15:39:00.007279Z", "fetched_at": "2025-07-11T15:39:34.971333+00:00", "symbol": "ETH-USD"}, {"trade_id": 665481480, "side": "sell", "size": "0.00333872", "price": "2995.32000000", "time": "2025-07-11T15:39:00.007279Z", "fetched_at": "2025-07-11T15:39:34.971333+00:00", "symbol": "ETH-USD"}, {"trade_id": 665481479, "side": "sell", "size": "0.00010335", "price": "2994.92000000", "time": "2025-07-11T15:39:00.007279Z", "fetched_at": "2025-07-11T15:39:34.971333+00:00", "symbol": "ETH-USD"}, {"trade_id": 665481478, "side": "sell", "size": "0.00165197", "price": "2994.94000000", "time": "2025-07-11T15:38:59.687520Z", "fetched_at": "2025-07-11T15:39:34.971333+00:00", "symbol": "ETH-USD"}, {"trade_id": 665481477, "side": "buy", "size": "0.00333895", "price": "2994.96000000", "time": "2025-07-11T15:38:59.541715Z", "fetched_at": "2025-07-11T15:39:34.971333+00:00", "symbol": "ETH-USD"}, {"trade_id": 665481476, "side": "buy", "size": "0.47811226", "price": "2994.62000000", "time": "2025-07-11T15:38:59.504150Z", "fetched_at": "2025-07-11T15:39:34.971333+00:00", "symbol": "ETH-USD"}, {"trade_id": 665481475, "side": "buy", "size": "0.15000000", "price": "2994.63000000", "time": "2025-07-11T15:38:59.504150Z", "fetched_at": "2025-07-11T15:39:34.971333+00:00", "symbol": "ETH-USD"}, {"trade_id": 665481474, "side": "buy", "size": "0.03609631", "price": "2994.67000000", "time": "2025-07-11T15:38:59.504150Z", "fetched_at": "2025-07-11T15:39:34.971333+00:00", "symbol": "ETH-USD"}, {"trade_id": 665481473, "side": "buy", "size": "0.00333926", "price": "2994.68000000", "time": "2025-07-11T15:38:59.504150Z", "fetched_at": "2025-07-11T15:39:34.971333+00:00", "symbol": "ETH-USD"}, {"trade_id": 665481472, "side": "buy", "size": "0.03592604", "price": "2995.09000000", "time": "2025-07-11T15:38:59.499611Z", "fetched_at": "2025-07-11T15:39:34.971333+00:00", "symbol": "ETH-USD"}, {"trade_id": 665481471, "side": "sell", "size": "0.14487596", "price": "2995.08000000", "time": "2025-07-11T15:38:59.495198Z", "fetched_at": "2025-07-11T15:39:34.971333+00:00", "symbol": "ETH-USD"}, {"trade_id": 665481470, "side": "sell", "size": "0.36175000", "price": "2995.00000000", "time": "2025-07-11T15:38:59.495198Z", "fetched_at": "2025-07-11T15:39:34.971333+00:00", "symbol": "ETH-USD"}, {"trade_id": 665481469, "side": "sell", "size": "0.15000000", "price": "2994.99000000", "time": "2025-07-11T15:38:59.495198Z", "fetched_at": "2025-07-11T15:39:34.971333+00:00", "symbol": "ETH-USD"}, {"trade_id": 665481468, "side": "sell", "size": "0.43539494", "price": "2994.98000000", "time": "2025-07-11T15:38:59.495198Z", "fetched_at": "2025-07-11T15:39:34.971333+00:00", "symbol": "ETH-USD"}, {"trade_id": 665481467, "side": "sell", "size": "0.00297646", "price": "2994.99000000", "time": "2025-07-11T15:38:59.381119Z", "fetched_at": "2025-07-11T15:39:34.971333+00:00", "symbol": "ETH-USD"}, {"trade_id": 665481466, "side": "buy", "size": "0.00333883", "price": "2995.07000000", "time": "2025-07-11T15:38:59.151859Z", "fetched_at": "2025-07-11T15:39:34.971333+00:00", "symbol": "ETH-USD"}, {"trade_id": 665481465, "side": "buy", "size": "0.05679606", "price": "2995.07000000", "time": "2025-07-11T15:38:59.139894Z", "fetched_at": "2025-07-11T15:39:34.971333+00:00", "symbol": "ETH-USD"}, {"trade_id": 665481464, "side": "buy", "size": "0.06550990", "price": "2994.90000000", "time": "2025-07-11T15:38:58.815825Z", "fetched_at": "2025-07-11T15:39:34.971333+00:00", "symbol": "ETH-USD"}, {"trade_id": 665481463, "side": "buy", "size": "0.22055278", "price": "2995.02000000", "time": "2025-07-11T15:38:58.815825Z", "fetched_at": "2025-07-11T15:39:34.971333+00:00", "symbol": "ETH-USD"}, {"trade_id": 665481462, "side": "buy", "size": "0.00835383", "price": "2995.03000000", "time": "2025-07-11T15:38:58.815825Z", "fetched_at": "2025-07-11T15:39:34.971333+00:00", "symbol": "ETH-USD"}, {"trade_id": 665481461, "side": "buy", "size": "0.03281436", "price": "2995.03000000", "time": "2025-07-11T15:38:58.815825Z", "fetched_at": "2025-07-11T15:39:34.971333+00:00", "symbol": "ETH-USD"}, {"trade_id": 665481460, "side": "buy", "size": "0.00941692", "price": "2995.03000000", "time": "2025-07-11T15:38:58.815825Z", "fetched_at": "2025-07-11T15:39:34.971333+00:00", "symbol": "ETH-USD"}, {"trade_id": 665481459, "side": "buy", "size": "0.00333886", "price": "2995.04000000", "time": "2025-07-11T15:38:58.815825Z", "fetched_at": "2025-07-11T15:39:34.971333+00:00", "symbol": "ETH-USD"}, {"trade_id": 665481458, "side": "buy", "size": "0.00001335", "price": "2995.09000000", "time": "2025-07-11T15:38:58.815825Z", "fetched_at": "2025-07-11T15:39:34.971333+00:00", "symbol": "ETH-USD"}, {"trade_id": 665481457, "side": "buy", "size": "0.00333880", "price": "2995.09000000", "time": "2025-07-11T15:38:58.758317Z", "fetched_at": "2025-07-11T15:39:34.971333+00:00", "symbol": "ETH-USD"}, {"trade_id": 665481456, "side": "buy", "size": "0.05141098", "price": "2995.08000000", "time": "2025-07-11T15:38:58.727652Z", "fetched_at": "2025-07-11T15:39:34.971333+00:00", "symbol": "ETH-USD"}, {"trade_id": 665481455, "side": "buy", "size": "0.01828999", "price": "2995.08000000", "time": "2025-07-11T15:38:58.727652Z", "fetched_at": "2025-07-11T15:39:34.971333+00:00", "symbol": "ETH-USD"}, {"trade_id": 665481454, "side": "buy", "size": "0.05052201", "price": "2995.08000000", "time": "2025-07-11T15:38:58.727652Z", "fetched_at": "2025-07-11T15:39:34.971333+00:00", "symbol": "ETH-USD"}, {"trade_id": 665481453, "side": "buy", "size": "0.00333880", "price": "2995.09000000", "time": "2025-07-11T15:38:58.727652Z", "fetched_at": "2025-07-11T15:39:34.971333+00:00", "symbol": "ETH-USD"}, {"trade_id": 665481452, "side": "sell", "size": "0.00810958", "price": "2995.27000000", "time": "2025-07-11T15:38:58.651774Z", "fetched_at": "2025-07-11T15:39:34.971333+00:00", "symbol": "ETH-USD"}, {"trade_id": 665481451, "side": "sell", "size": "0.00094818", "price": "2995.27000000", "time": "2025-07-11T15:38:58.514438Z", "fetched_at": "2025-07-11T15:39:34.971333+00:00", "symbol": "ETH-USD"}, {"trade_id": 665481450, "side": "buy", "size": "0.00324950", "price": "2995.08000000", "time": "2025-07-11T15:38:58.224329Z", "fetched_at": "2025-07-11T15:39:34.971333+00:00", "symbol": "ETH-USD"}, {"trade_id": 665481449, "side": "buy", "size": "0.00333880", "price": "2995.09000000", "time": "2025-07-11T15:38:58.224329Z", "fetched_at": "2025-07-11T15:39:34.971333+00:00", "symbol": "ETH-USD"}, {"trade_id": 665481448, "side": "sell", "size": "0.08901090", "price": "2995.63000000", "time": "2025-07-11T15:38:57.844783Z", "fetched_at": "2025-07-11T15:39:34.971333+00:00", "symbol": "ETH-USD"}, {"trade_id": 665481447, "side": "sell", "size": "0.15000000", "price": "2995.62000000", "time": "2025-07-11T15:38:57.844783Z", "fetched_at": "2025-07-11T15:39:34.971333+00:00", "symbol": "ETH-USD"}, {"trade_id": 665481446, "side": "sell", "size": "0.00333873", "price": "2995.61000000", "time": "2025-07-11T15:38:57.844783Z", "fetched_at": "2025-07-11T15:39:34.971333+00:00", "symbol": "ETH-USD"}, {"trade_id": 665481445, "side": "sell", "size": "0.00024001", "price": "2995.44000000", "time": "2025-07-11T15:38:57.844783Z", "fetched_at": "2025-07-11T15:39:34.971333+00:00", "symbol": "ETH-USD"}, {"trade_id": 665481444, "side": "sell", "size": "0.00010334", "price": "2995.44000000", "time": "2025-07-11T15:38:57.844783Z", "fetched_at": "2025-07-11T15:39:34.971333+00:00", "symbol": "ETH-USD"}, {"trade_id": 665481443, "side": "sell", "size": "0.00005589", "price": "2995.43000000", "time": "2025-07-11T15:38:57.844783Z", "fetched_at": "2025-07-11T15:39:34.971333+00:00", "symbol": "ETH-USD"}, {"trade_id": 665481442, "side": "sell", "size": "0.00031003", "price": "2995.43000000", "time": "2025-07-11T15:38:57.844783Z", "fetched_at": "2025-07-11T15:39:34.971333+00:00", "symbol": "ETH-USD"}, {"trade_id": 665481441, "side": "sell", "size": "0.08121066", "price": "2995.40000000", "time": "2025-07-11T15:38:57.844783Z", "fetched_at": "2025-07-11T15:39:34.971333+00:00", "symbol": "ETH-USD"}, {"trade_id": 665481440, "side": "buy", "size": "0.26634152", "price": "2995.09000000", "time": "2025-07-11T15:38:57.463736Z", "fetched_at": "2025-07-11T15:39:34.971333+00:00", "symbol": "ETH-USD"}, {"trade_id": 665481439, "side": "buy", "size": "0.00333879", "price": "2995.10000000", "time": "2025-07-11T15:38:57.463736Z", "fetched_at": "2025-07-11T15:39:34.971333+00:00", "symbol": "ETH-USD"}, {"trade_id": 665481438, "side": "buy", "size": "0.00229581", "price": "2995.03000000", "time": "2025-07-11T15:38:57.174551Z", "fetched_at": "2025-07-11T15:39:34.971333+00:00", "symbol": "ETH-USD"}, {"trade_id": 665481437, "side": "buy", "size": "0.00333886", "price": "2995.04000000", "time": "2025-07-11T15:38:57.174551Z", "fetched_at": "2025-07-11T15:39:34.971333+00:00", "symbol": "ETH-USD"}, {"trade_id": 665481436, "side": "buy", "size": "0.00100000", "price": "2995.03000000", "time": "2025-07-11T15:38:56.589896Z", "fetched_at": "2025-07-11T15:39:34.971333+00:00", "symbol": "ETH-USD"}, {"trade_id": 665481435, "side": "buy", "size": "0.00333872", "price": "2995.16000000", "time": "2025-07-11T15:38:56.171553Z", "fetched_at": "2025-07-11T15:39:34.971333+00:00", "symbol": "ETH-USD"}, {"trade_id": 665481434, "side": "buy", "size": "0.04806228", "price": "2995.15000000", "time": "2025-07-11T15:38:55.914726Z", "fetched_at": "2025-07-11T15:39:34.971333+00:00", "symbol": "ETH-USD"}, {"trade_id": 665481433, "side": "buy", "size": "0.00333872", "price": "2995.16000000", "time": "2025-07-11T15:38:55.914726Z", "fetched_at": "2025-07-11T15:39:34.971333+00:00", "symbol": "ETH-USD"}, {"trade_id": 665481432, "side": "buy", "size": "0.02693045", "price": "2994.59000000", "time": "2025-07-11T15:38:55.684829Z", "fetched_at": "2025-07-11T15:39:34.971333+00:00", "symbol": "ETH-USD"}, {"trade_id": 665481431, "side": "buy", "size": "0.88378431", "price": "2994.60000000", "time": "2025-07-11T15:38:55.684829Z", "fetched_at": "2025-07-11T15:39:34.971333+00:00", "symbol": "ETH-USD"}, {"trade_id": 665481430, "side": "buy", "size": "0.00100000", "price": "2994.64000000", "time": "2025-07-11T15:38:55.684829Z", "fetched_at": "2025-07-11T15:39:34.971333+00:00", "symbol": "ETH-USD"}, {"trade_id": 665481429, "side": "buy", "size": "1.00000000", "price": "2994.70000000", "time": "2025-07-11T15:38:55.684829Z", "fetched_at": "2025-07-11T15:39:34.971333+00:00", "symbol": "ETH-USD"}, {"trade_id": 665481428, "side": "buy", "size": "0.00050056", "price": "2994.71000000", "time": "2025-07-11T15:38:55.684829Z", "fetched_at": "2025-07-11T15:39:34.971333+00:00", "symbol": "ETH-USD"}, {"trade_id": 665481427, "side": "buy", "size": "0.63832241", "price": "2994.72000000", "time": "2025-07-11T15:38:55.684829Z", "fetched_at": "2025-07-11T15:39:34.971333+00:00", "symbol": "ETH-USD"}, {"trade_id": 665481426, "side": "buy", "size": "0.55201328", "price": "2994.75000000", "time": "2025-07-11T15:38:55.684829Z", "fetched_at": "2025-07-11T15:39:34.971333+00:00", "symbol": "ETH-USD"}, {"trade_id": 665481425, "side": "buy", "size": "0.38389378", "price": "2994.75000000", "time": "2025-07-11T15:38:55.684829Z", "fetched_at": "2025-07-11T15:39:34.971333+00:00", "symbol": "ETH-USD"}, {"trade_id": 665481424, "side": "buy", "size": "0.16695787", "price": "2994.76000000", "time": "2025-07-11T15:38:55.684829Z", "fetched_at": "2025-07-11T15:39:34.971333+00:00", "symbol": "ETH-USD"}, {"trade_id": 665481423, "side": "buy", "size": "0.39091849", "price": "2994.84000000", "time": "2025-07-11T15:38:55.684829Z", "fetched_at": "2025-07-11T15:39:34.971333+00:00", "symbol": "ETH-USD"}, {"trade_id": 665481422, "side": "buy", "size": "0.42472582", "price": "2994.85000000", "time": "2025-07-11T15:38:55.684829Z", "fetched_at": "2025-07-11T15:39:34.971333+00:00", "symbol": "ETH-USD"}, {"trade_id": 665481421, "side": "buy", "size": "0.07588178", "price": "2994.87000000", "time": "2025-07-11T15:38:55.684829Z", "fetched_at": "2025-07-11T15:39:34.971333+00:00", "symbol": "ETH-USD"}, {"trade_id": 665481420, "side": "buy", "size": "0.00270779", "price": "2995.06000000", "time": "2025-07-11T15:38:55.684829Z", "fetched_at": "2025-07-11T15:39:34.971333+00:00", "symbol": "ETH-USD"}, {"trade_id": 665481419, "side": "buy", "size": "0.01240363", "price": "2995.09000000", "time": "2025-07-11T15:38:55.684829Z", "fetched_at": "2025-07-11T15:39:34.971333+00:00", "symbol": "ETH-USD"}, {"trade_id": 665481418, "side": "buy", "size": "0.03282372", "price": "2995.09000000", "time": "2025-07-11T15:38:55.684829Z", "fetched_at": "2025-07-11T15:39:34.971333+00:00", "symbol": "ETH-USD"}, {"trade_id": 665481417, "side": "buy", "size": "0.00139561", "price": "2995.09000000", "time": "2025-07-11T15:38:55.684829Z", "fetched_at": "2025-07-11T15:39:34.971333+00:00", "symbol": "ETH-USD"}, {"trade_id": 665481416, "side": "buy", "size": "0.00333878", "price": "2995.11000000", "time": "2025-07-11T15:38:55.684829Z", "fetched_at": "2025-07-11T15:39:34.971333+00:00", "symbol": "ETH-USD"}, {"trade_id": 665481415, "side": "buy", "size": "0.51300000", "price": "2995.12000000", "time": "2025-07-11T15:38:55.684829Z", "fetched_at": "2025-07-11T15:39:34.971333+00:00", "symbol": "ETH-USD"}