[{"trade_id": 665562949, "side": "buy", "size": "6.41794000", "price": "2980.00000000", "time": "2025-07-11T17:39:30.678227Z", "fetched_at": "2025-07-11T17:39:34.166335+00:00", "symbol": "ETH-USD"}, {"trade_id": 665562948, "side": "buy", "size": "0.84995594", "price": "2980.14000000", "time": "2025-07-11T17:39:30.530011Z", "fetched_at": "2025-07-11T17:39:34.166335+00:00", "symbol": "ETH-USD"}, {"trade_id": 665562947, "side": "buy", "size": "0.01834452", "price": "2980.18000000", "time": "2025-07-11T17:39:30.530011Z", "fetched_at": "2025-07-11T17:39:34.166335+00:00", "symbol": "ETH-USD"}, {"trade_id": 665562946, "side": "buy", "size": "0.05275615", "price": "2980.29000000", "time": "2025-07-11T17:39:28.975393Z", "fetched_at": "2025-07-11T17:39:34.166335+00:00", "symbol": "ETH-USD"}, {"trade_id": 665562945, "side": "buy", "size": "1.87208204", "price": "2980.01000000", "time": "2025-07-11T17:39:28.093666Z", "fetched_at": "2025-07-11T17:39:34.166335+00:00", "symbol": "ETH-USD"}, {"trade_id": 665562944, "side": "buy", "size": "0.08332615", "price": "2980.02000000", "time": "2025-07-11T17:39:28.093666Z", "fetched_at": "2025-07-11T17:39:34.166335+00:00", "symbol": "ETH-USD"}, {"trade_id": 665562943, "side": "buy", "size": "0.01614034", "price": "2980.11000000", "time": "2025-07-11T17:39:28.093666Z", "fetched_at": "2025-07-11T17:39:34.166335+00:00", "symbol": "ETH-USD"}, {"trade_id": 665562942, "side": "buy", "size": "0.01620745", "price": "2980.11000000", "time": "2025-07-11T17:39:28.093666Z", "fetched_at": "2025-07-11T17:39:34.166335+00:00", "symbol": "ETH-USD"}, {"trade_id": 665562941, "side": "buy", "size": "0.06331402", "price": "2980.12000000", "time": "2025-07-11T17:39:28.093666Z", "fetched_at": "2025-07-11T17:39:34.166335+00:00", "symbol": "ETH-USD"}, {"trade_id": 665562940, "side": "buy", "size": "0.12893000", "price": "2980.30000000", "time": "2025-07-11T17:39:28.093666Z", "fetched_at": "2025-07-11T17:39:34.166335+00:00", "symbol": "ETH-USD"}, {"trade_id": 665562939, "side": "sell", "size": "0.01100636", "price": "2980.31000000", "time": "2025-07-11T17:39:27.968586Z", "fetched_at": "2025-07-11T17:39:34.166335+00:00", "symbol": "ETH-USD"}, {"trade_id": 665562938, "side": "sell", "size": "0.00173396", "price": "2980.12000000", "time": "2025-07-11T17:39:27.968586Z", "fetched_at": "2025-07-11T17:39:34.166335+00:00", "symbol": "ETH-USD"}, {"trade_id": 665562937, "side": "sell", "size": "0.00055136", "price": "2980.12000000", "time": "2025-07-11T17:39:27.968586Z", "fetched_at": "2025-07-11T17:39:34.166335+00:00", "symbol": "ETH-USD"}, {"trade_id": 665562936, "side": "sell", "size": "0.00044864", "price": "2980.12000000", "time": "2025-07-11T17:39:27.224793Z", "fetched_at": "2025-07-11T17:39:34.166335+00:00", "symbol": "ETH-USD"}, {"trade_id": 665562935, "side": "buy", "size": "0.07014881", "price": "2980.11000000", "time": "2025-07-11T17:39:26.829350Z", "fetched_at": "2025-07-11T17:39:34.166335+00:00", "symbol": "ETH-USD"}, {"trade_id": 665562934, "side": "sell", "size": "0.00030998", "price": "2979.90000000", "time": "2025-07-11T17:39:26.583504Z", "fetched_at": "2025-07-11T17:39:34.166335+00:00", "symbol": "ETH-USD"}, {"trade_id": 665562933, "side": "sell", "size": "0.00005589", "price": "2979.90000000", "time": "2025-07-11T17:39:26.583504Z", "fetched_at": "2025-07-11T17:39:34.166335+00:00", "symbol": "ETH-USD"}, {"trade_id": 665562932, "side": "sell", "size": "0.00024003", "price": "2979.90000000", "time": "2025-07-11T17:39:26.583504Z", "fetched_at": "2025-07-11T17:39:34.166335+00:00", "symbol": "ETH-USD"}, {"trade_id": 665562931, "side": "sell", "size": "0.00143874", "price": "2979.90000000", "time": "2025-07-11T17:39:26.583504Z", "fetched_at": "2025-07-11T17:39:34.166335+00:00", "symbol": "ETH-USD"}, {"trade_id": 665562930, "side": "sell", "size": "0.37093061", "price": "2979.90000000", "time": "2025-07-11T17:39:26.583504Z", "fetched_at": "2025-07-11T17:39:34.166335+00:00", "symbol": "ETH-USD"}, {"trade_id": 665562929, "side": "sell", "size": "0.00100000", "price": "2979.90000000", "time": "2025-07-11T17:39:26.583504Z", "fetched_at": "2025-07-11T17:39:34.166335+00:00", "symbol": "ETH-USD"}, {"trade_id": 665562928, "side": "sell", "size": "0.00091611", "price": "2979.90000000", "time": "2025-07-11T17:39:26.583504Z", "fetched_at": "2025-07-11T17:39:34.166335+00:00", "symbol": "ETH-USD"}, {"trade_id": 665562927, "side": "sell", "size": "0.00010335", "price": "2979.68000000", "time": "2025-07-11T17:39:25.446585Z", "fetched_at": "2025-07-11T17:39:34.166335+00:00", "symbol": "ETH-USD"}, {"trade_id": 665562926, "side": "sell", "size": "0.00169086", "price": "2979.68000000", "time": "2025-07-11T17:39:25.446585Z", "fetched_at": "2025-07-11T17:39:34.166335+00:00", "symbol": "ETH-USD"}, {"trade_id": 665562925, "side": "sell", "size": "0.11698700", "price": "2979.68000000", "time": "2025-07-11T17:39:25.446585Z", "fetched_at": "2025-07-11T17:39:34.166335+00:00", "symbol": "ETH-USD"}, {"trade_id": 665562924, "side": "sell", "size": "0.01251317", "price": "2979.68000000", "time": "2025-07-11T17:39:25.252082Z", "fetched_at": "2025-07-11T17:39:34.166335+00:00", "symbol": "ETH-USD"}, {"trade_id": 665562923, "side": "sell", "size": "0.00100000", "price": "2979.68000000", "time": "2025-07-11T17:39:25.252082Z", "fetched_at": "2025-07-11T17:39:34.166335+00:00", "symbol": "ETH-USD"}, {"trade_id": 665562922, "side": "buy", "size": "4.52709633", "price": "2979.56000000", "time": "2025-07-11T17:39:23.833893Z", "fetched_at": "2025-07-11T17:39:34.166335+00:00", "symbol": "ETH-USD"}, {"trade_id": 665562921, "side": "buy", "size": "0.15000000", "price": "2979.67000000", "time": "2025-07-11T17:39:23.833893Z", "fetched_at": "2025-07-11T17:39:34.166335+00:00", "symbol": "ETH-USD"}, {"trade_id": 665562920, "side": "buy", "size": "0.12893000", "price": "2979.67000000", "time": "2025-07-11T17:39:23.833893Z", "fetched_at": "2025-07-11T17:39:34.166335+00:00", "symbol": "ETH-USD"}, {"trade_id": 665562919, "side": "sell", "size": "0.00175680", "price": "2979.12000000", "time": "2025-07-11T17:39:22.513174Z", "fetched_at": "2025-07-11T17:39:34.166335+00:00", "symbol": "ETH-USD"}, {"trade_id": 665562918, "side": "sell", "size": "0.00559402", "price": "2979.48000000", "time": "2025-07-11T17:39:22.327465Z", "fetched_at": "2025-07-11T17:39:34.166335+00:00", "symbol": "ETH-USD"}, {"trade_id": 665562917, "side": "sell", "size": "0.00300157", "price": "2979.12000000", "time": "2025-07-11T17:39:22.327465Z", "fetched_at": "2025-07-11T17:39:34.166335+00:00", "symbol": "ETH-USD"}, {"trade_id": 665562916, "side": "sell", "size": "0.09493641", "price": "2979.48000000", "time": "2025-07-11T17:39:22.164485Z", "fetched_at": "2025-07-11T17:39:34.166335+00:00", "symbol": "ETH-USD"}, {"trade_id": 665562915, "side": "sell", "size": "0.00258941", "price": "2979.47000000", "time": "2025-07-11T17:39:22.164485Z", "fetched_at": "2025-07-11T17:39:34.166335+00:00", "symbol": "ETH-USD"}, {"trade_id": 665562914, "side": "sell", "size": "0.00031002", "price": "2979.03000000", "time": "2025-07-11T17:39:22.164485Z", "fetched_at": "2025-07-11T17:39:34.166335+00:00", "symbol": "ETH-USD"}, {"trade_id": 665562913, "side": "sell", "size": "0.00004815", "price": "2979.03000000", "time": "2025-07-11T17:39:22.164485Z", "fetched_at": "2025-07-11T17:39:34.166335+00:00", "symbol": "ETH-USD"}, {"trade_id": 665562912, "side": "sell", "size": "0.00000774", "price": "2979.03000000", "time": "2025-07-11T17:39:21.640155Z", "fetched_at": "2025-07-11T17:39:34.166335+00:00", "symbol": "ETH-USD"}, {"trade_id": 665562911, "side": "sell", "size": "0.00024003", "price": "2979.03000000", "time": "2025-07-11T17:39:21.640155Z", "fetched_at": "2025-07-11T17:39:34.166335+00:00", "symbol": "ETH-USD"}, {"trade_id": 665562910, "side": "sell", "size": "0.00307613", "price": "2979.03000000", "time": "2025-07-11T17:39:21.640155Z", "fetched_at": "2025-07-11T17:39:34.166335+00:00", "symbol": "ETH-USD"}, {"trade_id": 665562909, "side": "sell", "size": "0.02445632", "price": "2979.43000000", "time": "2025-07-11T17:39:20.446049Z", "fetched_at": "2025-07-11T17:39:34.166335+00:00", "symbol": "ETH-USD"}, {"trade_id": 665562908, "side": "sell", "size": "0.24715160", "price": "2979.42000000", "time": "2025-07-11T17:39:20.446049Z", "fetched_at": "2025-07-11T17:39:34.166335+00:00", "symbol": "ETH-USD"}, {"trade_id": 665562907, "side": "sell", "size": "0.06491746", "price": "2979.41000000", "time": "2025-07-11T17:39:20.446049Z", "fetched_at": "2025-07-11T17:39:34.166335+00:00", "symbol": "ETH-USD"}, {"trade_id": 665562906, "side": "sell", "size": "0.30899621", "price": "2979.39000000", "time": "2025-07-11T17:39:20.446049Z", "fetched_at": "2025-07-11T17:39:34.166335+00:00", "symbol": "ETH-USD"}, {"trade_id": 665562905, "side": "sell", "size": "1.07054219", "price": "2979.32000000", "time": "2025-07-11T17:39:20.446049Z", "fetched_at": "2025-07-11T17:39:34.166335+00:00", "symbol": "ETH-USD"}, {"trade_id": 665562904, "side": "sell", "size": "0.17822635", "price": "2979.25000000", "time": "2025-07-11T17:39:20.446049Z", "fetched_at": "2025-07-11T17:39:34.166335+00:00", "symbol": "ETH-USD"}, {"trade_id": 665562903, "side": "sell", "size": "0.15000000", "price": "2979.24000000", "time": "2025-07-11T17:39:20.446049Z", "fetched_at": "2025-07-11T17:39:34.166335+00:00", "symbol": "ETH-USD"}, {"trade_id": 665562902, "side": "sell", "size": "0.16783037", "price": "2979.20000000", "time": "2025-07-11T17:39:20.446049Z", "fetched_at": "2025-07-11T17:39:34.166335+00:00", "symbol": "ETH-USD"}, {"trade_id": 665562901, "side": "sell", "size": "0.39363606", "price": "2979.19000000", "time": "2025-07-11T17:39:20.446049Z", "fetched_at": "2025-07-11T17:39:34.166335+00:00", "symbol": "ETH-USD"}, {"trade_id": 665562900, "side": "sell", "size": "0.00016491", "price": "2979.03000000", "time": "2025-07-11T17:39:20.446049Z", "fetched_at": "2025-07-11T17:39:34.166335+00:00", "symbol": "ETH-USD"}, {"trade_id": 665562899, "side": "sell", "size": "0.00307613", "price": "2979.03000000", "time": "2025-07-11T17:39:20.446049Z", "fetched_at": "2025-07-11T17:39:34.166335+00:00", "symbol": "ETH-USD"}, {"trade_id": 665562898, "side": "buy", "size": "0.00060936", "price": "2979.02000000", "time": "2025-07-11T17:39:20.028971Z", "fetched_at": "2025-07-11T17:39:34.166335+00:00", "symbol": "ETH-USD"}, {"trade_id": 665562897, "side": "buy", "size": "0.00100000", "price": "2979.24000000", "time": "2025-07-11T17:39:19.863188Z", "fetched_at": "2025-07-11T17:39:34.166335+00:00", "symbol": "ETH-USD"}, {"trade_id": 665562896, "side": "buy", "size": "0.02048323", "price": "2979.51000000", "time": "2025-07-11T17:39:19.847708Z", "fetched_at": "2025-07-11T17:39:34.166335+00:00", "symbol": "ETH-USD"}, {"trade_id": 665562895, "side": "buy", "size": "0.00088941", "price": "2979.51000000", "time": "2025-07-11T17:39:19.847708Z", "fetched_at": "2025-07-11T17:39:34.166335+00:00", "symbol": "ETH-USD"}, {"trade_id": 665562894, "side": "sell", "size": "0.16621784", "price": "2979.52000000", "time": "2025-07-11T17:39:18.662451Z", "fetched_at": "2025-07-11T17:39:34.166335+00:00", "symbol": "ETH-USD"}, {"trade_id": 665562893, "side": "sell", "size": "0.00166091", "price": "2979.52000000", "time": "2025-07-11T17:39:18.656343Z", "fetched_at": "2025-07-11T17:39:34.166335+00:00", "symbol": "ETH-USD"}, {"trade_id": 665562892, "side": "buy", "size": "2.81927313", "price": "2979.58000000", "time": "2025-07-11T17:39:17.970345Z", "fetched_at": "2025-07-11T17:39:34.166335+00:00", "symbol": "ETH-USD"}, {"trade_id": 665562891, "side": "buy", "size": "0.00314076", "price": "2979.68000000", "time": "2025-07-11T17:39:17.959841Z", "fetched_at": "2025-07-11T17:39:34.166335+00:00", "symbol": "ETH-USD"}, {"trade_id": 665562890, "side": "buy", "size": "1.55291180", "price": "2979.78000000", "time": "2025-07-11T17:39:17.735669Z", "fetched_at": "2025-07-11T17:39:34.166335+00:00", "symbol": "ETH-USD"}, {"trade_id": 665562889, "side": "buy", "size": "0.15000000", "price": "2979.78000000", "time": "2025-07-11T17:39:17.735669Z", "fetched_at": "2025-07-11T17:39:34.166335+00:00", "symbol": "ETH-USD"}, {"trade_id": 665562888, "side": "buy", "size": "0.43708820", "price": "2979.78000000", "time": "2025-07-11T17:39:17.735669Z", "fetched_at": "2025-07-11T17:39:34.166335+00:00", "symbol": "ETH-USD"}, {"trade_id": 665562887, "side": "sell", "size": "0.00008389", "price": "2979.90000000", "time": "2025-07-11T17:39:17.030350Z", "fetched_at": "2025-07-11T17:39:34.166335+00:00", "symbol": "ETH-USD"}, {"trade_id": 665562886, "side": "sell", "size": "0.00305614", "price": "2979.70000000", "time": "2025-07-11T17:39:16.912037Z", "fetched_at": "2025-07-11T17:39:34.166335+00:00", "symbol": "ETH-USD"}, {"trade_id": 665562885, "side": "sell", "size": "0.15509464", "price": "2979.81000000", "time": "2025-07-11T17:39:16.732134Z", "fetched_at": "2025-07-11T17:39:34.166335+00:00", "symbol": "ETH-USD"}, {"trade_id": 665562884, "side": "sell", "size": "0.00315534", "price": "2979.68000000", "time": "2025-07-11T17:39:16.732134Z", "fetched_at": "2025-07-11T17:39:34.166335+00:00", "symbol": "ETH-USD"}, {"trade_id": 665562883, "side": "sell", "size": "0.00100000", "price": "2979.68000000", "time": "2025-07-11T17:39:16.732134Z", "fetched_at": "2025-07-11T17:39:34.166335+00:00", "symbol": "ETH-USD"}, {"trade_id": 665562882, "side": "sell", "size": "0.43772000", "price": "2979.64000000", "time": "2025-07-11T17:39:16.681025Z", "fetched_at": "2025-07-11T17:39:34.166335+00:00", "symbol": "ETH-USD"}, {"trade_id": 665562881, "side": "sell", "size": "0.51300000", "price": "2979.67000000", "time": "2025-07-11T17:39:16.665025Z", "fetched_at": "2025-07-11T17:39:34.166335+00:00", "symbol": "ETH-USD"}, {"trade_id": 665562880, "side": "sell", "size": "0.12983491", "price": "2979.64000000", "time": "2025-07-11T17:39:16.665025Z", "fetched_at": "2025-07-11T17:39:34.166335+00:00", "symbol": "ETH-USD"}, {"trade_id": 665562879, "side": "sell", "size": "0.00100000", "price": "2979.46000000", "time": "2025-07-11T17:39:16.665025Z", "fetched_at": "2025-07-11T17:39:34.166335+00:00", "symbol": "ETH-USD"}, {"trade_id": 665562878, "side": "sell", "size": "0.10111576", "price": "2979.37000000", "time": "2025-07-11T17:39:16.665025Z", "fetched_at": "2025-07-11T17:39:34.166335+00:00", "symbol": "ETH-USD"}, {"trade_id": 665562877, "side": "sell", "size": "0.01686000", "price": "2979.37000000", "time": "2025-07-11T17:39:16.664371Z", "fetched_at": "2025-07-11T17:39:34.166335+00:00", "symbol": "ETH-USD"}, {"trade_id": 665562876, "side": "sell", "size": "0.01309875", "price": "2979.37000000", "time": "2025-07-11T17:39:16.664169Z", "fetched_at": "2025-07-11T17:39:34.166335+00:00", "symbol": "ETH-USD"}, {"trade_id": 665562875, "side": "sell", "size": "0.00024001", "price": "2979.29000000", "time": "2025-07-11T17:39:16.664169Z", "fetched_at": "2025-07-11T17:39:34.166335+00:00", "symbol": "ETH-USD"}, {"trade_id": 665562874, "side": "sell", "size": "0.00315535", "price": "2979.17000000", "time": "2025-07-11T17:39:16.664169Z", "fetched_at": "2025-07-11T17:39:34.166335+00:00", "symbol": "ETH-USD"}, {"trade_id": 665562873, "side": "sell", "size": "0.00031000", "price": "2979.17000000", "time": "2025-07-11T17:39:16.664169Z", "fetched_at": "2025-07-11T17:39:34.166335+00:00", "symbol": "ETH-USD"}, {"trade_id": 665562872, "side": "sell", "size": "0.00005589", "price": "2979.17000000", "time": "2025-07-11T17:39:16.664169Z", "fetched_at": "2025-07-11T17:39:34.166335+00:00", "symbol": "ETH-USD"}, {"trade_id": 665562871, "side": "buy", "size": "0.07894834", "price": "2979.14000000", "time": "2025-07-11T17:39:16.038518Z", "fetched_at": "2025-07-11T17:39:34.166335+00:00", "symbol": "ETH-USD"}, {"trade_id": 665562870, "side": "buy", "size": "0.16803673", "price": "2979.02000000", "time": "2025-07-11T17:39:16.007856Z", "fetched_at": "2025-07-11T17:39:34.166335+00:00", "symbol": "ETH-USD"}, {"trade_id": 665562869, "side": "buy", "size": "0.00196327", "price": "2979.03000000", "time": "2025-07-11T17:39:16.007856Z", "fetched_at": "2025-07-11T17:39:34.166335+00:00", "symbol": "ETH-USD"}, {"trade_id": 665562868, "side": "sell", "size": "0.02973451", "price": "2979.37000000", "time": "2025-07-11T17:39:15.500532Z", "fetched_at": "2025-07-11T17:39:34.166335+00:00", "symbol": "ETH-USD"}, {"trade_id": 665562867, "side": "sell", "size": "0.00026549", "price": "2979.37000000", "time": "2025-07-11T17:39:15.500532Z", "fetched_at": "2025-07-11T17:39:34.166335+00:00", "symbol": "ETH-USD"}, {"trade_id": 665562866, "side": "sell", "size": "0.00034810", "price": "2979.27000000", "time": "2025-07-11T17:39:14.694406Z", "fetched_at": "2025-07-11T17:39:34.166335+00:00", "symbol": "ETH-USD"}, {"trade_id": 665562865, "side": "sell", "size": "0.00006246", "price": "2979.27000000", "time": "2025-07-11T17:39:14.694406Z", "fetched_at": "2025-07-11T17:39:34.166335+00:00", "symbol": "ETH-USD"}, {"trade_id": 665562864, "side": "sell", "size": "0.00394333", "price": "2979.24000000", "time": "2025-07-11T17:39:14.694406Z", "fetched_at": "2025-07-11T17:39:34.166335+00:00", "symbol": "ETH-USD"}, {"trade_id": 665562863, "side": "sell", "size": "0.08390519", "price": "2979.24000000", "time": "2025-07-11T17:39:14.694406Z", "fetched_at": "2025-07-11T17:39:34.166335+00:00", "symbol": "ETH-USD"}, {"trade_id": 665562862, "side": "sell", "size": "0.00100000", "price": "2979.24000000", "time": "2025-07-11T17:39:14.694406Z", "fetched_at": "2025-07-11T17:39:34.166335+00:00", "symbol": "ETH-USD"}, {"trade_id": 665562861, "side": "buy", "size": "0.01060781", "price": "2979.23000000", "time": "2025-07-11T17:39:14.537890Z", "fetched_at": "2025-07-11T17:39:34.166335+00:00", "symbol": "ETH-USD"}, {"trade_id": 665562860, "side": "sell", "size": "0.00394333", "price": "2978.86000000", "time": "2025-07-11T17:39:14.510416Z", "fetched_at": "2025-07-11T17:39:34.166335+00:00", "symbol": "ETH-USD"}, {"trade_id": 665562859, "side": "buy", "size": "1.53654032", "price": "2978.85000000", "time": "2025-07-11T17:39:14.226116Z", "fetched_at": "2025-07-11T17:39:34.166335+00:00", "symbol": "ETH-USD"}, {"trade_id": 665562858, "side": "buy", "size": "0.12893000", "price": "2979.12000000", "time": "2025-07-11T17:39:14.226116Z", "fetched_at": "2025-07-11T17:39:34.166335+00:00", "symbol": "ETH-USD"}, {"trade_id": 665562857, "side": "sell", "size": "0.07548017", "price": "2978.90000000", "time": "2025-07-11T17:39:13.198068Z", "fetched_at": "2025-07-11T17:39:34.166335+00:00", "symbol": "ETH-USD"}, {"trade_id": 665562856, "side": "sell", "size": "0.00014512", "price": "2978.84000000", "time": "2025-07-11T17:39:13.198068Z", "fetched_at": "2025-07-11T17:39:34.166335+00:00", "symbol": "ETH-USD"}, {"trade_id": 665562855, "side": "sell", "size": "0.00394332", "price": "2978.64000000", "time": "2025-07-11T17:39:13.198068Z", "fetched_at": "2025-07-11T17:39:34.166335+00:00", "symbol": "ETH-USD"}, {"trade_id": 665562854, "side": "buy", "size": "0.00212333", "price": "2978.63000000", "time": "2025-07-11T17:39:13.074209Z", "fetched_at": "2025-07-11T17:39:34.166335+00:00", "symbol": "ETH-USD"}, {"trade_id": 665562853, "side": "buy", "size": "0.04161644", "price": "2978.63000000", "time": "2025-07-11T17:39:13.074209Z", "fetched_at": "2025-07-11T17:39:34.166335+00:00", "symbol": "ETH-USD"}, {"trade_id": 665562852, "side": "buy", "size": "0.02406139", "price": "2978.63000000", "time": "2025-07-11T17:39:13.074209Z", "fetched_at": "2025-07-11T17:39:34.166335+00:00", "symbol": "ETH-USD"}, {"trade_id": 665562851, "side": "sell", "size": "0.00024523", "price": "2978.84000000", "time": "2025-07-11T17:39:11.726679Z", "fetched_at": "2025-07-11T17:39:34.166335+00:00", "symbol": "ETH-USD"}, {"trade_id": 665562850, "side": "buy", "size": "0.00356393", "price": "2978.89000000", "time": "2025-07-11T17:39:11.592156Z", "fetched_at": "2025-07-11T17:39:34.166335+00:00", "symbol": "ETH-USD"}, {"trade_id": 665562849, "side": "buy", "size": "0.00356352", "price": "2979.23000000", "time": "2025-07-11T17:39:11.448614Z", "fetched_at": "2025-07-11T17:39:34.166335+00:00", "symbol": "ETH-USD"}, {"trade_id": 665562848, "side": "sell", "size": "0.01561074", "price": "2979.24000000", "time": "2025-07-11T17:39:11.224306Z", "fetched_at": "2025-07-11T17:39:34.166335+00:00", "symbol": "ETH-USD"}, {"trade_id": 665562847, "side": "buy", "size": "0.00332821", "price": "2978.96000000", "time": "2025-07-11T17:39:11.203084Z", "fetched_at": "2025-07-11T17:39:34.166335+00:00", "symbol": "ETH-USD"}, {"trade_id": 665562846, "side": "buy", "size": "0.00356349", "price": "2979.26000000", "time": "2025-07-11T17:39:11.203084Z", "fetched_at": "2025-07-11T17:39:34.166335+00:00", "symbol": "ETH-USD"}, {"trade_id": 665562845, "side": "sell", "size": "0.00571155", "price": "2979.27000000", "time": "2025-07-11T17:39:11.012419Z", "fetched_at": "2025-07-11T17:39:34.166335+00:00", "symbol": "ETH-USD"}, {"trade_id": 665562844, "side": "buy", "size": "0.00386039", "price": "2979.36000000", "time": "2025-07-11T17:39:10.971669Z", "fetched_at": "2025-07-11T17:39:34.166335+00:00", "symbol": "ETH-USD"}, {"trade_id": 665562843, "side": "buy", "size": "0.00392401", "price": "2979.50000000", "time": "2025-07-11T17:39:10.661514Z", "fetched_at": "2025-07-11T17:39:34.166335+00:00", "symbol": "ETH-USD"}, {"trade_id": 665562842, "side": "buy", "size": "0.01661352", "price": "2979.50000000", "time": "2025-07-11T17:39:10.661514Z", "fetched_at": "2025-07-11T17:39:34.166335+00:00", "symbol": "ETH-USD"}, {"trade_id": 665562841, "side": "buy", "size": "0.04693404", "price": "2979.50000000", "time": "2025-07-11T17:39:10.661514Z", "fetched_at": "2025-07-11T17:39:34.166335+00:00", "symbol": "ETH-USD"}, {"trade_id": 665562840, "side": "buy", "size": "0.06240644", "price": "2979.50000000", "time": "2025-07-11T17:39:10.661514Z", "fetched_at": "2025-07-11T17:39:34.166335+00:00", "symbol": "ETH-USD"}, {"trade_id": 665562839, "side": "buy", "size": "0.73117380", "price": "2979.40000000", "time": "2025-07-11T17:39:10.196208Z", "fetched_at": "2025-07-11T17:39:34.166335+00:00", "symbol": "ETH-USD"}, {"trade_id": 665562838, "side": "buy", "size": "9.26882620", "price": "2979.40000000", "time": "2025-07-11T17:39:10.195964Z", "fetched_at": "2025-07-11T17:39:34.166335+00:00", "symbol": "ETH-USD"}, {"trade_id": 665562837, "side": "buy", "size": "0.00394240", "price": "2979.54000000", "time": "2025-07-11T17:39:10.195964Z", "fetched_at": "2025-07-11T17:39:34.166335+00:00", "symbol": "ETH-USD"}, {"trade_id": 665562836, "side": "buy", "size": "0.00394223", "price": "2979.67000000", "time": "2025-07-11T17:39:09.789436Z", "fetched_at": "2025-07-11T17:39:34.166335+00:00", "symbol": "ETH-USD"}, {"trade_id": 665562835, "side": "buy", "size": "0.00394288", "price": "2979.18000000", "time": "2025-07-11T17:39:09.536222Z", "fetched_at": "2025-07-11T17:39:34.166335+00:00", "symbol": "ETH-USD"}, {"trade_id": 665562834, "side": "sell", "size": "2.16981246", "price": "2979.48000000", "time": "2025-07-11T17:39:09.532080Z", "fetched_at": "2025-07-11T17:39:34.166335+00:00", "symbol": "ETH-USD"}, {"trade_id": 665562833, "side": "sell", "size": "1.58684768", "price": "2979.47000000", "time": "2025-07-11T17:39:09.532080Z", "fetched_at": "2025-07-11T17:39:34.166335+00:00", "symbol": "ETH-USD"}, {"trade_id": 665562832, "side": "sell", "size": "0.03712695", "price": "2979.46000000", "time": "2025-07-11T17:39:09.532080Z", "fetched_at": "2025-07-11T17:39:34.166335+00:00", "symbol": "ETH-USD"}, {"trade_id": 665562831, "side": "sell", "size": "0.00100000", "price": "2979.46000000", "time": "2025-07-11T17:39:09.532080Z", "fetched_at": "2025-07-11T17:39:34.166335+00:00", "symbol": "ETH-USD"}, {"trade_id": 665562830, "side": "sell", "size": "0.83911381", "price": "2979.34000000", "time": "2025-07-11T17:39:09.530324Z", "fetched_at": "2025-07-11T17:39:34.166335+00:00", "symbol": "ETH-USD"}, {"trade_id": 665562829, "side": "sell", "size": "0.00100000", "price": "2979.24000000", "time": "2025-07-11T17:39:09.530324Z", "fetched_at": "2025-07-11T17:39:34.166335+00:00", "symbol": "ETH-USD"}, {"trade_id": 665562828, "side": "sell", "size": "0.83915193", "price": "2979.20000000", "time": "2025-07-11T17:39:09.529603Z", "fetched_at": "2025-07-11T17:39:34.166335+00:00", "symbol": "ETH-USD"}, {"trade_id": 665562827, "side": "sell", "size": "2.22450075", "price": "2979.19000000", "time": "2025-07-11T17:39:09.529603Z", "fetched_at": "2025-07-11T17:39:34.166335+00:00", "symbol": "ETH-USD"}, {"trade_id": 665562826, "side": "sell", "size": "0.12938351", "price": "2979.19000000", "time": "2025-07-11T17:39:09.529603Z", "fetched_at": "2025-07-11T17:39:34.166335+00:00", "symbol": "ETH-USD"}, {"trade_id": 665562825, "side": "buy", "size": "0.00394288", "price": "2979.18000000", "time": "2025-07-11T17:39:09.519848Z", "fetched_at": "2025-07-11T17:39:34.166335+00:00", "symbol": "ETH-USD"}, {"trade_id": 665562824, "side": "buy", "size": "0.00394288", "price": "2979.18000000", "time": "2025-07-11T17:39:09.479119Z", "fetched_at": "2025-07-11T17:39:34.166335+00:00", "symbol": "ETH-USD"}, {"trade_id": 665562823, "side": "buy", "size": "0.00394288", "price": "2979.18000000", "time": "2025-07-11T17:39:09.457620Z", "fetched_at": "2025-07-11T17:39:34.166335+00:00", "symbol": "ETH-USD"}, {"trade_id": 665562822, "side": "buy", "size": "0.00394288", "price": "2979.18000000", "time": "2025-07-11T17:39:09.443936Z", "fetched_at": "2025-07-11T17:39:34.166335+00:00", "symbol": "ETH-USD"}, {"trade_id": 665562821, "side": "buy", "size": "0.00394288", "price": "2979.18000000", "time": "2025-07-11T17:39:09.428471Z", "fetched_at": "2025-07-11T17:39:34.166335+00:00", "symbol": "ETH-USD"}, {"trade_id": 665562820, "side": "buy", "size": "0.00394288", "price": "2979.18000000", "time": "2025-07-11T17:39:09.414589Z", "fetched_at": "2025-07-11T17:39:34.166335+00:00", "symbol": "ETH-USD"}, {"trade_id": 665562819, "side": "buy", "size": "0.00394288", "price": "2979.18000000", "time": "2025-07-11T17:39:09.401596Z", "fetched_at": "2025-07-11T17:39:34.166335+00:00", "symbol": "ETH-USD"}, {"trade_id": 665562818, "side": "buy", "size": "0.00394288", "price": "2979.18000000", "time": "2025-07-11T17:39:09.391496Z", "fetched_at": "2025-07-11T17:39:34.166335+00:00", "symbol": "ETH-USD"}, {"trade_id": 665562817, "side": "buy", "size": "0.00394282", "price": "2979.22000000", "time": "2025-07-11T17:39:09.215289Z", "fetched_at": "2025-07-11T17:39:34.166335+00:00", "symbol": "ETH-USD"}, {"trade_id": 665562816, "side": "sell", "size": "0.68701110", "price": "2979.06000000", "time": "2025-07-11T17:39:09.099255Z", "fetched_at": "2025-07-11T17:39:34.166335+00:00", "symbol": "ETH-USD"}, {"trade_id": 665562815, "side": "sell", "size": "0.41220666", "price": "2979.05000000", "time": "2025-07-11T17:39:09.099255Z", "fetched_at": "2025-07-11T17:39:34.166335+00:00", "symbol": "ETH-USD"}, {"trade_id": 665562814, "side": "sell", "size": "0.00100000", "price": "2979.02000000", "time": "2025-07-11T17:39:09.097145Z", "fetched_at": "2025-07-11T17:39:34.166335+00:00", "symbol": "ETH-USD"}, {"trade_id": 665562813, "side": "sell", "size": "2.75000000", "price": "2979.00000000", "time": "2025-07-11T17:39:09.097145Z", "fetched_at": "2025-07-11T17:39:34.166335+00:00", "symbol": "ETH-USD"}, {"trade_id": 665562812, "side": "sell", "size": "0.09758163", "price": "2978.95000000", "time": "2025-07-11T17:39:09.097145Z", "fetched_at": "2025-07-11T17:39:34.166335+00:00", "symbol": "ETH-USD"}, {"trade_id": 665562811, "side": "sell", "size": "0.10240839", "price": "2978.95000000", "time": "2025-07-11T17:39:09.097145Z", "fetched_at": "2025-07-11T17:39:34.166335+00:00", "symbol": "ETH-USD"}, {"trade_id": 665562810, "side": "sell", "size": "2.22928104", "price": "2978.93000000", "time": "2025-07-11T17:39:09.093788Z", "fetched_at": "2025-07-11T17:39:34.166335+00:00", "symbol": "ETH-USD"}, {"trade_id": 665562809, "side": "sell", "size": "0.00394460", "price": "2978.91000000", "time": "2025-07-11T17:39:09.092583Z", "fetched_at": "2025-07-11T17:39:34.166335+00:00", "symbol": "ETH-USD"}, {"trade_id": 665562808, "side": "sell", "size": "1.31372746", "price": "2978.91000000", "time": "2025-07-11T17:39:09.092583Z", "fetched_at": "2025-07-11T17:39:34.166335+00:00", "symbol": "ETH-USD"}, {"trade_id": 665562807, "side": "sell", "size": "2.16346862", "price": "2978.63000000", "time": "2025-07-11T17:39:09.069936Z", "fetched_at": "2025-07-11T17:39:34.166335+00:00", "symbol": "ETH-USD"}, {"trade_id": 665562806, "side": "sell", "size": "0.00394461", "price": "2978.59000000", "time": "2025-07-11T17:39:09.069936Z", "fetched_at": "2025-07-11T17:39:34.166335+00:00", "symbol": "ETH-USD"}, {"trade_id": 665562805, "side": "buy", "size": "0.12893000", "price": "2978.83000000", "time": "2025-07-11T17:39:08.852867Z", "fetched_at": "2025-07-11T17:39:34.166335+00:00", "symbol": "ETH-USD"}, {"trade_id": 665562804, "side": "buy", "size": "0.12893000", "price": "2978.74000000", "time": "2025-07-11T17:39:08.772883Z", "fetched_at": "2025-07-11T17:39:34.166335+00:00", "symbol": "ETH-USD"}, {"trade_id": 665562803, "side": "sell", "size": "0.00100000", "price": "2978.80000000", "time": "2025-07-11T17:39:08.766919Z", "fetched_at": "2025-07-11T17:39:34.166335+00:00", "symbol": "ETH-USD"}, {"trade_id": 665562802, "side": "sell", "size": "0.68580252", "price": "2978.78000000", "time": "2025-07-11T17:39:08.766919Z", "fetched_at": "2025-07-11T17:39:34.166335+00:00", "symbol": "ETH-USD"}, {"trade_id": 665562801, "side": "sell", "size": "0.20679800", "price": "2978.69000000", "time": "2025-07-11T17:39:08.766919Z", "fetched_at": "2025-07-11T17:39:34.166335+00:00", "symbol": "ETH-USD"}, {"trade_id": 665562800, "side": "sell", "size": "0.01100300", "price": "2978.70000000", "time": "2025-07-11T17:39:08.766580Z", "fetched_at": "2025-07-11T17:39:34.166335+00:00", "symbol": "ETH-USD"}, {"trade_id": 665562799, "side": "sell", "size": "0.01489124", "price": "2978.75000000", "time": "2025-07-11T17:39:08.762674Z", "fetched_at": "2025-07-11T17:39:34.166335+00:00", "symbol": "ETH-USD"}, {"trade_id": 665562798, "side": "sell", "size": "3.17610582", "price": "2978.59000000", "time": "2025-07-11T17:39:08.762674Z", "fetched_at": "2025-07-11T17:39:34.166335+00:00", "symbol": "ETH-USD"}, {"trade_id": 665562797, "side": "sell", "size": "9.14549303", "price": "2978.71000000", "time": "2025-07-11T17:39:08.760488Z", "fetched_at": "2025-07-11T17:39:34.166335+00:00", "symbol": "ETH-USD"}, {"trade_id": 665562796, "side": "sell", "size": "0.28200102", "price": "2978.70000000", "time": "2025-07-11T17:39:08.760488Z", "fetched_at": "2025-07-11T17:39:34.166335+00:00", "symbol": "ETH-USD"}, {"trade_id": 665562795, "side": "sell", "size": "0.56741272", "price": "2978.69000000", "time": "2025-07-11T17:39:08.760488Z", "fetched_at": "2025-07-11T17:39:34.166335+00:00", "symbol": "ETH-USD"}, {"trade_id": 665562794, "side": "sell", "size": "0.50393465", "price": "2978.66000000", "time": "2025-07-11T17:39:08.760488Z", "fetched_at": "2025-07-11T17:39:34.166335+00:00", "symbol": "ETH-USD"}, {"trade_id": 665562793, "side": "sell", "size": "0.83931176", "price": "2978.64000000", "time": "2025-07-11T17:39:08.760488Z", "fetched_at": "2025-07-11T17:39:34.166335+00:00", "symbol": "ETH-USD"}, {"trade_id": 665562792, "side": "sell", "size": "2.19190653", "price": "2978.63000000", "time": "2025-07-11T17:39:08.760488Z", "fetched_at": "2025-07-11T17:39:34.166335+00:00", "symbol": "ETH-USD"}, {"trade_id": 665562791, "side": "sell", "size": "2.12653097", "price": "2978.60000000", "time": "2025-07-11T17:39:08.760488Z", "fetched_at": "2025-07-11T17:39:34.166335+00:00", "symbol": "ETH-USD"}, {"trade_id": 665562790, "side": "sell", "size": "0.00100000", "price": "2978.58000000", "time": "2025-07-11T17:39:08.760488Z", "fetched_at": "2025-07-11T17:39:34.166335+00:00", "symbol": "ETH-USD"}, {"trade_id": 665562789, "side": "sell", "size": "0.03983836", "price": "2978.57000000", "time": "2025-07-11T17:39:08.760488Z", "fetched_at": "2025-07-11T17:39:34.166335+00:00", "symbol": "ETH-USD"}, {"trade_id": 665562788, "side": "sell", "size": "0.83935534", "price": "2978.48000000", "time": "2025-07-11T17:39:08.760286Z", "fetched_at": "2025-07-11T17:39:34.166335+00:00", "symbol": "ETH-USD"}, {"trade_id": 665562787, "side": "sell", "size": "0.00021455", "price": "2978.46000000", "time": "2025-07-11T17:39:08.760286Z", "fetched_at": "2025-07-11T17:39:34.166335+00:00", "symbol": "ETH-USD"}, {"trade_id": 665562786, "side": "sell", "size": "0.00004931", "price": "2978.46000000", "time": "2025-07-11T17:39:08.760286Z", "fetched_at": "2025-07-11T17:39:34.166335+00:00", "symbol": "ETH-USD"}, {"trade_id": 665562785, "side": "sell", "size": "0.00027188", "price": "2978.46000000", "time": "2025-07-11T17:39:08.760286Z", "fetched_at": "2025-07-11T17:39:34.166335+00:00", "symbol": "ETH-USD"}, {"trade_id": 665562784, "side": "sell", "size": "0.16787535", "price": "2978.41000000", "time": "2025-07-11T17:39:08.760286Z", "fetched_at": "2025-07-11T17:39:34.166335+00:00", "symbol": "ETH-USD"}, {"trade_id": 665562783, "side": "sell", "size": "0.00394443", "price": "2978.01000000", "time": "2025-07-11T17:39:08.760286Z", "fetched_at": "2025-07-11T17:39:34.166335+00:00", "symbol": "ETH-USD"}, {"trade_id": 665562782, "side": "buy", "size": "0.02494487", "price": "2978.00000000", "time": "2025-07-11T17:39:08.590731Z", "fetched_at": "2025-07-11T17:39:34.166335+00:00", "symbol": "ETH-USD"}, {"trade_id": 665562781, "side": "sell", "size": "0.00091996", "price": "2978.30000000", "time": "2025-07-11T17:39:07.950465Z", "fetched_at": "2025-07-11T17:39:34.166335+00:00", "symbol": "ETH-USD"}, {"trade_id": 665562780, "side": "sell", "size": "0.29025688", "price": "2978.02000000", "time": "2025-07-11T17:39:07.855851Z", "fetched_at": "2025-07-11T17:39:34.166335+00:00", "symbol": "ETH-USD"}, {"trade_id": 665562779, "side": "sell", "size": "0.00394443", "price": "2978.01000000", "time": "2025-07-11T17:39:07.855851Z", "fetched_at": "2025-07-11T17:39:34.166335+00:00", "symbol": "ETH-USD"}, {"trade_id": 665562778, "side": "sell", "size": "0.10610018", "price": "2977.95000000", "time": "2025-07-11T17:39:06.562763Z", "fetched_at": "2025-07-11T17:39:34.166335+00:00", "symbol": "ETH-USD"}, {"trade_id": 665562777, "side": "sell", "size": "0.00386401", "price": "2977.94000000", "time": "2025-07-11T17:39:06.562763Z", "fetched_at": "2025-07-11T17:39:34.166335+00:00", "symbol": "ETH-USD"}, {"trade_id": 665562776, "side": "sell", "size": "0.00001190", "price": "2977.99000000", "time": "2025-07-11T17:39:06.272286Z", "fetched_at": "2025-07-11T17:39:34.166335+00:00", "symbol": "ETH-USD"}, {"trade_id": 665562775, "side": "sell", "size": "0.00315888", "price": "2978.01000000", "time": "2025-07-11T17:39:06.233783Z", "fetched_at": "2025-07-11T17:39:34.166335+00:00", "symbol": "ETH-USD"}, {"trade_id": 665562774, "side": "buy", "size": "0.00100000", "price": "2977.92000000", "time": "2025-07-11T17:39:05.950265Z", "fetched_at": "2025-07-11T17:39:34.166335+00:00", "symbol": "ETH-USD"}, {"trade_id": 665562773, "side": "sell", "size": "0.00394363", "price": "2978.29000000", "time": "2025-07-11T17:39:05.898608Z", "fetched_at": "2025-07-11T17:39:34.166335+00:00", "symbol": "ETH-USD"}, {"trade_id": 665562772, "side": "buy", "size": "0.00100000", "price": "2978.14000000", "time": "2025-07-11T17:39:05.834816Z", "fetched_at": "2025-07-11T17:39:34.166335+00:00", "symbol": "ETH-USD"}, {"trade_id": 665562771, "side": "buy", "size": "0.00040000", "price": "2978.15000000", "time": "2025-07-11T17:39:05.834816Z", "fetched_at": "2025-07-11T17:39:34.166335+00:00", "symbol": "ETH-USD"}, {"trade_id": 665562770, "side": "buy", "size": "0.00100000", "price": "2978.36000000", "time": "2025-07-11T17:39:05.653328Z", "fetched_at": "2025-07-11T17:39:34.166335+00:00", "symbol": "ETH-USD"}, {"trade_id": 665562769, "side": "buy", "size": "0.00035461", "price": "2978.45000000", "time": "2025-07-11T17:39:05.653328Z", "fetched_at": "2025-07-11T17:39:34.166335+00:00", "symbol": "ETH-USD"}, {"trade_id": 665562768, "side": "sell", "size": "0.00583313", "price": "2978.55000000", "time": "2025-07-11T17:39:05.404129Z", "fetched_at": "2025-07-11T17:39:34.166335+00:00", "symbol": "ETH-USD"}, {"trade_id": 665562767, "side": "sell", "size": "0.00011177", "price": "2978.50000000", "time": "2025-07-11T17:39:05.404129Z", "fetched_at": "2025-07-11T17:39:34.166335+00:00", "symbol": "ETH-USD"}, {"trade_id": 665562766, "side": "sell", "size": "0.00048003", "price": "2978.50000000", "time": "2025-07-11T17:39:05.404129Z", "fetched_at": "2025-07-11T17:39:34.166335+00:00", "symbol": "ETH-USD"}, {"trade_id": 665562765, "side": "sell", "size": "0.00062002", "price": "2978.50000000", "time": "2025-07-11T17:39:05.404129Z", "fetched_at": "2025-07-11T17:39:34.166335+00:00", "symbol": "ETH-USD"}, {"trade_id": 665562764, "side": "sell", "size": "0.00031004", "price": "2978.46000000", "time": "2025-07-11T17:39:05.404129Z", "fetched_at": "2025-07-11T17:39:34.166335+00:00", "symbol": "ETH-USD"}, {"trade_id": 665562763, "side": "sell", "size": "0.00394331", "price": "2978.46000000", "time": "2025-07-11T17:39:05.404129Z", "fetched_at": "2025-07-11T17:39:34.166335+00:00", "symbol": "ETH-USD"}, {"trade_id": 665562762, "side": "buy", "size": "0.12893000", "price": "2978.55000000", "time": "2025-07-11T17:39:05.178910Z", "fetched_at": "2025-07-11T17:39:34.166335+00:00", "symbol": "ETH-USD"}, {"trade_id": 665562761, "side": "buy", "size": "0.00100000", "price": "2978.58000000", "time": "2025-07-11T17:39:05.075560Z", "fetched_at": "2025-07-11T17:39:34.166335+00:00", "symbol": "ETH-USD"}, {"trade_id": 665562760, "side": "buy", "size": "0.15000000", "price": "2978.63000000", "time": "2025-07-11T17:39:05.075560Z", "fetched_at": "2025-07-11T17:39:34.166335+00:00", "symbol": "ETH-USD"}, {"trade_id": 665562759, "side": "buy", "size": "0.12893000", "price": "2978.63000000", "time": "2025-07-11T17:39:05.075560Z", "fetched_at": "2025-07-11T17:39:34.166335+00:00", "symbol": "ETH-USD"}, {"trade_id": 665562758, "side": "buy", "size": "0.00031639", "price": "2978.62000000", "time": "2025-07-11T17:39:04.987185Z", "fetched_at": "2025-07-11T17:39:34.166335+00:00", "symbol": "ETH-USD"}, {"trade_id": 665562757, "side": "buy", "size": "0.08061320", "price": "2978.63000000", "time": "2025-07-11T17:39:04.987185Z", "fetched_at": "2025-07-11T17:39:34.166335+00:00", "symbol": "ETH-USD"}, {"trade_id": 665562756, "side": "buy", "size": "0.19339000", "price": "2978.90000000", "time": "2025-07-11T17:39:04.978541Z", "fetched_at": "2025-07-11T17:39:34.166335+00:00", "symbol": "ETH-USD"}, {"trade_id": 665562755, "side": "sell", "size": "0.07615384", "price": "2978.91000000", "time": "2025-07-11T17:39:04.962580Z", "fetched_at": "2025-07-11T17:39:34.166335+00:00", "symbol": "ETH-USD"}, {"trade_id": 665562754, "side": "sell", "size": "0.00020759", "price": "2978.78000000", "time": "2025-07-11T17:39:04.962580Z", "fetched_at": "2025-07-11T17:39:34.166335+00:00", "symbol": "ETH-USD"}, {"trade_id": 665562753, "side": "sell", "size": "0.00011177", "price": "2978.78000000", "time": "2025-07-11T17:39:04.962580Z", "fetched_at": "2025-07-11T17:39:34.166335+00:00", "symbol": "ETH-USD"}, {"trade_id": 665562752, "side": "sell", "size": "0.00048003", "price": "2978.78000000", "time": "2025-07-11T17:39:04.962580Z", "fetched_at": "2025-07-11T17:39:34.166335+00:00", "symbol": "ETH-USD"}, {"trade_id": 665562751, "side": "sell", "size": "0.00062001", "price": "2978.78000000", "time": "2025-07-11T17:39:04.962580Z", "fetched_at": "2025-07-11T17:39:34.166335+00:00", "symbol": "ETH-USD"}, {"trade_id": 665562750, "side": "sell", "size": "0.00394321", "price": "2978.63000000", "time": "2025-07-11T17:39:04.962580Z", "fetched_at": "2025-07-11T17:39:34.166335+00:00", "symbol": "ETH-USD"}, {"trade_id": 665562749, "side": "sell", "size": "0.01196822", "price": "2978.77000000", "time": "2025-07-11T17:39:04.902260Z", "fetched_at": "2025-07-11T17:39:34.166335+00:00", "symbol": "ETH-USD"}, {"trade_id": 665562748, "side": "sell", "size": "0.00394321", "price": "2978.63000000", "time": "2025-07-11T17:39:04.902260Z", "fetched_at": "2025-07-11T17:39:34.166335+00:00", "symbol": "ETH-USD"}, {"trade_id": 665562747, "side": "buy", "size": "0.00339867", "price": "2978.70000000", "time": "2025-07-11T17:39:04.238430Z", "fetched_at": "2025-07-11T17:39:34.166335+00:00", "symbol": "ETH-USD"}, {"trade_id": 665562746, "side": "buy", "size": "0.00004338", "price": "2978.70000000", "time": "2025-07-11T17:39:04.238430Z", "fetched_at": "2025-07-11T17:39:34.166335+00:00", "symbol": "ETH-USD"}, {"trade_id": 665562745, "side": "buy", "size": "0.00003144", "price": "2978.70000000", "time": "2025-07-11T17:39:04.238430Z", "fetched_at": "2025-07-11T17:39:34.166335+00:00", "symbol": "ETH-USD"}, {"trade_id": 665562744, "side": "buy", "size": "0.01294816", "price": "2978.80000000", "time": "2025-07-11T17:39:04.209823Z", "fetched_at": "2025-07-11T17:39:34.166335+00:00", "symbol": "ETH-USD"}, {"trade_id": 665562743, "side": "buy", "size": "0.08893178", "price": "2978.80000000", "time": "2025-07-11T17:39:04.209823Z", "fetched_at": "2025-07-11T17:39:34.166335+00:00", "symbol": "ETH-USD"}, {"trade_id": 665562742, "side": "buy", "size": "0.04811333", "price": "2978.80000000", "time": "2025-07-11T17:39:04.209823Z", "fetched_at": "2025-07-11T17:39:34.166335+00:00", "symbol": "ETH-USD"}, {"trade_id": 665562741, "side": "buy", "size": "0.00100000", "price": "2978.80000000", "time": "2025-07-11T17:39:04.209823Z", "fetched_at": "2025-07-11T17:39:34.166335+00:00", "symbol": "ETH-USD"}, {"trade_id": 665562740, "side": "buy", "size": "0.00339855", "price": "2978.81000000", "time": "2025-07-11T17:39:04.209823Z", "fetched_at": "2025-07-11T17:39:34.166335+00:00", "symbol": "ETH-USD"}, {"trade_id": 665562739, "side": "buy", "size": "0.01183310", "price": "2978.93000000", "time": "2025-07-11T17:39:04.206876Z", "fetched_at": "2025-07-11T17:39:34.166335+00:00", "symbol": "ETH-USD"}, {"trade_id": 665562738, "side": "sell", "size": "0.00760225", "price": "2979.31000000", "time": "2025-07-11T17:39:03.496307Z", "fetched_at": "2025-07-11T17:39:34.166335+00:00", "symbol": "ETH-USD"}, {"trade_id": 665562737, "side": "sell", "size": "0.00394335", "price": "2979.30000000", "time": "2025-07-11T17:39:03.496307Z", "fetched_at": "2025-07-11T17:39:34.166335+00:00", "symbol": "ETH-USD"}, {"trade_id": 665562736, "side": "buy", "size": "0.00733626", "price": "2979.42000000", "time": "2025-07-11T17:39:03.229047Z", "fetched_at": "2025-07-11T17:39:34.166335+00:00", "symbol": "ETH-USD"}, {"trade_id": 665562735, "side": "sell", "size": "0.00177262", "price": "2979.16000000", "time": "2025-07-11T17:39:02.239193Z", "fetched_at": "2025-07-11T17:39:34.166335+00:00", "symbol": "ETH-USD"}, {"trade_id": 665562734, "side": "sell", "size": "0.03498912", "price": "2979.17000000", "time": "2025-07-11T17:39:01.933574Z", "fetched_at": "2025-07-11T17:39:34.166335+00:00", "symbol": "ETH-USD"}, {"trade_id": 665562733, "side": "sell", "size": "0.00394312", "price": "2978.83000000", "time": "2025-07-11T17:39:01.933574Z", "fetched_at": "2025-07-11T17:39:34.166335+00:00", "symbol": "ETH-USD"}, {"trade_id": 665562732, "side": "buy", "size": "0.00100000", "price": "2979.02000000", "time": "2025-07-11T17:39:01.407980Z", "fetched_at": "2025-07-11T17:39:34.166335+00:00", "symbol": "ETH-USD"}, {"trade_id": 665562731, "side": "buy", "size": "0.00311703", "price": "2979.11000000", "time": "2025-07-11T17:39:01.325868Z", "fetched_at": "2025-07-11T17:39:34.166335+00:00", "symbol": "ETH-USD"}, {"trade_id": 665562730, "side": "buy", "size": "0.12893000", "price": "2979.29000000", "time": "2025-07-11T17:39:01.266494Z", "fetched_at": "2025-07-11T17:39:34.166335+00:00", "symbol": "ETH-USD"}, {"trade_id": 665562729, "side": "buy", "size": "0.04052174", "price": "2979.21000000", "time": "2025-07-11T17:39:01.077594Z", "fetched_at": "2025-07-11T17:39:34.166335+00:00", "symbol": "ETH-USD"}, {"trade_id": 665562728, "side": "buy", "size": "0.12893000", "price": "2979.31000000", "time": "2025-07-11T17:39:00.142354Z", "fetched_at": "2025-07-11T17:39:34.166335+00:00", "symbol": "ETH-USD"}, {"trade_id": 665562727, "side": "buy", "size": "0.01686000", "price": "2979.19000000", "time": "2025-07-11T17:38:59.425012Z", "fetched_at": "2025-07-11T17:39:34.166335+00:00", "symbol": "ETH-USD"}, {"trade_id": 665562726, "side": "sell", "size": "0.22211933", "price": "2979.20000000", "time": "2025-07-11T17:38:59.275661Z", "fetched_at": "2025-07-11T17:39:34.166335+00:00", "symbol": "ETH-USD"}, {"trade_id": 665562725, "side": "sell", "size": "0.10000000", "price": "2979.19000000", "time": "2025-07-11T17:38:59.275661Z", "fetched_at": "2025-07-11T17:39:34.166335+00:00", "symbol": "ETH-USD"}, {"trade_id": 665562724, "side": "sell", "size": "0.00394220", "price": "2979.19000000", "time": "2025-07-11T17:38:59.275661Z", "fetched_at": "2025-07-11T17:39:34.166335+00:00", "symbol": "ETH-USD"}, {"trade_id": 665562723, "side": "buy", "size": "0.00100000", "price": "2979.02000000", "time": "2025-07-11T17:38:58.334290Z", "fetched_at": "2025-07-11T17:39:34.166335+00:00", "symbol": "ETH-USD"}, {"trade_id": 665562722, "side": "buy", "size": "0.00100000", "price": "2979.24000000", "time": "2025-07-11T17:38:58.285095Z", "fetched_at": "2025-07-11T17:39:34.166335+00:00", "symbol": "ETH-USD"}, {"trade_id": 665562721, "side": "buy", "size": "0.00000671", "price": "2979.62000000", "time": "2025-07-11T17:38:57.675815Z", "fetched_at": "2025-07-11T17:39:34.166335+00:00", "symbol": "ETH-USD"}, {"trade_id": 665562720, "side": "buy", "size": "0.00394228", "price": "2979.63000000", "time": "2025-07-11T17:38:57.675815Z", "fetched_at": "2025-07-11T17:39:34.166335+00:00", "symbol": "ETH-USD"}, {"trade_id": 665562719, "side": "buy", "size": "0.05383218", "price": "2979.63000000", "time": "2025-07-11T17:38:57.675815Z", "fetched_at": "2025-07-11T17:39:34.166335+00:00", "symbol": "ETH-USD"}, {"trade_id": 665562718, "side": "buy", "size": "0.04241801", "price": "2979.63000000", "time": "2025-07-11T17:38:57.675815Z", "fetched_at": "2025-07-11T17:39:34.166335+00:00", "symbol": "ETH-USD"}, {"trade_id": 665562717, "side": "sell", "size": "0.02387730", "price": "2980.29000000", "time": "2025-07-11T17:38:55.943994Z", "fetched_at": "2025-07-11T17:39:34.166335+00:00", "symbol": "ETH-USD"}, {"trade_id": 665562716, "side": "sell", "size": "0.00163097", "price": "2980.25000000", "time": "2025-07-11T17:38:55.681764Z", "fetched_at": "2025-07-11T17:39:34.166335+00:00", "symbol": "ETH-USD"}, {"trade_id": 665562715, "side": "sell", "size": "0.06698519", "price": "2980.36000000", "time": "2025-07-11T17:38:55.224633Z", "fetched_at": "2025-07-11T17:39:34.166335+00:00", "symbol": "ETH-USD"}, {"trade_id": 665562714, "side": "sell", "size": "0.99081087", "price": "2980.36000000", "time": "2025-07-11T17:38:55.222902Z", "fetched_at": "2025-07-11T17:39:34.166335+00:00", "symbol": "ETH-USD"}, {"trade_id": 665562713, "side": "sell", "size": "0.86462340", "price": "2980.34000000", "time": "2025-07-11T17:38:55.222902Z", "fetched_at": "2025-07-11T17:39:34.166335+00:00", "symbol": "ETH-USD"}, {"trade_id": 665562712, "side": "sell", "size": "0.16776794", "price": "2980.31000000", "time": "2025-07-11T17:38:55.222902Z", "fetched_at": "2025-07-11T17:39:34.166335+00:00", "symbol": "ETH-USD"}, {"trade_id": 665562711, "side": "sell", "size": "0.13432217", "price": "2980.29000000", "time": "2025-07-11T17:38:55.222902Z", "fetched_at": "2025-07-11T17:39:34.166335+00:00", "symbol": "ETH-USD"}, {"trade_id": 665562710, "side": "sell", "size": "0.79383550", "price": "2980.20000000", "time": "2025-07-11T17:38:55.222902Z", "fetched_at": "2025-07-11T17:39:34.166335+00:00", "symbol": "ETH-USD"}, {"trade_id": 665562709, "side": "sell", "size": "0.24788767", "price": "2980.19000000", "time": "2025-07-11T17:38:55.222902Z", "fetched_at": "2025-07-11T17:39:34.166335+00:00", "symbol": "ETH-USD"}, {"trade_id": 665562708, "side": "sell", "size": "0.14042311", "price": "2980.18000000", "time": "2025-07-11T17:38:55.222902Z", "fetched_at": "2025-07-11T17:39:34.166335+00:00", "symbol": "ETH-USD"}, {"trade_id": 665562707, "side": "sell", "size": "0.00332185", "price": "2980.16000000", "time": "2025-07-11T17:38:54.373935Z", "fetched_at": "2025-07-11T17:39:34.166335+00:00", "symbol": "ETH-USD"}, {"trade_id": 665562706, "side": "sell", "size": "0.04000000", "price": "2980.18000000", "time": "2025-07-11T17:38:54.168357Z", "fetched_at": "2025-07-11T17:39:34.166335+00:00", "symbol": "ETH-USD"}, {"trade_id": 665562705, "side": "buy", "size": "0.00349771", "price": "2979.55000000", "time": "2025-07-11T17:38:53.856045Z", "fetched_at": "2025-07-11T17:39:34.166335+00:00", "symbol": "ETH-USD"}, {"trade_id": 665562704, "side": "buy", "size": "0.08493140", "price": "2979.56000000", "time": "2025-07-11T17:38:53.856045Z", "fetched_at": "2025-07-11T17:39:34.166335+00:00", "symbol": "ETH-USD"}, {"trade_id": 665562703, "side": "buy", "size": "0.06363920", "price": "2979.61000000", "time": "2025-07-11T17:38:53.856045Z", "fetched_at": "2025-07-11T17:39:34.166335+00:00", "symbol": "ETH-USD"}, {"trade_id": 665562702, "side": "buy", "size": "0.00591686", "price": "2979.62000000", "time": "2025-07-11T17:38:53.856045Z", "fetched_at": "2025-07-11T17:39:34.166335+00:00", "symbol": "ETH-USD"}, {"trade_id": 665562701, "side": "buy", "size": "0.08074855", "price": "2979.62000000", "time": "2025-07-11T17:38:53.856045Z", "fetched_at": "2025-07-11T17:39:34.166335+00:00", "symbol": "ETH-USD"}, {"trade_id": 665562700, "side": "buy", "size": "0.43217164", "price": "2979.63000000", "time": "2025-07-11T17:38:53.856045Z", "fetched_at": "2025-07-11T17:39:34.166335+00:00", "symbol": "ETH-USD"}, {"trade_id": 665562699, "side": "buy", "size": "0.09785736", "price": "2979.65000000", "time": "2025-07-11T17:38:53.856045Z", "fetched_at": "2025-07-11T17:39:34.166335+00:00", "symbol": "ETH-USD"}, {"trade_id": 665562698, "side": "buy", "size": "0.09607473", "price": "2979.66000000", "time": "2025-07-11T17:38:53.856045Z", "fetched_at": "2025-07-11T17:39:34.166335+00:00", "symbol": "ETH-USD"}, {"trade_id": 665562697, "side": "buy", "size": "0.10719202", "price": "2979.67000000", "time": "2025-07-11T17:38:53.856045Z", "fetched_at": "2025-07-11T17:39:34.166335+00:00", "symbol": "ETH-USD"}, {"trade_id": 665562696, "side": "buy", "size": "0.53016022", "price": "2979.68000000", "time": "2025-07-11T17:38:53.856045Z", "fetched_at": "2025-07-11T17:39:34.166335+00:00", "symbol": "ETH-USD"}, {"trade_id": 665562695, "side": "buy", "size": "0.00394215", "price": "2979.73000000", "time": "2025-07-11T17:38:53.856045Z", "fetched_at": "2025-07-11T17:39:34.166335+00:00", "symbol": "ETH-USD"}, {"trade_id": 665562694, "side": "buy", "size": "0.00085237", "price": "2979.74000000", "time": "2025-07-11T17:38:53.856045Z", "fetched_at": "2025-07-11T17:39:34.166335+00:00", "symbol": "ETH-USD"}, {"trade_id": 665562693, "side": "sell", "size": "0.02020000", "price": "2980.20000000", "time": "2025-07-11T17:38:53.292982Z", "fetched_at": "2025-07-11T17:39:34.166335+00:00", "symbol": "ETH-USD"}, {"trade_id": 665562692, "side": "sell", "size": "0.02862316", "price": "2980.19000000", "time": "2025-07-11T17:38:53.187573Z", "fetched_at": "2025-07-11T17:39:34.166335+00:00", "symbol": "ETH-USD"}, {"trade_id": 665562691, "side": "buy", "size": "0.06405781", "price": "2979.40000000", "time": "2025-07-11T17:38:53.147186Z", "fetched_at": "2025-07-11T17:39:34.166335+00:00", "symbol": "ETH-USD"}, {"trade_id": 665562690, "side": "buy", "size": "0.00100000", "price": "2979.46000000", "time": "2025-07-11T17:38:53.147186Z", "fetched_at": "2025-07-11T17:39:34.166335+00:00", "symbol": "ETH-USD"}, {"trade_id": 665562689, "side": "buy", "size": "0.00100000", "price": "2979.68000000", "time": "2025-07-11T17:38:53.147186Z", "fetched_at": "2025-07-11T17:39:34.166335+00:00", "symbol": "ETH-USD"}, {"trade_id": 665562688, "side": "buy", "size": "0.00394219", "price": "2979.70000000", "time": "2025-07-11T17:38:53.147186Z", "fetched_at": "2025-07-11T17:39:34.166335+00:00", "symbol": "ETH-USD"}, {"trade_id": 665562687, "side": "buy", "size": "0.00394199", "price": "2979.85000000", "time": "2025-07-11T17:38:52.959087Z", "fetched_at": "2025-07-11T17:39:34.166335+00:00", "symbol": "ETH-USD"}, {"trade_id": 665562686, "side": "buy", "size": "0.00100000", "price": "2979.90000000", "time": "2025-07-11T17:38:52.959087Z", "fetched_at": "2025-07-11T17:39:34.166335+00:00", "symbol": "ETH-USD"}, {"trade_id": 665562685, "side": "buy", "size": "0.00001216", "price": "2979.91000000", "time": "2025-07-11T17:38:52.959087Z", "fetched_at": "2025-07-11T17:39:34.166335+00:00", "symbol": "ETH-USD"}, {"trade_id": 665562684, "side": "buy", "size": "0.00907457", "price": "2980.19000000", "time": "2025-07-11T17:38:52.958605Z", "fetched_at": "2025-07-11T17:39:34.166335+00:00", "symbol": "ETH-USD"}, {"trade_id": 665562683, "side": "buy", "size": "0.01682981", "price": "2980.19000000", "time": "2025-07-11T17:38:52.958318Z", "fetched_at": "2025-07-11T17:39:34.166335+00:00", "symbol": "ETH-USD"}, {"trade_id": 665562682, "side": "buy", "size": "0.00003019", "price": "2980.19000000", "time": "2025-07-11T17:38:52.958318Z", "fetched_at": "2025-07-11T17:39:34.166335+00:00", "symbol": "ETH-USD"}, {"trade_id": 665562681, "side": "buy", "size": "0.35195453", "price": "2979.97000000", "time": "2025-07-11T17:38:52.199922Z", "fetched_at": "2025-07-11T17:39:34.166335+00:00", "symbol": "ETH-USD"}, {"trade_id": 665562680, "side": "buy", "size": "0.00003020", "price": "2980.09000000", "time": "2025-07-11T17:38:52.199922Z", "fetched_at": "2025-07-11T17:39:34.166335+00:00", "symbol": "ETH-USD"}, {"trade_id": 665562679, "side": "buy", "size": "0.01069766", "price": "2980.09000000", "time": "2025-07-11T17:38:52.199922Z", "fetched_at": "2025-07-11T17:39:34.166335+00:00", "symbol": "ETH-USD"}, {"trade_id": 665562678, "side": "buy", "size": "0.00100000", "price": "2980.12000000", "time": "2025-07-11T17:38:52.199922Z", "fetched_at": "2025-07-11T17:39:34.166335+00:00", "symbol": "ETH-USD"}, {"trade_id": 665562677, "side": "buy", "size": "0.14384934", "price": "2980.14000000", "time": "2025-07-11T17:38:52.199922Z", "fetched_at": "2025-07-11T17:39:34.166335+00:00", "symbol": "ETH-USD"}, {"trade_id": 665562676, "side": "buy", "size": "0.15000000", "price": "2980.19000000", "time": "2025-07-11T17:38:52.199922Z", "fetched_at": "2025-07-11T17:39:34.166335+00:00", "symbol": "ETH-USD"}, {"trade_id": 665562675, "side": "buy", "size": "0.30000000", "price": "2980.40000000", "time": "2025-07-11T17:38:52.199104Z", "fetched_at": "2025-07-11T17:39:34.166335+00:00", "symbol": "ETH-USD"}, {"trade_id": 665562674, "side": "buy", "size": "0.00394112", "price": "2980.47000000", "time": "2025-07-11T17:38:52.197356Z", "fetched_at": "2025-07-11T17:39:34.166335+00:00", "symbol": "ETH-USD"}, {"trade_id": 665562673, "side": "buy", "size": "0.30000000", "price": "2980.47000000", "time": "2025-07-11T17:38:52.194772Z", "fetched_at": "2025-07-11T17:39:34.166335+00:00", "symbol": "ETH-USD"}, {"trade_id": 665562672, "side": "buy", "size": "0.19605888", "price": "2980.47000000", "time": "2025-07-11T17:38:52.193189Z", "fetched_at": "2025-07-11T17:39:34.166335+00:00", "symbol": "ETH-USD"}, {"trade_id": 665562671, "side": "buy", "size": "0.30000000", "price": "2980.50000000", "time": "2025-07-11T17:38:52.193189Z", "fetched_at": "2025-07-11T17:39:34.166335+00:00", "symbol": "ETH-USD"}, {"trade_id": 665562670, "side": "buy", "size": "0.00394112", "price": "2980.51000000", "time": "2025-07-11T17:38:52.193189Z", "fetched_at": "2025-07-11T17:39:34.166335+00:00", "symbol": "ETH-USD"}, {"trade_id": 665562669, "side": "buy", "size": "0.00688759", "price": "2980.72000000", "time": "2025-07-11T17:38:52.183792Z", "fetched_at": "2025-07-11T17:39:34.166335+00:00", "symbol": "ETH-USD"}, {"trade_id": 665562668, "side": "buy", "size": "0.00722979", "price": "2980.72000000", "time": "2025-07-11T17:38:52.183792Z", "fetched_at": "2025-07-11T17:39:34.166335+00:00", "symbol": "ETH-USD"}, {"trade_id": 665562667, "side": "sell", "size": "3.00000000", "price": "2980.32000000", "time": "2025-07-11T17:38:50.746882Z", "fetched_at": "2025-07-11T17:39:34.166335+00:00", "symbol": "ETH-USD"}, {"trade_id": 665562666, "side": "sell", "size": "1.80000000", "price": "2980.31000000", "time": "2025-07-11T17:38:50.745818Z", "fetched_at": "2025-07-11T17:39:34.166335+00:00", "symbol": "ETH-USD"}, {"trade_id": 665562665, "side": "buy", "size": "0.00001342", "price": "2980.36000000", "time": "2025-07-11T17:38:48.881210Z", "fetched_at": "2025-07-11T17:39:34.166335+00:00", "symbol": "ETH-USD"}, {"trade_id": 665562664, "side": "buy", "size": "0.01450496", "price": "2980.36000000", "time": "2025-07-11T17:38:48.876652Z", "fetched_at": "2025-07-11T17:39:34.166335+00:00", "symbol": "ETH-USD"}, {"trade_id": 665562663, "side": "buy", "size": "0.01604504", "price": "2980.36000000", "time": "2025-07-11T17:38:48.876652Z", "fetched_at": "2025-07-11T17:39:34.166335+00:00", "symbol": "ETH-USD"}, {"trade_id": 665562662, "side": "sell", "size": "0.65806068", "price": "2980.37000000", "time": "2025-07-11T17:38:48.765543Z", "fetched_at": "2025-07-11T17:39:34.166335+00:00", "symbol": "ETH-USD"}, {"trade_id": 665562661, "side": "sell", "size": "0.05000000", "price": "2980.46000000", "time": "2025-07-11T17:38:47.964474Z", "fetched_at": "2025-07-11T17:39:34.166335+00:00", "symbol": "ETH-USD"}, {"trade_id": 665562660, "side": "sell", "size": "0.01184164", "price": "2980.60000000", "time": "2025-07-11T17:38:47.892819Z", "fetched_at": "2025-07-11T17:39:34.166335+00:00", "symbol": "ETH-USD"}, {"trade_id": 665562659, "side": "sell", "size": "0.04815836", "price": "2980.37000000", "time": "2025-07-11T17:38:47.892819Z", "fetched_at": "2025-07-11T17:39:34.166335+00:00", "symbol": "ETH-USD"}, {"trade_id": 665562658, "side": "sell", "size": "0.06000000", "price": "2980.37000000", "time": "2025-07-11T17:38:47.834942Z", "fetched_at": "2025-07-11T17:39:34.166335+00:00", "symbol": "ETH-USD"}, {"trade_id": 665562657, "side": "sell", "size": "0.05000000", "price": "2980.37000000", "time": "2025-07-11T17:38:47.779179Z", "fetched_at": "2025-07-11T17:39:34.166335+00:00", "symbol": "ETH-USD"}, {"trade_id": 665562656, "side": "sell", "size": "0.06000000", "price": "2980.37000000", "time": "2025-07-11T17:38:47.737706Z", "fetched_at": "2025-07-11T17:39:34.166335+00:00", "symbol": "ETH-USD"}, {"trade_id": 665562655, "side": "sell", "size": "0.05000000", "price": "2980.37000000", "time": "2025-07-11T17:38:47.667357Z", "fetched_at": "2025-07-11T17:39:34.166335+00:00", "symbol": "ETH-USD"}, {"trade_id": 665562654, "side": "sell", "size": "0.05000000", "price": "2980.37000000", "time": "2025-07-11T17:38:47.611539Z", "fetched_at": "2025-07-11T17:39:34.166335+00:00", "symbol": "ETH-USD"}, {"trade_id": 665562653, "side": "sell", "size": "0.10527465", "price": "2980.37000000", "time": "2025-07-11T17:38:47.269442Z", "fetched_at": "2025-07-11T17:39:34.166335+00:00", "symbol": "ETH-USD"}, {"trade_id": 665562652, "side": "sell", "size": "0.03260692", "price": "2980.44000000", "time": "2025-07-11T17:38:46.747778Z", "fetched_at": "2025-07-11T17:39:34.166335+00:00", "symbol": "ETH-USD"}, {"trade_id": 665562651, "side": "buy", "size": "0.00002348", "price": "2980.72000000", "time": "2025-07-11T17:38:46.237619Z", "fetched_at": "2025-07-11T17:39:34.166335+00:00", "symbol": "ETH-USD"}, {"trade_id": 665562650, "side": "buy", "size": "0.00967886", "price": "2980.72000000", "time": "2025-07-11T17:38:46.237619Z", "fetched_at": "2025-07-11T17:39:34.166335+00:00", "symbol": "ETH-USD"}, {"trade_id": 665562649, "side": "sell", "size": "1.88528265", "price": "2980.17000000", "time": "2025-07-11T17:38:45.769362Z", "fetched_at": "2025-07-11T17:39:34.166335+00:00", "symbol": "ETH-USD"}, {"trade_id": 665562648, "side": "sell", "size": "5.65976838", "price": "2980.17000000", "time": "2025-07-11T17:38:45.768325Z", "fetched_at": "2025-07-11T17:39:34.166335+00:00", "symbol": "ETH-USD"}, {"trade_id": 665562647, "side": "sell", "size": "0.84456449", "price": "2980.14000000", "time": "2025-07-11T17:38:45.768325Z", "fetched_at": "2025-07-11T17:39:34.166335+00:00", "symbol": "ETH-USD"}, {"trade_id": 665562646, "side": "sell", "size": "0.00050354", "price": "2980.13000000", "time": "2025-07-11T17:38:45.768325Z", "fetched_at": "2025-07-11T17:39:34.166335+00:00", "symbol": "ETH-USD"}, {"trade_id": 665562645, "side": "sell", "size": "0.18194897", "price": "2980.07000000", "time": "2025-07-11T17:38:45.768325Z", "fetched_at": "2025-07-11T17:39:34.166335+00:00", "symbol": "ETH-USD"}, {"trade_id": 665562644, "side": "sell", "size": "2.00035763", "price": "2980.07000000", "time": "2025-07-11T17:38:45.767438Z", "fetched_at": "2025-07-11T17:39:34.166335+00:00", "symbol": "ETH-USD"}, {"trade_id": 665562643, "side": "sell", "size": "0.18084563", "price": "2980.00000000", "time": "2025-07-11T17:38:45.767438Z", "fetched_at": "2025-07-11T17:39:34.166335+00:00", "symbol": "ETH-USD"}, {"trade_id": 665562642, "side": "sell", "size": "0.00100000", "price": "2979.90000000", "time": "2025-07-11T17:38:45.767438Z", "fetched_at": "2025-07-11T17:39:34.166335+00:00", "symbol": "ETH-USD"}, {"trade_id": 665562641, "side": "sell", "size": "0.00010334", "price": "2979.85000000", "time": "2025-07-11T17:38:45.767438Z", "fetched_at": "2025-07-11T17:39:34.166335+00:00", "symbol": "ETH-USD"}, {"trade_id": 665562640, "side": "buy", "size": "0.12893000", "price": "2979.85000000", "time": "2025-07-11T17:38:45.231178Z", "fetched_at": "2025-07-11T17:39:34.166335+00:00", "symbol": "ETH-USD"}, {"trade_id": 665562639, "side": "buy", "size": "0.12893000", "price": "2979.86000000", "time": "2025-07-11T17:38:45.214669Z", "fetched_at": "2025-07-11T17:39:34.166335+00:00", "symbol": "ETH-USD"}, {"trade_id": 665562638, "side": "buy", "size": "0.02408478", "price": "2979.89000000", "time": "2025-07-11T17:38:45.184198Z", "fetched_at": "2025-07-11T17:39:34.166335+00:00", "symbol": "ETH-USD"}, {"trade_id": 665562637, "side": "buy", "size": "0.01936313", "price": "2979.89000000", "time": "2025-07-11T17:38:45.184198Z", "fetched_at": "2025-07-11T17:39:34.166335+00:00", "symbol": "ETH-USD"}, {"trade_id": 665562636, "side": "buy", "size": "0.12893000", "price": "2979.89000000", "time": "2025-07-11T17:38:45.184198Z", "fetched_at": "2025-07-11T17:39:34.166335+00:00", "symbol": "ETH-USD"}, {"trade_id": 665562635, "side": "buy", "size": "0.23473271", "price": "2979.13000000", "time": "2025-07-11T17:38:45.064304Z", "fetched_at": "2025-07-11T17:39:34.166335+00:00", "symbol": "ETH-USD"}, {"trade_id": 665562634, "side": "buy", "size": "0.47566292", "price": "2979.14000000", "time": "2025-07-11T17:38:45.064304Z", "fetched_at": "2025-07-11T17:39:34.166335+00:00", "symbol": "ETH-USD"}, {"trade_id": 665562633, "side": "buy", "size": "0.05016636", "price": "2979.16000000", "time": "2025-07-11T17:38:45.064304Z", "fetched_at": "2025-07-11T17:39:34.166335+00:00", "symbol": "ETH-USD"}, {"trade_id": 665562632, "side": "buy", "size": "0.06560136", "price": "2979.18000000", "time": "2025-07-11T17:38:45.064304Z", "fetched_at": "2025-07-11T17:39:34.166335+00:00", "symbol": "ETH-USD"}, {"trade_id": 665562631, "side": "buy", "size": "0.00394286", "price": "2979.19000000", "time": "2025-07-11T17:38:45.064304Z", "fetched_at": "2025-07-11T17:39:34.166335+00:00", "symbol": "ETH-USD"}, {"trade_id": 665562630, "side": "buy", "size": "0.04704734", "price": "2979.20000000", "time": "2025-07-11T17:38:45.064304Z", "fetched_at": "2025-07-11T17:39:34.166335+00:00", "symbol": "ETH-USD"}, {"trade_id": 665562629, "side": "buy", "size": "0.00807834", "price": "2979.57000000", "time": "2025-07-11T17:38:45.064304Z", "fetched_at": "2025-07-11T17:39:34.166335+00:00", "symbol": "ETH-USD"}, {"trade_id": 665562628, "side": "buy", "size": "0.00213453", "price": "2979.57000000", "time": "2025-07-11T17:38:45.064304Z", "fetched_at": "2025-07-11T17:39:34.166335+00:00", "symbol": "ETH-USD"}, {"trade_id": 665562627, "side": "buy", "size": "0.12893000", "price": "2979.70000000", "time": "2025-07-11T17:38:45.064304Z", "fetched_at": "2025-07-11T17:39:34.166335+00:00", "symbol": "ETH-USD"}, {"trade_id": 665562626, "side": "buy", "size": "0.12893000", "price": "2979.70000000", "time": "2025-07-11T17:38:45.003170Z", "fetched_at": "2025-07-11T17:39:34.166335+00:00", "symbol": "ETH-USD"}, {"trade_id": 665562625, "side": "buy", "size": "0.12893000", "price": "2979.71000000", "time": "2025-07-11T17:38:44.988189Z", "fetched_at": "2025-07-11T17:39:34.166335+00:00", "symbol": "ETH-USD"}, {"trade_id": 665562624, "side": "sell", "size": "0.43405877", "price": "2979.72000000", "time": "2025-07-11T17:38:44.974542Z", "fetched_at": "2025-07-11T17:39:34.166335+00:00", "symbol": "ETH-USD"}, {"trade_id": 665562623, "side": "sell", "size": "2.19563600", "price": "2979.71000000", "time": "2025-07-11T17:38:44.974542Z", "fetched_at": "2025-07-11T17:39:34.166335+00:00", "symbol": "ETH-USD"}, {"trade_id": 665562622, "side": "sell", "size": "0.30000000", "price": "2979.70000000", "time": "2025-07-11T17:38:44.974542Z", "fetched_at": "2025-07-11T17:39:34.166335+00:00", "symbol": "ETH-USD"}, {"trade_id": 665562621, "side": "sell", "size": "0.11872713", "price": "2979.63000000", "time": "2025-07-11T17:38:44.974542Z", "fetched_at": "2025-07-11T17:39:34.166335+00:00", "symbol": "ETH-USD"}, {"trade_id": 665562620, "side": "sell", "size": "0.42318788", "price": "2979.60000000", "time": "2025-07-11T17:38:44.974542Z", "fetched_at": "2025-07-11T17:39:34.166335+00:00", "symbol": "ETH-USD"}, {"trade_id": 665562619, "side": "sell", "size": "0.52839022", "price": "2979.58000000", "time": "2025-07-11T17:38:44.974542Z", "fetched_at": "2025-07-11T17:39:34.166335+00:00", "symbol": "ETH-USD"}, {"trade_id": 665562618, "side": "sell", "size": "0.00814409", "price": "2979.58000000", "time": "2025-07-11T17:38:44.887918Z", "fetched_at": "2025-07-11T17:39:34.166335+00:00", "symbol": "ETH-USD"}, {"trade_id": 665562617, "side": "sell", "size": "1.32517312", "price": "2979.23000000", "time": "2025-07-11T17:38:44.856333Z", "fetched_at": "2025-07-11T17:39:34.166335+00:00", "symbol": "ETH-USD"}, {"trade_id": 665562616, "side": "sell", "size": "0.79510387", "price": "2979.16000000", "time": "2025-07-11T17:38:44.854948Z", "fetched_at": "2025-07-11T17:39:34.166335+00:00", "symbol": "ETH-USD"}, {"trade_id": 665562615, "side": "sell", "size": "0.60000000", "price": "2979.13000000", "time": "2025-07-11T17:38:44.854948Z", "fetched_at": "2025-07-11T17:39:34.166335+00:00", "symbol": "ETH-USD"}, {"trade_id": 665562614, "side": "sell", "size": "0.36000000", "price": "2979.02000000", "time": "2025-07-11T17:38:44.854175Z", "fetched_at": "2025-07-11T17:39:34.166335+00:00", "symbol": "ETH-USD"}, {"trade_id": 665562613, "side": "sell", "size": "0.16069922", "price": "2979.00000000", "time": "2025-07-11T17:38:44.854175Z", "fetched_at": "2025-07-11T17:39:34.166335+00:00", "symbol": "ETH-USD"}, {"trade_id": 665562612, "side": "buy", "size": "0.11515782", "price": "2978.68000000", "time": "2025-07-11T17:38:44.628729Z", "fetched_at": "2025-07-11T17:39:34.166335+00:00", "symbol": "ETH-USD"}, {"trade_id": 665562611, "side": "buy", "size": "0.00394352", "price": "2978.69000000", "time": "2025-07-11T17:38:44.628729Z", "fetched_at": "2025-07-11T17:39:34.166335+00:00", "symbol": "ETH-USD"}, {"trade_id": 665562610, "side": "buy", "size": "0.12893000", "price": "2978.91000000", "time": "2025-07-11T17:38:44.365638Z", "fetched_at": "2025-07-11T17:39:34.166335+00:00", "symbol": "ETH-USD"}, {"trade_id": 665562609, "side": "buy", "size": "0.00100000", "price": "2978.80000000", "time": "2025-07-11T17:38:44.200370Z", "fetched_at": "2025-07-11T17:39:34.166335+00:00", "symbol": "ETH-USD"}, {"trade_id": 665562608, "side": "sell", "size": "0.05247249", "price": "2978.93000000", "time": "2025-07-11T17:38:44.164716Z", "fetched_at": "2025-07-11T17:39:34.166335+00:00", "symbol": "ETH-USD"}, {"trade_id": 665562607, "side": "buy", "size": "0.03787622", "price": "2979.30000000", "time": "2025-07-11T17:38:44.024260Z", "fetched_at": "2025-07-11T17:39:34.166335+00:00", "symbol": "ETH-USD"}, {"trade_id": 665562606, "side": "buy", "size": "0.96179000", "price": "2979.30000000", "time": "2025-07-11T17:38:44.023537Z", "fetched_at": "2025-07-11T17:39:34.166335+00:00", "symbol": "ETH-USD"}, {"trade_id": 665562605, "side": "buy", "size": "3.98723263", "price": "2979.40000000", "time": "2025-07-11T17:38:44.018956Z", "fetched_at": "2025-07-11T17:39:34.166335+00:00", "symbol": "ETH-USD"}, {"trade_id": 665562604, "side": "buy", "size": "3.90169000", "price": "2979.40000000", "time": "2025-07-11T17:38:44.018609Z", "fetched_at": "2025-07-11T17:39:34.166335+00:00", "symbol": "ETH-USD"}, {"trade_id": 665562603, "side": "buy", "size": "1.81941745", "price": "2979.40000000", "time": "2025-07-11T17:38:44.014928Z", "fetched_at": "2025-07-11T17:39:34.166335+00:00", "symbol": "ETH-USD"}, {"trade_id": 665562602, "side": "buy", "size": "0.29165992", "price": "2979.40000000", "time": "2025-07-11T17:38:44.014377Z", "fetched_at": "2025-07-11T17:39:34.166335+00:00", "symbol": "ETH-USD"}, {"trade_id": 665562601, "side": "buy", "size": "0.01783978", "price": "2979.49000000", "time": "2025-07-11T17:38:43.995619Z", "fetched_at": "2025-07-11T17:39:34.166335+00:00", "symbol": "ETH-USD"}, {"trade_id": 665562600, "side": "buy", "size": "0.99622912", "price": "2979.54000000", "time": "2025-07-11T17:38:43.995619Z", "fetched_at": "2025-07-11T17:39:34.166335+00:00", "symbol": "ETH-USD"}, {"trade_id": 665562599, "side": "buy", "size": "0.00100000", "price": "2979.68000000", "time": "2025-07-11T17:38:43.995619Z", "fetched_at": "2025-07-11T17:39:34.166335+00:00", "symbol": "ETH-USD"}, {"trade_id": 665562598, "side": "buy", "size": "0.45006000", "price": "2979.69000000", "time": "2025-07-11T17:38:43.995619Z", "fetched_at": "2025-07-11T17:39:34.166335+00:00", "symbol": "ETH-USD"}, {"trade_id": 665562597, "side": "buy", "size": "0.20262000", "price": "2979.69000000", "time": "2025-07-11T17:38:43.995619Z", "fetched_at": "2025-07-11T17:39:34.166335+00:00", "symbol": "ETH-USD"}, {"trade_id": 665562596, "side": "buy", "size": "4.54731695", "price": "2979.69000000", "time": "2025-07-11T17:38:43.995619Z", "fetched_at": "2025-07-11T17:39:34.166335+00:00", "symbol": "ETH-USD"}, {"trade_id": 665562595, "side": "buy", "size": "0.00083895", "price": "2979.91000000", "time": "2025-07-11T17:38:43.994331Z", "fetched_at": "2025-07-11T17:39:34.166335+00:00", "symbol": "ETH-USD"}, {"trade_id": 665562594, "side": "buy", "size": "0.00152689", "price": "2979.91000000", "time": "2025-07-11T17:38:43.994331Z", "fetched_at": "2025-07-11T17:39:34.166335+00:00", "symbol": "ETH-USD"}, {"trade_id": 665562593, "side": "buy", "size": "0.00394191", "price": "2979.91000000", "time": "2025-07-11T17:38:43.994331Z", "fetched_at": "2025-07-11T17:39:34.166335+00:00", "symbol": "ETH-USD"}, {"trade_id": 665562592, "side": "buy", "size": "0.00614769", "price": "2979.98000000", "time": "2025-07-11T17:38:43.794900Z", "fetched_at": "2025-07-11T17:39:34.166335+00:00", "symbol": "ETH-USD"}, {"trade_id": 665562591, "side": "buy", "size": "0.00394182", "price": "2979.98000000", "time": "2025-07-11T17:38:43.794900Z", "fetched_at": "2025-07-11T17:39:34.166335+00:00", "symbol": "ETH-USD"}, {"trade_id": 665562590, "side": "buy", "size": "0.45006089", "price": "2979.69000000", "time": "2025-07-11T17:38:43.747902Z", "fetched_at": "2025-07-11T17:39:34.166335+00:00", "symbol": "ETH-USD"}, {"trade_id": 665562589, "side": "buy", "size": "0.00394182", "price": "2979.98000000", "time": "2025-07-11T17:38:43.747902Z", "fetched_at": "2025-07-11T17:39:34.166335+00:00", "symbol": "ETH-USD"}, {"trade_id": 665562588, "side": "sell", "size": "0.00210000", "price": "2979.99000000", "time": "2025-07-11T17:38:43.701196Z", "fetched_at": "2025-07-11T17:39:34.166335+00:00", "symbol": "ETH-USD"}, {"trade_id": 665562587, "side": "buy", "size": "0.20262216", "price": "2979.69000000", "time": "2025-07-11T17:38:43.611244Z", "fetched_at": "2025-07-11T17:39:34.166335+00:00", "symbol": "ETH-USD"}, {"trade_id": 665562586, "side": "buy", "size": "0.15000000", "price": "2979.70000000", "time": "2025-07-11T17:38:43.611244Z", "fetched_at": "2025-07-11T17:39:34.166335+00:00", "symbol": "ETH-USD"}, {"trade_id": 665562585, "side": "buy", "size": "0.00172177", "price": "2979.75000000", "time": "2025-07-11T17:38:43.611244Z", "fetched_at": "2025-07-11T17:39:34.166335+00:00", "symbol": "ETH-USD"}, {"trade_id": 665562584, "side": "buy", "size": "0.00641296", "price": "2979.90000000", "time": "2025-07-11T17:38:43.611244Z", "fetched_at": "2025-07-11T17:39:34.166335+00:00", "symbol": "ETH-USD"}, {"trade_id": 665562583, "side": "buy", "size": "0.03723279", "price": "2979.90000000", "time": "2025-07-11T17:38:43.611244Z", "fetched_at": "2025-07-11T17:39:34.166335+00:00", "symbol": "ETH-USD"}, {"trade_id": 665562582, "side": "buy", "size": "0.00201032", "price": "2979.90000000", "time": "2025-07-11T17:38:43.611244Z", "fetched_at": "2025-07-11T17:39:34.166335+00:00", "symbol": "ETH-USD"}, {"trade_id": 665562581, "side": "buy", "size": "0.02858802", "price": "2979.90000000", "time": "2025-07-11T17:38:43.602661Z", "fetched_at": "2025-07-11T17:39:34.166335+00:00", "symbol": "ETH-USD"}, {"trade_id": 665562580, "side": "buy", "size": "0.00100000", "price": "2979.90000000", "time": "2025-07-11T17:38:43.602661Z", "fetched_at": "2025-07-11T17:39:34.166335+00:00", "symbol": "ETH-USD"}, {"trade_id": 665562579, "side": "buy", "size": "0.00394191", "price": "2979.91000000", "time": "2025-07-11T17:38:43.602661Z", "fetched_at": "2025-07-11T17:39:34.166335+00:00", "symbol": "ETH-USD"}, {"trade_id": 665562578, "side": "sell", "size": "0.00001233", "price": "2980.49000000", "time": "2025-07-11T17:38:43.338271Z", "fetched_at": "2025-07-11T17:39:34.166335+00:00", "symbol": "ETH-USD"}, {"trade_id": 665562577, "side": "buy", "size": "0.05164963", "price": "2980.66000000", "time": "2025-07-11T17:38:43.139695Z", "fetched_at": "2025-07-11T17:39:34.166335+00:00", "symbol": "ETH-USD"}, {"trade_id": 665562576, "side": "buy", "size": "0.04304415", "price": "2980.66000000", "time": "2025-07-11T17:38:43.139695Z", "fetched_at": "2025-07-11T17:39:34.166335+00:00", "symbol": "ETH-USD"}, {"trade_id": 665562575, "side": "buy", "size": "0.01613736", "price": "2980.66000000", "time": "2025-07-11T17:38:43.139695Z", "fetched_at": "2025-07-11T17:39:34.166335+00:00", "symbol": "ETH-USD"}, {"trade_id": 665562574, "side": "buy", "size": "0.00001341", "price": "2980.66000000", "time": "2025-07-11T17:38:43.139695Z", "fetched_at": "2025-07-11T17:39:34.166335+00:00", "symbol": "ETH-USD"}, {"trade_id": 665562573, "side": "buy", "size": "0.00000670", "price": "2980.66000000", "time": "2025-07-11T17:38:43.139695Z", "fetched_at": "2025-07-11T17:39:34.166335+00:00", "symbol": "ETH-USD"}, {"trade_id": 665562572, "side": "buy", "size": "0.10205568", "price": "2980.96000000", "time": "2025-07-11T17:38:42.381705Z", "fetched_at": "2025-07-11T17:39:34.166335+00:00", "symbol": "ETH-USD"}, {"trade_id": 665562571, "side": "sell", "size": "0.30000000", "price": "2980.20000000", "time": "2025-07-11T17:38:41.542450Z", "fetched_at": "2025-07-11T17:39:34.166335+00:00", "symbol": "ETH-USD"}, {"trade_id": 665562570, "side": "sell", "size": "0.18840083", "price": "2980.17000000", "time": "2025-07-11T17:38:41.542450Z", "fetched_at": "2025-07-11T17:39:34.166335+00:00", "symbol": "ETH-USD"}, {"trade_id": 665562569, "side": "sell", "size": "0.29996839", "price": "2980.16000000", "time": "2025-07-11T17:38:41.542450Z", "fetched_at": "2025-07-11T17:39:34.166335+00:00", "symbol": "ETH-USD"}, {"trade_id": 665562568, "side": "sell", "size": "0.00393903", "price": "2980.16000000", "time": "2025-07-11T17:38:41.542450Z", "fetched_at": "2025-07-11T17:39:34.166335+00:00", "symbol": "ETH-USD"}, {"trade_id": 665562567, "side": "sell", "size": "0.00976486", "price": "2980.16000000", "time": "2025-07-11T17:38:41.473017Z", "fetched_at": "2025-07-11T17:39:34.166335+00:00", "symbol": "ETH-USD"}, {"trade_id": 665562566, "side": "sell", "size": "0.00031000", "price": "2980.09000000", "time": "2025-07-11T17:38:41.473017Z", "fetched_at": "2025-07-11T17:39:34.166335+00:00", "symbol": "ETH-USD"}, {"trade_id": 665562565, "side": "sell", "size": "0.00005588", "price": "2980.09000000", "time": "2025-07-11T17:38:41.473017Z", "fetched_at": "2025-07-11T17:39:34.166335+00:00", "symbol": "ETH-USD"}, {"trade_id": 665562564, "side": "sell", "size": "0.00024000", "price": "2980.09000000", "time": "2025-07-11T17:38:41.473017Z", "fetched_at": "2025-07-11T17:39:34.166335+00:00", "symbol": "ETH-USD"}, {"trade_id": 665562563, "side": "sell", "size": "0.00393903", "price": "2979.91000000", "time": "2025-07-11T17:38:41.473017Z", "fetched_at": "2025-07-11T17:39:34.166335+00:00", "symbol": "ETH-USD"}, {"trade_id": 665562562, "side": "sell", "size": "0.00003161", "price": "2980.09000000", "time": "2025-07-11T17:38:41.011554Z", "fetched_at": "2025-07-11T17:39:34.166335+00:00", "symbol": "ETH-USD"}, {"trade_id": 665562561, "side": "buy", "size": "1.57348717", "price": "2980.07000000", "time": "2025-07-11T17:38:40.871895Z", "fetched_at": "2025-07-11T17:39:34.166335+00:00", "symbol": "ETH-USD"}, {"trade_id": 665562560, "side": "buy", "size": "0.00100000", "price": "2980.12000000", "time": "2025-07-11T17:38:40.865966Z", "fetched_at": "2025-07-11T17:39:34.166335+00:00", "symbol": "ETH-USD"}, {"trade_id": 665562559, "side": "sell", "size": "0.00420607", "price": "2980.27000000", "time": "2025-07-11T17:38:40.644451Z", "fetched_at": "2025-07-11T17:39:34.166335+00:00", "symbol": "ETH-USD"}, {"trade_id": 665562558, "side": "sell", "size": "0.00393903", "price": "2980.13000000", "time": "2025-07-11T17:38:40.644451Z", "fetched_at": "2025-07-11T17:39:34.166335+00:00", "symbol": "ETH-USD"}, {"trade_id": 665562557, "side": "buy", "size": "0.46096727", "price": "2980.34000000", "time": "2025-07-11T17:38:40.583430Z", "fetched_at": "2025-07-11T17:39:34.166335+00:00", "symbol": "ETH-USD"}, {"trade_id": 665562556, "side": "buy", "size": "0.76902050", "price": "2980.34000000", "time": "2025-07-11T17:38:40.572211Z", "fetched_at": "2025-07-11T17:39:34.166335+00:00", "symbol": "ETH-USD"}, {"trade_id": 665562555, "side": "buy", "size": "3.12939840", "price": "2980.34000000", "time": "2025-07-11T17:38:40.554535Z", "fetched_at": "2025-07-11T17:39:34.166335+00:00", "symbol": "ETH-USD"}, {"trade_id": 665562554, "side": "buy", "size": "0.37490350", "price": "2980.34000000", "time": "2025-07-11T17:38:40.542570Z", "fetched_at": "2025-07-11T17:39:34.166335+00:00", "symbol": "ETH-USD"}, {"trade_id": 665562553, "side": "buy", "size": "1.23940203", "price": "2980.34000000", "time": "2025-07-11T17:38:40.526704Z", "fetched_at": "2025-07-11T17:39:34.166335+00:00", "symbol": "ETH-USD"}, {"trade_id": 665562552, "side": "buy", "size": "0.10545796", "price": "2980.34000000", "time": "2025-07-11T17:38:40.505991Z", "fetched_at": "2025-07-11T17:39:34.166335+00:00", "symbol": "ETH-USD"}, {"trade_id": 665562551, "side": "buy", "size": "3.92085034", "price": "2980.34000000", "time": "2025-07-11T17:38:40.491050Z", "fetched_at": "2025-07-11T17:39:34.166335+00:00", "symbol": "ETH-USD"}, {"trade_id": 665562550, "side": "buy", "size": "0.00100000", "price": "2980.34000000", "time": "2025-07-11T17:38:40.484615Z", "fetched_at": "2025-07-11T17:39:34.166335+00:00", "symbol": "ETH-USD"}, {"trade_id": 665562549, "side": "sell", "size": "0.07371000", "price": "2980.35000000", "time": "2025-07-11T17:38:40.479855Z", "fetched_at": "2025-07-11T17:39:34.166335+00:00", "symbol": "ETH-USD"}, {"trade_id": 665562548, "side": "buy", "size": "0.57630278", "price": "2980.39000000", "time": "2025-07-11T17:38:40.384120Z", "fetched_at": "2025-07-11T17:39:34.166335+00:00", "symbol": "ETH-USD"}, {"trade_id": 665562547, "side": "buy", "size": "0.78416661", "price": "2980.39000000", "time": "2025-07-11T17:38:40.383906Z", "fetched_at": "2025-07-11T17:39:34.166335+00:00", "symbol": "ETH-USD"}, {"trade_id": 665562546, "side": "buy", "size": "1.29581522", "price": "2980.46000000", "time": "2025-07-11T17:38:40.381572Z", "fetched_at": "2025-07-11T17:39:34.166335+00:00", "symbol": "ETH-USD"}, {"trade_id": 665562545, "side": "buy", "size": "0.86533388", "price": "2980.46000000", "time": "2025-07-11T17:38:40.379395Z", "fetched_at": "2025-07-11T17:39:34.166335+00:00", "symbol": "ETH-USD"}, {"trade_id": 665562544, "side": "buy", "size": "0.87179006", "price": "2980.52000000", "time": "2025-07-11T17:38:40.373943Z", "fetched_at": "2025-07-11T17:39:34.166335+00:00", "symbol": "ETH-USD"}, {"trade_id": 665562543, "side": "buy", "size": "0.00100000", "price": "2980.56000000", "time": "2025-07-11T17:38:40.373943Z", "fetched_at": "2025-07-11T17:39:34.166335+00:00", "symbol": "ETH-USD"}, {"trade_id": 665562542, "side": "buy", "size": "7.61834314", "price": "2980.70000000", "time": "2025-07-11T17:38:40.371289Z", "fetched_at": "2025-07-11T17:39:34.166335+00:00", "symbol": "ETH-USD"}, {"trade_id": 665562541, "side": "buy", "size": "0.16319016", "price": "2980.70000000", "time": "2025-07-11T17:38:40.371156Z", "fetched_at": "2025-07-11T17:39:34.166335+00:00", "symbol": "ETH-USD"}, {"trade_id": 665562540, "side": "buy", "size": "2.21846670", "price": "2980.70000000", "time": "2025-07-11T17:38:40.371015Z", "fetched_at": "2025-07-11T17:39:34.166335+00:00", "symbol": "ETH-USD"}, {"trade_id": 665562539, "side": "buy", "size": "0.00171430", "price": "2980.70000000", "time": "2025-07-11T17:38:40.371015Z", "fetched_at": "2025-07-11T17:39:34.166335+00:00", "symbol": "ETH-USD"}, {"trade_id": 665562538, "side": "buy", "size": "0.00100000", "price": "2980.78000000", "time": "2025-07-11T17:38:40.371015Z", "fetched_at": "2025-07-11T17:39:34.166335+00:00", "symbol": "ETH-USD"}, {"trade_id": 665562537, "side": "buy", "size": "0.00394069", "price": "2980.83000000", "time": "2025-07-11T17:38:40.364363Z", "fetched_at": "2025-07-11T17:39:34.166335+00:00", "symbol": "ETH-USD"}, {"trade_id": 665562536, "side": "buy", "size": "0.00394052", "price": "2980.96000000", "time": "2025-07-11T17:38:40.322097Z", "fetched_at": "2025-07-11T17:39:34.166335+00:00", "symbol": "ETH-USD"}, {"trade_id": 665562535, "side": "buy", "size": "0.00394052", "price": "2980.96000000", "time": "2025-07-11T17:38:40.311817Z", "fetched_at": "2025-07-11T17:39:34.166335+00:00", "symbol": "ETH-USD"}, {"trade_id": 665562534, "side": "buy", "size": "0.04938448", "price": "2980.96000000", "time": "2025-07-11T17:38:40.311817Z", "fetched_at": "2025-07-11T17:39:34.166335+00:00", "symbol": "ETH-USD"}, {"trade_id": 665562533, "side": "buy", "size": "0.00394047", "price": "2981.00000000", "time": "2025-07-11T17:38:40.269081Z", "fetched_at": "2025-07-11T17:39:34.166335+00:00", "symbol": "ETH-USD"}, {"trade_id": 665562532, "side": "buy", "size": "0.00100000", "price": "2981.00000000", "time": "2025-07-11T17:38:40.260876Z", "fetched_at": "2025-07-11T17:39:34.166335+00:00", "symbol": "ETH-USD"}, {"trade_id": 665562531, "side": "buy", "size": "0.00100000", "price": "2981.22000000", "time": "2025-07-11T17:38:40.210948Z", "fetched_at": "2025-07-11T17:39:34.166335+00:00", "symbol": "ETH-USD"}, {"trade_id": 665562530, "side": "buy", "size": "0.10913906", "price": "2981.35000000", "time": "2025-07-11T17:38:40.182255Z", "fetched_at": "2025-07-11T17:39:34.166335+00:00", "symbol": "ETH-USD"}, {"trade_id": 665562529, "side": "buy", "size": "0.00393998", "price": "2981.37000000", "time": "2025-07-11T17:38:40.182255Z", "fetched_at": "2025-07-11T17:39:34.166335+00:00", "symbol": "ETH-USD"}, {"trade_id": 665562528, "side": "buy", "size": "0.00100000", "price": "2981.44000000", "time": "2025-07-11T17:38:40.176720Z", "fetched_at": "2025-07-11T17:39:34.166335+00:00", "symbol": "ETH-USD"}, {"trade_id": 665562527, "side": "buy", "size": "0.00171430", "price": "2981.53000000", "time": "2025-07-11T17:38:40.167322Z", "fetched_at": "2025-07-11T17:39:34.166335+00:00", "symbol": "ETH-USD"}, {"trade_id": 665562526, "side": "buy", "size": "0.76511029", "price": "2981.60000000", "time": "2025-07-11T17:38:40.147015Z", "fetched_at": "2025-07-11T17:39:34.166335+00:00", "symbol": "ETH-USD"}, {"trade_id": 665562525, "side": "buy", "size": "0.00100000", "price": "2981.66000000", "time": "2025-07-11T17:38:40.147015Z", "fetched_at": "2025-07-11T17:39:34.166335+00:00", "symbol": "ETH-USD"}, {"trade_id": 665562524, "side": "buy", "size": "0.18099559", "price": "2981.78000000", "time": "2025-07-11T17:38:40.033778Z", "fetched_at": "2025-07-11T17:39:34.166335+00:00", "symbol": "ETH-USD"}, {"trade_id": 665562523, "side": "buy", "size": "0.00035031", "price": "2981.80000000", "time": "2025-07-11T17:38:40.033778Z", "fetched_at": "2025-07-11T17:39:34.166335+00:00", "symbol": "ETH-USD"}, {"trade_id": 665562522, "side": "buy", "size": "0.00100000", "price": "2981.88000000", "time": "2025-07-11T17:38:40.033778Z", "fetched_at": "2025-07-11T17:39:34.166335+00:00", "symbol": "ETH-USD"}, {"trade_id": 665562521, "side": "buy", "size": "0.00159627", "price": "2981.94000000", "time": "2025-07-11T17:38:40.033778Z", "fetched_at": "2025-07-11T17:39:34.166335+00:00", "symbol": "ETH-USD"}, {"trade_id": 665562520, "side": "sell", "size": "0.00988851", "price": "2981.95000000", "time": "2025-07-11T17:38:39.960754Z", "fetched_at": "2025-07-11T17:39:34.166335+00:00", "symbol": "ETH-USD"}, {"trade_id": 665562519, "side": "buy", "size": "3.88490271", "price": "2982.08000000", "time": "2025-07-11T17:38:39.910762Z", "fetched_at": "2025-07-11T17:39:34.166335+00:00", "symbol": "ETH-USD"}, {"trade_id": 665562518, "side": "buy", "size": "1.31509729", "price": "2982.08000000", "time": "2025-07-11T17:38:39.909827Z", "fetched_at": "2025-07-11T17:39:34.166335+00:00", "symbol": "ETH-USD"}, {"trade_id": 665562517, "side": "buy", "size": "0.04302687", "price": "2982.09000000", "time": "2025-07-11T17:38:39.909827Z", "fetched_at": "2025-07-11T17:39:34.166335+00:00", "symbol": "ETH-USD"}, {"trade_id": 665562516, "side": "buy", "size": "0.05166175", "price": "2982.09000000", "time": "2025-07-11T17:38:39.909827Z", "fetched_at": "2025-07-11T17:39:34.166335+00:00", "symbol": "ETH-USD"}, {"trade_id": 665562515, "side": "buy", "size": "0.01626711", "price": "2982.09000000", "time": "2025-07-11T17:38:39.909827Z", "fetched_at": "2025-07-11T17:39:34.166335+00:00", "symbol": "ETH-USD"}, {"trade_id": 665562514, "side": "buy", "size": "0.00000670", "price": "2982.09000000", "time": "2025-07-11T17:38:39.909827Z", "fetched_at": "2025-07-11T17:39:34.166335+00:00", "symbol": "ETH-USD"}, {"trade_id": 665562513, "side": "buy", "size": "0.00010395", "price": "2982.09000000", "time": "2025-07-11T17:38:39.909827Z", "fetched_at": "2025-07-11T17:39:34.166335+00:00", "symbol": "ETH-USD"}, {"trade_id": 665562512, "side": "buy", "size": "0.00039904", "price": "2982.09000000", "time": "2025-07-11T17:38:39.909827Z", "fetched_at": "2025-07-11T17:39:34.166335+00:00", "symbol": "ETH-USD"}, {"trade_id": 665562511, "side": "buy", "size": "0.00001676", "price": "2982.09000000", "time": "2025-07-11T17:38:39.909827Z", "fetched_at": "2025-07-11T17:39:34.166335+00:00", "symbol": "ETH-USD"}, {"trade_id": 665562510, "side": "buy", "size": "0.00020790", "price": "2982.09000000", "time": "2025-07-11T17:38:39.909827Z", "fetched_at": "2025-07-11T17:39:34.166335+00:00", "symbol": "ETH-USD"}, {"trade_id": 665562509, "side": "buy", "size": "0.00079809", "price": "2982.09000000", "time": "2025-07-11T17:38:39.909827Z", "fetched_at": "2025-07-11T17:39:34.166335+00:00", "symbol": "ETH-USD"}, {"trade_id": 665562508, "side": "buy", "size": "0.01434899", "price": "2982.09000000", "time": "2025-07-11T17:38:39.909827Z", "fetched_at": "2025-07-11T17:39:34.166335+00:00", "symbol": "ETH-USD"}, {"trade_id": 665562507, "side": "buy", "size": "0.01112861", "price": "2982.09000000", "time": "2025-07-11T17:38:39.909827Z", "fetched_at": "2025-07-11T17:39:34.166335+00:00", "symbol": "ETH-USD"}, {"trade_id": 665562506, "side": "buy", "size": "0.00041246", "price": "2982.09000000", "time": "2025-07-11T17:38:39.909827Z", "fetched_at": "2025-07-11T17:39:34.166335+00:00", "symbol": "ETH-USD"}, {"trade_id": 665562505, "side": "buy", "size": "0.01026457", "price": "2982.10000000", "time": "2025-07-11T17:38:39.909827Z", "fetched_at": "2025-07-11T17:39:34.166335+00:00", "symbol": "ETH-USD"}, {"trade_id": 665562504, "side": "buy", "size": "0.00159954", "price": "2982.10000000", "time": "2025-07-11T17:38:39.909827Z", "fetched_at": "2025-07-11T17:39:34.166335+00:00", "symbol": "ETH-USD"}, {"trade_id": 665562503, "side": "buy", "size": "0.00100000", "price": "2982.10000000", "time": "2025-07-11T17:38:39.909827Z", "fetched_at": "2025-07-11T17:39:34.166335+00:00", "symbol": "ETH-USD"}, {"trade_id": 665562502, "side": "buy", "size": "0.06625691", "price": "2982.33000000", "time": "2025-07-11T17:38:39.173501Z", "fetched_at": "2025-07-11T17:39:34.166335+00:00", "symbol": "ETH-USD"}, {"trade_id": 665562501, "side": "buy", "size": "1.88883793", "price": "2982.36000000", "time": "2025-07-11T17:38:39.162742Z", "fetched_at": "2025-07-11T17:39:34.166335+00:00", "symbol": "ETH-USD"}, {"trade_id": 665562500, "side": "buy", "size": "0.41801216", "price": "2982.36000000", "time": "2025-07-11T17:38:39.157886Z", "fetched_at": "2025-07-11T17:39:34.166335+00:00", "symbol": "ETH-USD"}, {"trade_id": 665562499, "side": "buy", "size": "4.70113350", "price": "2982.36000000", "time": "2025-07-11T17:38:39.157875Z", "fetched_at": "2025-07-11T17:39:34.166335+00:00", "symbol": "ETH-USD"}, {"trade_id": 665562498, "side": "buy", "size": "2.99201641", "price": "2982.36000000", "time": "2025-07-11T17:38:39.154208Z", "fetched_at": "2025-07-11T17:39:34.166335+00:00", "symbol": "ETH-USD"}, {"trade_id": 665562497, "side": "buy", "size": "0.01613130", "price": "2982.40000000", "time": "2025-07-11T17:38:39.154208Z", "fetched_at": "2025-07-11T17:39:34.166335+00:00", "symbol": "ETH-USD"}, {"trade_id": 665562496, "side": "sell", "size": "0.32587142", "price": "2982.41000000", "time": "2025-07-11T17:38:38.333310Z", "fetched_at": "2025-07-11T17:39:34.166335+00:00", "symbol": "ETH-USD"}, {"trade_id": 665562495, "side": "sell", "size": "0.00497854", "price": "2982.41000000", "time": "2025-07-11T17:38:37.979785Z", "fetched_at": "2025-07-11T17:39:34.166335+00:00", "symbol": "ETH-USD"}, {"trade_id": 665562494, "side": "buy", "size": "0.12893000", "price": "2982.45000000", "time": "2025-07-11T17:38:37.222870Z", "fetched_at": "2025-07-11T17:39:34.166335+00:00", "symbol": "ETH-USD"}, {"trade_id": 665562493, "side": "buy", "size": "0.19339000", "price": "2982.48000000", "time": "2025-07-11T17:38:37.142740Z", "fetched_at": "2025-07-11T17:39:34.166335+00:00", "symbol": "ETH-USD"}, {"trade_id": 665562492, "side": "sell", "size": "0.06204304", "price": "2982.48000000", "time": "2025-07-11T17:38:36.337640Z", "fetched_at": "2025-07-11T17:39:34.166335+00:00", "symbol": "ETH-USD"}, {"trade_id": 665562491, "side": "sell", "size": "0.00223813", "price": "2982.47000000", "time": "2025-07-11T17:38:36.337640Z", "fetched_at": "2025-07-11T17:39:34.166335+00:00", "symbol": "ETH-USD"}, {"trade_id": 665562490, "side": "sell", "size": "0.00031002", "price": "2982.37000000", "time": "2025-07-11T17:38:36.337640Z", "fetched_at": "2025-07-11T17:39:34.166335+00:00", "symbol": "ETH-USD"}, {"trade_id": 665562489, "side": "sell", "size": "0.00005589", "price": "2982.37000000", "time": "2025-07-11T17:38:36.337640Z", "fetched_at": "2025-07-11T17:39:34.166335+00:00", "symbol": "ETH-USD"}, {"trade_id": 665562488, "side": "sell", "size": "0.00024003", "price": "2982.37000000", "time": "2025-07-11T17:38:36.337640Z", "fetched_at": "2025-07-11T17:39:34.166335+00:00", "symbol": "ETH-USD"}, {"trade_id": 665562487, "side": "sell", "size": "0.11208616", "price": "2982.49000000", "time": "2025-07-11T17:38:35.870784Z", "fetched_at": "2025-07-11T17:39:34.166335+00:00", "symbol": "ETH-USD"}, {"trade_id": 665562486, "side": "sell", "size": "0.00184111", "price": "2982.37000000", "time": "2025-07-11T17:38:35.870784Z", "fetched_at": "2025-07-11T17:39:34.166335+00:00", "symbol": "ETH-USD"}, {"trade_id": 665562485, "side": "sell", "size": "0.00010244", "price": "2982.37000000", "time": "2025-07-11T17:38:35.870784Z", "fetched_at": "2025-07-11T17:39:34.166335+00:00", "symbol": "ETH-USD"}, {"trade_id": 665562484, "side": "sell", "size": "0.01765476", "price": "2982.49000000", "time": "2025-07-11T17:38:35.155840Z", "fetched_at": "2025-07-11T17:39:34.166335+00:00", "symbol": "ETH-USD"}, {"trade_id": 665562483, "side": "sell", "size": "0.00215911", "price": "2982.37000000", "time": "2025-07-11T17:38:35.155840Z", "fetched_at": "2025-07-11T17:39:34.166335+00:00", "symbol": "ETH-USD"}, {"trade_id": 665562482, "side": "sell", "size": "0.00018613", "price": "2982.37000000", "time": "2025-07-11T17:38:35.155840Z", "fetched_at": "2025-07-11T17:39:34.166335+00:00", "symbol": "ETH-USD"}, {"trade_id": 665562481, "side": "buy", "size": "0.12893000", "price": "2982.60000000", "time": "2025-07-11T17:38:34.784966Z", "fetched_at": "2025-07-11T17:39:34.166335+00:00", "symbol": "ETH-USD"}, {"trade_id": 665562480, "side": "buy", "size": "0.15000000", "price": "2982.46000000", "time": "2025-07-11T17:38:34.749319Z", "fetched_at": "2025-07-11T17:39:34.166335+00:00", "symbol": "ETH-USD"}, {"trade_id": 665562479, "side": "buy", "size": "0.12893000", "price": "2982.46000000", "time": "2025-07-11T17:38:34.749319Z", "fetched_at": "2025-07-11T17:39:34.166335+00:00", "symbol": "ETH-USD"}, {"trade_id": 665562478, "side": "buy", "size": "0.12893000", "price": "2982.49000000", "time": "2025-07-11T17:38:34.184316Z", "fetched_at": "2025-07-11T17:39:34.166335+00:00", "symbol": "ETH-USD"}, {"trade_id": 665562477, "side": "buy", "size": "0.12893000", "price": "2982.50000000", "time": "2025-07-11T17:38:33.964058Z", "fetched_at": "2025-07-11T17:39:34.166335+00:00", "symbol": "ETH-USD"}, {"trade_id": 665562476, "side": "buy", "size": "0.12893000", "price": "2982.51000000", "time": "2025-07-11T17:38:33.948626Z", "fetched_at": "2025-07-11T17:39:34.166335+00:00", "symbol": "ETH-USD"}, {"trade_id": 665562475, "side": "buy", "size": "0.12893000", "price": "2982.52000000", "time": "2025-07-11T17:38:33.934635Z", "fetched_at": "2025-07-11T17:39:34.166335+00:00", "symbol": "ETH-USD"}, {"trade_id": 665562474, "side": "buy", "size": "0.12893000", "price": "2982.53000000", "time": "2025-07-11T17:38:33.923063Z", "fetched_at": "2025-07-11T17:39:34.166335+00:00", "symbol": "ETH-USD"}, {"trade_id": 665562473, "side": "buy", "size": "0.12893000", "price": "2982.54000000", "time": "2025-07-11T17:38:33.910049Z", "fetched_at": "2025-07-11T17:39:34.166335+00:00", "symbol": "ETH-USD"}, {"trade_id": 665562472, "side": "buy", "size": "0.12893000", "price": "2982.55000000", "time": "2025-07-11T17:38:33.896663Z", "fetched_at": "2025-07-11T17:39:34.166335+00:00", "symbol": "ETH-USD"}, {"trade_id": 665562471, "side": "sell", "size": "5.05027041", "price": "2982.79000000", "time": "2025-07-11T17:38:33.870621Z", "fetched_at": "2025-07-11T17:39:34.166335+00:00", "symbol": "ETH-USD"}, {"trade_id": 665562470, "side": "sell", "size": "0.41872424", "price": "2982.78000000", "time": "2025-07-11T17:38:33.870621Z", "fetched_at": "2025-07-11T17:39:34.166335+00:00", "symbol": "ETH-USD"}, {"trade_id": 665562469, "side": "sell", "size": "0.51300000", "price": "2982.76000000", "time": "2025-07-11T17:38:33.870621Z", "fetched_at": "2025-07-11T17:39:34.166335+00:00", "symbol": "ETH-USD"}, {"trade_id": 665562468, "side": "sell", "size": "0.00002055", "price": "2982.76000000", "time": "2025-07-11T17:38:33.870621Z", "fetched_at": "2025-07-11T17:39:34.166335+00:00", "symbol": "ETH-USD"}, {"trade_id": 665562467, "side": "sell", "size": "0.00100000", "price": "2982.76000000", "time": "2025-07-11T17:38:33.870621Z", "fetched_at": "2025-07-11T17:39:34.166335+00:00", "symbol": "ETH-USD"}, {"trade_id": 665562466, "side": "sell", "size": "0.03728254", "price": "2982.75000000", "time": "2025-07-11T17:38:33.870621Z", "fetched_at": "2025-07-11T17:39:34.166335+00:00", "symbol": "ETH-USD"}, {"trade_id": 665562465, "side": "sell", "size": "0.38809822", "price": "2982.66000000", "time": "2025-07-11T17:38:33.870621Z", "fetched_at": "2025-07-11T17:39:34.166335+00:00", "symbol": "ETH-USD"}, {"trade_id": 665562464, "side": "sell", "size": "0.30000000", "price": "2982.60000000", "time": "2025-07-11T17:38:33.870621Z", "fetched_at": "2025-07-11T17:39:34.166335+00:00", "symbol": "ETH-USD"}, {"trade_id": 665562463, "side": "sell", "size": "0.16768224", "price": "2982.56000000", "time": "2025-07-11T17:38:33.870621Z", "fetched_at": "2025-07-11T17:39:34.166335+00:00", "symbol": "ETH-USD"}, {"trade_id": 665562462, "side": "sell", "size": "0.30000000", "price": "2982.50000000", "time": "2025-07-11T17:38:33.870621Z", "fetched_at": "2025-07-11T17:39:34.166335+00:00", "symbol": "ETH-USD"}, {"trade_id": 665562461, "side": "sell", "size": "0.83822858", "price": "2982.48000000", "time": "2025-07-11T17:38:33.870621Z", "fetched_at": "2025-07-11T17:39:34.166335+00:00", "symbol": "ETH-USD"}, {"trade_id": 665562460, "side": "sell", "size": "0.39774220", "price": "2982.47000000", "time": "2025-07-11T17:38:33.870621Z", "fetched_at": "2025-07-11T17:39:34.166335+00:00", "symbol": "ETH-USD"}, {"trade_id": 665562459, "side": "sell", "size": "0.50293715", "price": "2982.47000000", "time": "2025-07-11T17:38:33.870621Z", "fetched_at": "2025-07-11T17:39:34.166335+00:00", "symbol": "ETH-USD"}, {"trade_id": 665562458, "side": "sell", "size": "0.00255250", "price": "2982.45000000", "time": "2025-07-11T17:38:33.870621Z", "fetched_at": "2025-07-11T17:39:34.166335+00:00", "symbol": "ETH-USD"}, {"trade_id": 665562457, "side": "sell", "size": "0.44245090", "price": "2982.45000000", "time": "2025-07-11T17:38:33.870621Z", "fetched_at": "2025-07-11T17:39:34.166335+00:00", "symbol": "ETH-USD"}, {"trade_id": 665562456, "side": "sell", "size": "0.43772000", "price": "2982.45000000", "time": "2025-07-11T17:38:33.870621Z", "fetched_at": "2025-07-11T17:39:34.166335+00:00", "symbol": "ETH-USD"}, {"trade_id": 665562455, "side": "sell", "size": "0.00157656", "price": "2982.45000000", "time": "2025-07-11T17:38:33.543769Z", "fetched_at": "2025-07-11T17:39:34.166335+00:00", "symbol": "ETH-USD"}, {"trade_id": 665562454, "side": "buy", "size": "0.12893000", "price": "2982.45000000", "time": "2025-07-11T17:38:33.219337Z", "fetched_at": "2025-07-11T17:39:34.166335+00:00", "symbol": "ETH-USD"}, {"trade_id": 665562453, "side": "sell", "size": "0.00571794", "price": "2982.46000000", "time": "2025-07-11T17:38:33.208483Z", "fetched_at": "2025-07-11T17:39:34.166335+00:00", "symbol": "ETH-USD"}, {"trade_id": 665562452, "side": "sell", "size": "0.00257873", "price": "2982.46000000", "time": "2025-07-11T17:38:33.208483Z", "fetched_at": "2025-07-11T17:39:34.166335+00:00", "symbol": "ETH-USD"}, {"trade_id": 665562451, "side": "buy", "size": "0.50000000", "price": "2982.40000000", "time": "2025-07-11T17:38:32.807060Z", "fetched_at": "2025-07-11T17:39:34.166335+00:00", "symbol": "ETH-USD"}, {"trade_id": 665562450, "side": "buy", "size": "0.15000000", "price": "2982.41000000", "time": "2025-07-11T17:38:32.807060Z", "fetched_at": "2025-07-11T17:39:34.166335+00:00", "symbol": "ETH-USD"}, {"trade_id": 665562449, "side": "buy", "size": "0.04946600", "price": "2982.48000000", "time": "2025-07-11T17:38:32.807060Z", "fetched_at": "2025-07-11T17:39:34.166335+00:00", "symbol": "ETH-USD"}, {"trade_id": 665562448, "side": "buy", "size": "0.01613081", "price": "2982.49000000", "time": "2025-07-11T17:38:32.807060Z", "fetched_at": "2025-07-11T17:39:34.166335+00:00", "symbol": "ETH-USD"}, {"trade_id": 665562447, "side": "buy", "size": "0.12893000", "price": "2982.49000000", "time": "2025-07-11T17:38:32.807060Z", "fetched_at": "2025-07-11T17:39:34.166335+00:00", "symbol": "ETH-USD"}