[{"trade_id": 138705265, "side": "sell", "size": "15.60000000", "price": "0.19618000", "time": "2025-07-12T13:04:18.889615Z", "fetched_at": "2025-07-12T13:04:24.016630+00:00", "symbol": "DOGE-USD"}, {"trade_id": 138705264, "side": "buy", "size": "303.30000000", "price": "0.19615000", "time": "2025-07-12T13:04:16.779600Z", "fetched_at": "2025-07-12T13:04:24.016630+00:00", "symbol": "DOGE-USD"}, {"trade_id": 138705263, "side": "buy", "size": "1164.10000000", "price": "0.19615000", "time": "2025-07-12T13:04:16.779600Z", "fetched_at": "2025-07-12T13:04:24.016630+00:00", "symbol": "DOGE-USD"}, {"trade_id": 138705262, "side": "buy", "size": "1280.90000000", "price": "0.19616000", "time": "2025-07-12T13:04:16.779600Z", "fetched_at": "2025-07-12T13:04:24.016630+00:00", "symbol": "DOGE-USD"}, {"trade_id": 138705261, "side": "buy", "size": "5.70000000", "price": "0.19616000", "time": "2025-07-12T13:04:16.779600Z", "fetched_at": "2025-07-12T13:04:24.016630+00:00", "symbol": "DOGE-USD"}, {"trade_id": 138705260, "side": "buy", "size": "2396.50000000", "price": "0.19616000", "time": "2025-07-12T13:04:16.779600Z", "fetched_at": "2025-07-12T13:04:24.016630+00:00", "symbol": "DOGE-USD"}, {"trade_id": 138705259, "side": "buy", "size": "1640.30000000", "price": "0.19617000", "time": "2025-07-12T13:04:15.907326Z", "fetched_at": "2025-07-12T13:04:24.016630+00:00", "symbol": "DOGE-USD"}, {"trade_id": 138705258, "side": "buy", "size": "1209.70000000", "price": "0.19620000", "time": "2025-07-12T13:04:15.621315Z", "fetched_at": "2025-07-12T13:04:24.016630+00:00", "symbol": "DOGE-USD"}, {"trade_id": 138705257, "side": "buy", "size": "14036.70000000", "price": "0.19619000", "time": "2025-07-12T13:04:14.320796Z", "fetched_at": "2025-07-12T13:04:24.016630+00:00", "symbol": "DOGE-USD"}, {"trade_id": 138705256, "side": "buy", "size": "14033.10000000", "price": "0.19624000", "time": "2025-07-12T13:04:12.835615Z", "fetched_at": "2025-07-12T13:04:24.016630+00:00", "symbol": "DOGE-USD"}, {"trade_id": 138705255, "side": "sell", "size": "5.70000000", "price": "0.19626000", "time": "2025-07-12T13:04:11.584049Z", "fetched_at": "2025-07-12T13:04:24.016630+00:00", "symbol": "DOGE-USD"}, {"trade_id": 138705254, "side": "sell", "size": "5.70000000", "price": "0.19624000", "time": "2025-07-12T13:04:11.580996Z", "fetched_at": "2025-07-12T13:04:24.016630+00:00", "symbol": "DOGE-USD"}, {"trade_id": 138705253, "side": "sell", "size": "5.60000000", "price": "0.19623000", "time": "2025-07-12T13:04:11.138570Z", "fetched_at": "2025-07-12T13:04:24.016630+00:00", "symbol": "DOGE-USD"}, {"trade_id": 138705252, "side": "sell", "size": "5.70000000", "price": "0.19622000", "time": "2025-07-12T13:04:10.799279Z", "fetched_at": "2025-07-12T13:04:24.016630+00:00", "symbol": "DOGE-USD"}, {"trade_id": 138705251, "side": "sell", "size": "5.70000000", "price": "0.19620000", "time": "2025-07-12T13:04:10.646039Z", "fetched_at": "2025-07-12T13:04:24.016630+00:00", "symbol": "DOGE-USD"}, {"trade_id": 138705250, "side": "sell", "size": "5.70000000", "price": "0.19618000", "time": "2025-07-12T13:04:10.075285Z", "fetched_at": "2025-07-12T13:04:24.016630+00:00", "symbol": "DOGE-USD"}, {"trade_id": 138705249, "side": "sell", "size": "5.70000000", "price": "0.19616000", "time": "2025-07-12T13:04:09.846149Z", "fetched_at": "2025-07-12T13:04:24.016630+00:00", "symbol": "DOGE-USD"}, {"trade_id": 138705248, "side": "buy", "size": "62.50000000", "price": "0.19611000", "time": "2025-07-12T13:04:09.396551Z", "fetched_at": "2025-07-12T13:04:24.016630+00:00", "symbol": "DOGE-USD"}, {"trade_id": 138705247, "side": "sell", "size": "10169.10000000", "price": "0.19606000", "time": "2025-07-12T13:04:05.007297Z", "fetched_at": "2025-07-12T13:04:24.016630+00:00", "symbol": "DOGE-USD"}, {"trade_id": 138705246, "side": "buy", "size": "18964.10000000", "price": "0.19604000", "time": "2025-07-12T13:04:03.872377Z", "fetched_at": "2025-07-12T13:04:24.016630+00:00", "symbol": "DOGE-USD"}, {"trade_id": 138705245, "side": "buy", "size": "2462.00000000", "price": "0.19604000", "time": "2025-07-12T13:04:03.872377Z", "fetched_at": "2025-07-12T13:04:24.016630+00:00", "symbol": "DOGE-USD"}, {"trade_id": 138705244, "side": "buy", "size": "9885.70000000", "price": "0.19609000", "time": "2025-07-12T13:04:02.977597Z", "fetched_at": "2025-07-12T13:04:24.016630+00:00", "symbol": "DOGE-USD"}, {"trade_id": 138705243, "side": "buy", "size": "535.90000000", "price": "0.19609000", "time": "2025-07-12T13:04:02.929395Z", "fetched_at": "2025-07-12T13:04:24.016630+00:00", "symbol": "DOGE-USD"}, {"trade_id": 138705242, "side": "buy", "size": "1399.30000000", "price": "0.19610000", "time": "2025-07-12T13:04:02.864772Z", "fetched_at": "2025-07-12T13:04:24.016630+00:00", "symbol": "DOGE-USD"}, {"trade_id": 138705241, "side": "buy", "size": "1255.50000000", "price": "0.19610000", "time": "2025-07-12T13:04:02.864772Z", "fetched_at": "2025-07-12T13:04:24.016630+00:00", "symbol": "DOGE-USD"}, {"trade_id": 138705240, "side": "sell", "size": "2357.70000000", "price": "0.19614000", "time": "2025-07-12T13:04:02.744992Z", "fetched_at": "2025-07-12T13:04:24.016630+00:00", "symbol": "DOGE-USD"}, {"trade_id": 138705239, "side": "sell", "size": "5.70000000", "price": "0.19614000", "time": "2025-07-12T13:04:02.744992Z", "fetched_at": "2025-07-12T13:04:24.016630+00:00", "symbol": "DOGE-USD"}, {"trade_id": 138705238, "side": "sell", "size": "635.50000000", "price": "0.19613000", "time": "2025-07-12T13:04:02.744992Z", "fetched_at": "2025-07-12T13:04:24.016630+00:00", "symbol": "DOGE-USD"}, {"trade_id": 138705237, "side": "sell", "size": "3220.70000000", "price": "0.19612000", "time": "2025-07-12T13:04:02.743090Z", "fetched_at": "2025-07-12T13:04:24.016630+00:00", "symbol": "DOGE-USD"}, {"trade_id": 138705236, "side": "sell", "size": "6980.10000000", "price": "0.19612000", "time": "2025-07-12T13:04:02.742806Z", "fetched_at": "2025-07-12T13:04:24.016630+00:00", "symbol": "DOGE-USD"}, {"trade_id": 138705235, "side": "sell", "size": "5.70000000", "price": "0.19612000", "time": "2025-07-12T13:04:02.742806Z", "fetched_at": "2025-07-12T13:04:24.016630+00:00", "symbol": "DOGE-USD"}, {"trade_id": 138705234, "side": "sell", "size": "1001.30000000", "price": "0.19610000", "time": "2025-07-12T13:04:02.740473Z", "fetched_at": "2025-07-12T13:04:24.016630+00:00", "symbol": "DOGE-USD"}, {"trade_id": 138705233, "side": "sell", "size": "9198.90000000", "price": "0.19610000", "time": "2025-07-12T13:04:02.739814Z", "fetched_at": "2025-07-12T13:04:24.016630+00:00", "symbol": "DOGE-USD"}, {"trade_id": 138705232, "side": "sell", "size": "18971.50000000", "price": "0.19610000", "time": "2025-07-12T13:04:02.739814Z", "fetched_at": "2025-07-12T13:04:24.016630+00:00", "symbol": "DOGE-USD"}, {"trade_id": 138705231, "side": "sell", "size": "10200.20000000", "price": "0.19610000", "time": "2025-07-12T13:04:02.739814Z", "fetched_at": "2025-07-12T13:04:24.016630+00:00", "symbol": "DOGE-USD"}, {"trade_id": 138705230, "side": "sell", "size": "5.70000000", "price": "0.19610000", "time": "2025-07-12T13:04:02.739814Z", "fetched_at": "2025-07-12T13:04:24.016630+00:00", "symbol": "DOGE-USD"}, {"trade_id": 138705229, "side": "sell", "size": "5.70000000", "price": "0.19608000", "time": "2025-07-12T13:04:02.738769Z", "fetched_at": "2025-07-12T13:04:24.016630+00:00", "symbol": "DOGE-USD"}, {"trade_id": 138705228, "side": "sell", "size": "313.80000000", "price": "0.19606000", "time": "2025-07-12T13:04:02.738769Z", "fetched_at": "2025-07-12T13:04:24.016630+00:00", "symbol": "DOGE-USD"}, {"trade_id": 138705227, "side": "sell", "size": "5.70000000", "price": "0.19606000", "time": "2025-07-12T13:04:02.738769Z", "fetched_at": "2025-07-12T13:04:24.016630+00:00", "symbol": "DOGE-USD"}, {"trade_id": 138705226, "side": "sell", "size": "5.70000000", "price": "0.19604000", "time": "2025-07-12T13:04:02.570958Z", "fetched_at": "2025-07-12T13:04:24.016630+00:00", "symbol": "DOGE-USD"}, {"trade_id": 138705225, "side": "sell", "size": "5.70000000", "price": "0.19602000", "time": "2025-07-12T13:04:02.566099Z", "fetched_at": "2025-07-12T13:04:24.016630+00:00", "symbol": "DOGE-USD"}, {"trade_id": 138705224, "side": "buy", "size": "18971.20000000", "price": "0.19598000", "time": "2025-07-12T13:03:54.881566Z", "fetched_at": "2025-07-12T13:04:24.016630+00:00", "symbol": "DOGE-USD"}, {"trade_id": 138705223, "side": "buy", "size": "1800.30000000", "price": "0.19599000", "time": "2025-07-12T13:03:54.880180Z", "fetched_at": "2025-07-12T13:04:24.016630+00:00", "symbol": "DOGE-USD"}, {"trade_id": 138705222, "side": "sell", "size": "5.70000000", "price": "0.19604000", "time": "2025-07-12T13:03:53.637797Z", "fetched_at": "2025-07-12T13:04:24.016630+00:00", "symbol": "DOGE-USD"}, {"trade_id": 138705221, "side": "sell", "size": "5.70000000", "price": "0.19602000", "time": "2025-07-12T13:03:52.919656Z", "fetched_at": "2025-07-12T13:04:24.016630+00:00", "symbol": "DOGE-USD"}, {"trade_id": 138705220, "side": "sell", "size": "5.70000000", "price": "0.19600000", "time": "2025-07-12T13:03:52.216088Z", "fetched_at": "2025-07-12T13:04:24.016630+00:00", "symbol": "DOGE-USD"}, {"trade_id": 138705219, "side": "sell", "size": "18993.80000000", "price": "0.19600000", "time": "2025-07-12T13:03:52.216088Z", "fetched_at": "2025-07-12T13:04:24.016630+00:00", "symbol": "DOGE-USD"}, {"trade_id": 138705218, "side": "sell", "size": "4802.00000000", "price": "0.19600000", "time": "2025-07-12T13:03:52.216088Z", "fetched_at": "2025-07-12T13:04:24.016630+00:00", "symbol": "DOGE-USD"}, {"trade_id": 138705217, "side": "sell", "size": "8240.00000000", "price": "0.19599000", "time": "2025-07-12T13:03:52.214593Z", "fetched_at": "2025-07-12T13:04:24.016630+00:00", "symbol": "DOGE-USD"}, {"trade_id": 138705216, "side": "sell", "size": "5.70000000", "price": "0.19598000", "time": "2025-07-12T13:03:52.214593Z", "fetched_at": "2025-07-12T13:04:24.016630+00:00", "symbol": "DOGE-USD"}, {"trade_id": 138705215, "side": "sell", "size": "5.70000000", "price": "0.19596000", "time": "2025-07-12T13:03:52.214593Z", "fetched_at": "2025-07-12T13:04:24.016630+00:00", "symbol": "DOGE-USD"}, {"trade_id": 138705214, "side": "buy", "size": "1173.20000000", "price": "0.19594000", "time": "2025-07-12T13:03:51.818876Z", "fetched_at": "2025-07-12T13:04:24.016630+00:00", "symbol": "DOGE-USD"}, {"trade_id": 138705213, "side": "buy", "size": "92.90000000", "price": "0.19591000", "time": "2025-07-12T13:03:47.891867Z", "fetched_at": "2025-07-12T13:04:24.016630+00:00", "symbol": "DOGE-USD"}, {"trade_id": 138705212, "side": "buy", "size": "5.70000000", "price": "0.19592000", "time": "2025-07-12T13:03:47.891867Z", "fetched_at": "2025-07-12T13:04:24.016630+00:00", "symbol": "DOGE-USD"}, {"trade_id": 138705211, "side": "buy", "size": "8137.60000000", "price": "0.19594000", "time": "2025-07-12T13:03:46.418663Z", "fetched_at": "2025-07-12T13:04:24.016630+00:00", "symbol": "DOGE-USD"}, {"trade_id": 138705210, "side": "buy", "size": "1358.70000000", "price": "0.19594000", "time": "2025-07-12T13:03:46.418663Z", "fetched_at": "2025-07-12T13:04:24.016630+00:00", "symbol": "DOGE-USD"}, {"trade_id": 138705209, "side": "buy", "size": "5.70000000", "price": "0.19596000", "time": "2025-07-12T13:03:46.418663Z", "fetched_at": "2025-07-12T13:04:24.016630+00:00", "symbol": "DOGE-USD"}, {"trade_id": 138705208, "side": "buy", "size": "2023.10000000", "price": "0.19599000", "time": "2025-07-12T13:03:45.599697Z", "fetched_at": "2025-07-12T13:04:24.016630+00:00", "symbol": "DOGE-USD"}, {"trade_id": 138705207, "side": "sell", "size": "809.30000000", "price": "0.19605000", "time": "2025-07-12T13:03:44.155768Z", "fetched_at": "2025-07-12T13:04:24.016630+00:00", "symbol": "DOGE-USD"}, {"trade_id": 138705206, "side": "sell", "size": "5.70000000", "price": "0.19604000", "time": "2025-07-12T13:03:44.155768Z", "fetched_at": "2025-07-12T13:04:24.016630+00:00", "symbol": "DOGE-USD"}, {"trade_id": 138705205, "side": "sell", "size": "5.70000000", "price": "0.19600000", "time": "2025-07-12T13:03:41.825621Z", "fetched_at": "2025-07-12T13:04:24.016630+00:00", "symbol": "DOGE-USD"}, {"trade_id": 138705204, "side": "sell", "size": "5.70000000", "price": "0.19598000", "time": "2025-07-12T13:03:41.538042Z", "fetched_at": "2025-07-12T13:04:24.016630+00:00", "symbol": "DOGE-USD"}, {"trade_id": 138705203, "side": "sell", "size": "5.70000000", "price": "0.19596000", "time": "2025-07-12T13:03:41.277404Z", "fetched_at": "2025-07-12T13:04:24.016630+00:00", "symbol": "DOGE-USD"}, {"trade_id": 138705202, "side": "sell", "size": "5.70000000", "price": "0.19594000", "time": "2025-07-12T13:03:40.260436Z", "fetched_at": "2025-07-12T13:04:24.016630+00:00", "symbol": "DOGE-USD"}, {"trade_id": 138705201, "side": "sell", "size": "13582.00000000", "price": "0.19592000", "time": "2025-07-12T13:03:40.024495Z", "fetched_at": "2025-07-12T13:04:24.016630+00:00", "symbol": "DOGE-USD"}, {"trade_id": 138705200, "side": "sell", "size": "5.70000000", "price": "0.19592000", "time": "2025-07-12T13:03:40.024495Z", "fetched_at": "2025-07-12T13:04:24.016630+00:00", "symbol": "DOGE-USD"}, {"trade_id": 138705199, "side": "sell", "size": "5.70000000", "price": "0.19590000", "time": "2025-07-12T13:03:40.024495Z", "fetched_at": "2025-07-12T13:04:24.016630+00:00", "symbol": "DOGE-USD"}, {"trade_id": 138705198, "side": "sell", "size": "5.40000000", "price": "0.19588000", "time": "2025-07-12T13:03:39.268909Z", "fetched_at": "2025-07-12T13:04:24.016630+00:00", "symbol": "DOGE-USD"}, {"trade_id": 138705197, "side": "sell", "size": "0.30000000", "price": "0.19588000", "time": "2025-07-12T13:03:38.531197Z", "fetched_at": "2025-07-12T13:04:24.016630+00:00", "symbol": "DOGE-USD"}, {"trade_id": 138705196, "side": "sell", "size": "469.70000000", "price": "0.19587000", "time": "2025-07-12T13:03:36.567599Z", "fetched_at": "2025-07-12T13:04:24.016630+00:00", "symbol": "DOGE-USD"}, {"trade_id": 138705195, "side": "sell", "size": "14062.00000000", "price": "0.19586000", "time": "2025-07-12T13:03:36.468616Z", "fetched_at": "2025-07-12T13:04:24.016630+00:00", "symbol": "DOGE-USD"}, {"trade_id": 138705194, "side": "sell", "size": "5.70000000", "price": "0.19586000", "time": "2025-07-12T13:03:36.468616Z", "fetched_at": "2025-07-12T13:04:24.016630+00:00", "symbol": "DOGE-USD"}, {"trade_id": 138705193, "side": "sell", "size": "5.70000000", "price": "0.19584000", "time": "2025-07-12T13:03:36.468251Z", "fetched_at": "2025-07-12T13:04:24.016630+00:00", "symbol": "DOGE-USD"}, {"trade_id": 138705192, "side": "buy", "size": "5.70000000", "price": "0.19580000", "time": "2025-07-12T13:03:33.567963Z", "fetched_at": "2025-07-12T13:04:24.016630+00:00", "symbol": "DOGE-USD"}, {"trade_id": 138705191, "side": "buy", "size": "1339.40000000", "price": "0.19582000", "time": "2025-07-12T13:03:28.500979Z", "fetched_at": "2025-07-12T13:04:24.016630+00:00", "symbol": "DOGE-USD"}, {"trade_id": 138705190, "side": "buy", "size": "5.70000000", "price": "0.19582000", "time": "2025-07-12T13:03:28.500979Z", "fetched_at": "2025-07-12T13:04:24.016630+00:00", "symbol": "DOGE-USD"}, {"trade_id": 138705189, "side": "buy", "size": "5.70000000", "price": "0.19584000", "time": "2025-07-12T13:03:28.500979Z", "fetched_at": "2025-07-12T13:04:24.016630+00:00", "symbol": "DOGE-USD"}, {"trade_id": 138705188, "side": "buy", "size": "5.70000000", "price": "0.19586000", "time": "2025-07-12T13:03:28.057456Z", "fetched_at": "2025-07-12T13:04:24.016630+00:00", "symbol": "DOGE-USD"}, {"trade_id": 138705187, "side": "buy", "size": "823.50000000", "price": "0.19587000", "time": "2025-07-12T13:03:27.787609Z", "fetched_at": "2025-07-12T13:04:24.016630+00:00", "symbol": "DOGE-USD"}, {"trade_id": 138705186, "side": "buy", "size": "1722.30000000", "price": "0.19588000", "time": "2025-07-12T13:03:27.787609Z", "fetched_at": "2025-07-12T13:04:24.016630+00:00", "symbol": "DOGE-USD"}, {"trade_id": 138705185, "side": "buy", "size": "12374.50000000", "price": "0.19588000", "time": "2025-07-12T13:03:26.964215Z", "fetched_at": "2025-07-12T13:04:24.016630+00:00", "symbol": "DOGE-USD"}, {"trade_id": 138705184, "side": "buy", "size": "5.70000000", "price": "0.19588000", "time": "2025-07-12T13:03:26.964215Z", "fetched_at": "2025-07-12T13:04:24.016630+00:00", "symbol": "DOGE-USD"}, {"trade_id": 138705183, "side": "buy", "size": "5.70000000", "price": "0.19590000", "time": "2025-07-12T13:03:26.964215Z", "fetched_at": "2025-07-12T13:04:24.016630+00:00", "symbol": "DOGE-USD"}, {"trade_id": 138705182, "side": "buy", "size": "5.70000000", "price": "0.19592000", "time": "2025-07-12T13:03:26.668810Z", "fetched_at": "2025-07-12T13:04:24.016630+00:00", "symbol": "DOGE-USD"}, {"trade_id": 138705181, "side": "buy", "size": "196.00000000", "price": "0.19593000", "time": "2025-07-12T13:03:24.912431Z", "fetched_at": "2025-07-12T13:04:24.016630+00:00", "symbol": "DOGE-USD"}, {"trade_id": 138705180, "side": "buy", "size": "5.70000000", "price": "0.19594000", "time": "2025-07-12T13:03:24.302673Z", "fetched_at": "2025-07-12T13:04:24.016630+00:00", "symbol": "DOGE-USD"}, {"trade_id": 138705179, "side": "buy", "size": "5.70000000", "price": "0.19596000", "time": "2025-07-12T13:03:23.752399Z", "fetched_at": "2025-07-12T13:04:24.016630+00:00", "symbol": "DOGE-USD"}, {"trade_id": 138705178, "side": "buy", "size": "5.70000000", "price": "0.19598000", "time": "2025-07-12T13:03:23.450827Z", "fetched_at": "2025-07-12T13:04:24.016630+00:00", "symbol": "DOGE-USD"}, {"trade_id": 138705177, "side": "sell", "size": "759.50000000", "price": "0.19602000", "time": "2025-07-12T13:03:20.982615Z", "fetched_at": "2025-07-12T13:04:24.016630+00:00", "symbol": "DOGE-USD"}, {"trade_id": 138705176, "side": "sell", "size": "4941.00000000", "price": "0.19602000", "time": "2025-07-12T13:03:20.982208Z", "fetched_at": "2025-07-12T13:04:24.016630+00:00", "symbol": "DOGE-USD"}, {"trade_id": 138705175, "side": "sell", "size": "2470.50000000", "price": "0.19602000", "time": "2025-07-12T13:03:20.977079Z", "fetched_at": "2025-07-12T13:04:24.016630+00:00", "symbol": "DOGE-USD"}, {"trade_id": 138705174, "side": "sell", "size": "2403.90000000", "price": "0.19602000", "time": "2025-07-12T13:03:20.976993Z", "fetched_at": "2025-07-12T13:04:24.016630+00:00", "symbol": "DOGE-USD"}, {"trade_id": 138705173, "side": "buy", "size": "10942.90000000", "price": "0.19597000", "time": "2025-07-12T13:03:20.034617Z", "fetched_at": "2025-07-12T13:04:24.016630+00:00", "symbol": "DOGE-USD"}, {"trade_id": 138705172, "side": "buy", "size": "5.70000000", "price": "0.19598000", "time": "2025-07-12T13:03:20.034617Z", "fetched_at": "2025-07-12T13:04:24.016630+00:00", "symbol": "DOGE-USD"}, {"trade_id": 138705171, "side": "buy", "size": "14053.80000000", "price": "0.19595000", "time": "2025-07-12T13:03:13.634889Z", "fetched_at": "2025-07-12T13:04:24.016630+00:00", "symbol": "DOGE-USD"}, {"trade_id": 138705170, "side": "buy", "size": "5.70000000", "price": "0.19598000", "time": "2025-07-12T13:03:13.634889Z", "fetched_at": "2025-07-12T13:04:24.016630+00:00", "symbol": "DOGE-USD"}, {"trade_id": 138705169, "side": "sell", "size": "19100.00000000", "price": "0.19602000", "time": "2025-07-12T13:03:08.495576Z", "fetched_at": "2025-07-12T13:04:24.016630+00:00", "symbol": "DOGE-USD"}, {"trade_id": 138705168, "side": "sell", "size": "9598.10000000", "price": "0.19601000", "time": "2025-07-12T13:03:08.492051Z", "fetched_at": "2025-07-12T13:04:24.016630+00:00", "symbol": "DOGE-USD"}, {"trade_id": 138705167, "side": "buy", "size": "493.60000000", "price": "0.19598000", "time": "2025-07-12T13:03:07.732628Z", "fetched_at": "2025-07-12T13:04:24.016630+00:00", "symbol": "DOGE-USD"}, {"trade_id": 138705166, "side": "sell", "size": "14050.00000000", "price": "0.19596000", "time": "2025-07-12T13:03:06.109870Z", "fetched_at": "2025-07-12T13:04:24.016630+00:00", "symbol": "DOGE-USD"}, {"trade_id": 138705165, "side": "buy", "size": "4334.60000000", "price": "0.19593000", "time": "2025-07-12T13:03:04.707505Z", "fetched_at": "2025-07-12T13:04:24.016630+00:00", "symbol": "DOGE-USD"}, {"trade_id": 138705164, "side": "buy", "size": "1298.60000000", "price": "0.19594000", "time": "2025-07-12T13:03:04.707505Z", "fetched_at": "2025-07-12T13:04:24.016630+00:00", "symbol": "DOGE-USD"}, {"trade_id": 138705163, "side": "buy", "size": "3238.40000000", "price": "0.19594000", "time": "2025-07-12T13:03:04.707505Z", "fetched_at": "2025-07-12T13:04:24.016630+00:00", "symbol": "DOGE-USD"}, {"trade_id": 138705162, "side": "buy", "size": "6341.30000000", "price": "0.19594000", "time": "2025-07-12T13:03:04.707505Z", "fetched_at": "2025-07-12T13:04:24.016630+00:00", "symbol": "DOGE-USD"}, {"trade_id": 138705161, "side": "buy", "size": "823.50000000", "price": "0.19594000", "time": "2025-07-12T13:03:04.707505Z", "fetched_at": "2025-07-12T13:04:24.016630+00:00", "symbol": "DOGE-USD"}, {"trade_id": 138705160, "side": "buy", "size": "5.70000000", "price": "0.19594000", "time": "2025-07-12T13:03:04.707505Z", "fetched_at": "2025-07-12T13:04:24.016630+00:00", "symbol": "DOGE-USD"}, {"trade_id": 138705159, "side": "buy", "size": "823.50000000", "price": "0.19596000", "time": "2025-07-12T13:03:04.707505Z", "fetched_at": "2025-07-12T13:04:24.016630+00:00", "symbol": "DOGE-USD"}, {"trade_id": 138705158, "side": "buy", "size": "1213.70000000", "price": "0.19596000", "time": "2025-07-12T13:03:04.707505Z", "fetched_at": "2025-07-12T13:04:24.016630+00:00", "symbol": "DOGE-USD"}, {"trade_id": 138705157, "side": "buy", "size": "5.70000000", "price": "0.19596000", "time": "2025-07-12T13:03:04.707505Z", "fetched_at": "2025-07-12T13:04:24.016630+00:00", "symbol": "DOGE-USD"}, {"trade_id": 138705156, "side": "buy", "size": "1358.90000000", "price": "0.19597000", "time": "2025-07-12T13:03:04.707505Z", "fetched_at": "2025-07-12T13:04:24.016630+00:00", "symbol": "DOGE-USD"}, {"trade_id": 138705155, "side": "buy", "size": "9153.20000000", "price": "0.19598000", "time": "2025-07-12T13:03:04.707505Z", "fetched_at": "2025-07-12T13:04:24.016630+00:00", "symbol": "DOGE-USD"}, {"trade_id": 138705154, "side": "buy", "size": "5.70000000", "price": "0.19598000", "time": "2025-07-12T13:03:04.707505Z", "fetched_at": "2025-07-12T13:04:24.016630+00:00", "symbol": "DOGE-USD"}, {"trade_id": 138705153, "side": "buy", "size": "3772.80000000", "price": "0.19599000", "time": "2025-07-12T13:03:03.705723Z", "fetched_at": "2025-07-12T13:04:24.016630+00:00", "symbol": "DOGE-USD"}, {"trade_id": 138705152, "side": "buy", "size": "14050.30000000", "price": "0.19600000", "time": "2025-07-12T13:03:03.705222Z", "fetched_at": "2025-07-12T13:04:24.016630+00:00", "symbol": "DOGE-USD"}, {"trade_id": 138705151, "side": "buy", "size": "5.70000000", "price": "0.19600000", "time": "2025-07-12T13:03:03.705222Z", "fetched_at": "2025-07-12T13:04:24.016630+00:00", "symbol": "DOGE-USD"}, {"trade_id": 138705150, "side": "buy", "size": "5.70000000", "price": "0.19604000", "time": "2025-07-12T13:03:03.702899Z", "fetched_at": "2025-07-12T13:04:24.016630+00:00", "symbol": "DOGE-USD"}, {"trade_id": 138705149, "side": "buy", "size": "5.70000000", "price": "0.19606000", "time": "2025-07-12T13:03:03.180507Z", "fetched_at": "2025-07-12T13:04:24.016630+00:00", "symbol": "DOGE-USD"}, {"trade_id": 138705148, "side": "buy", "size": "872.30000000", "price": "0.19607000", "time": "2025-07-12T13:03:01.482303Z", "fetched_at": "2025-07-12T13:04:24.016630+00:00", "symbol": "DOGE-USD"}, {"trade_id": 138705147, "side": "buy", "size": "534.00000000", "price": "0.19607000", "time": "2025-07-12T13:03:01.482303Z", "fetched_at": "2025-07-12T13:04:24.016630+00:00", "symbol": "DOGE-USD"}, {"trade_id": 138705146, "side": "buy", "size": "5.70000000", "price": "0.19608000", "time": "2025-07-12T13:03:01.482303Z", "fetched_at": "2025-07-12T13:04:24.016630+00:00", "symbol": "DOGE-USD"}, {"trade_id": 138705145, "side": "buy", "size": "2040.70000000", "price": "0.19610000", "time": "2025-07-12T13:03:00.638860Z", "fetched_at": "2025-07-12T13:04:24.016630+00:00", "symbol": "DOGE-USD"}, {"trade_id": 138705144, "side": "buy", "size": "5.70000000", "price": "0.19612000", "time": "2025-07-12T13:03:00.638860Z", "fetched_at": "2025-07-12T13:04:24.016630+00:00", "symbol": "DOGE-USD"}, {"trade_id": 138705143, "side": "sell", "size": "5.70000000", "price": "0.19622000", "time": "2025-07-12T13:02:58.319945Z", "fetched_at": "2025-07-12T13:04:24.016630+00:00", "symbol": "DOGE-USD"}, {"trade_id": 138705142, "side": "sell", "size": "5.70000000", "price": "0.19620000", "time": "2025-07-12T13:02:57.560847Z", "fetched_at": "2025-07-12T13:04:24.016630+00:00", "symbol": "DOGE-USD"}, {"trade_id": 138705141, "side": "sell", "size": "5.70000000", "price": "0.19618000", "time": "2025-07-12T13:02:57.392160Z", "fetched_at": "2025-07-12T13:04:24.016630+00:00", "symbol": "DOGE-USD"}, {"trade_id": 138705140, "side": "sell", "size": "5.70000000", "price": "0.19616000", "time": "2025-07-12T13:02:57.301481Z", "fetched_at": "2025-07-12T13:04:24.016630+00:00", "symbol": "DOGE-USD"}, {"trade_id": 138705139, "side": "sell", "size": "5.70000000", "price": "0.19614000", "time": "2025-07-12T13:02:57.276102Z", "fetched_at": "2025-07-12T13:04:24.016630+00:00", "symbol": "DOGE-USD"}, {"trade_id": 138705138, "side": "sell", "size": "60.90000000", "price": "0.19612000", "time": "2025-07-12T13:02:56.366995Z", "fetched_at": "2025-07-12T13:04:24.016630+00:00", "symbol": "DOGE-USD"}, {"trade_id": 138705137, "side": "sell", "size": "5.70000000", "price": "0.19612000", "time": "2025-07-12T13:02:56.366995Z", "fetched_at": "2025-07-12T13:04:24.016630+00:00", "symbol": "DOGE-USD"}, {"trade_id": 138705136, "side": "sell", "size": "37.80000000", "price": "0.19609000", "time": "2025-07-12T13:02:56.244177Z", "fetched_at": "2025-07-12T13:04:24.016630+00:00", "symbol": "DOGE-USD"}, {"trade_id": 138705135, "side": "sell", "size": "13723.80000000", "price": "0.19608000", "time": "2025-07-12T13:02:53.222922Z", "fetched_at": "2025-07-12T13:04:24.016630+00:00", "symbol": "DOGE-USD"}, {"trade_id": 138705134, "side": "sell", "size": "24.00000000", "price": "0.19609000", "time": "2025-07-12T13:02:51.480367Z", "fetched_at": "2025-07-12T13:04:24.016630+00:00", "symbol": "DOGE-USD"}, {"trade_id": 138705133, "side": "buy", "size": "5.70000000", "price": "0.19608000", "time": "2025-07-12T13:02:51.293943Z", "fetched_at": "2025-07-12T13:04:24.016630+00:00", "symbol": "DOGE-USD"}, {"trade_id": 138705132, "side": "buy", "size": "14041.70000000", "price": "0.19612000", "time": "2025-07-12T13:02:50.474336Z", "fetched_at": "2025-07-12T13:04:24.016630+00:00", "symbol": "DOGE-USD"}, {"trade_id": 138705131, "side": "sell", "size": "5.70000000", "price": "0.19618000", "time": "2025-07-12T13:02:49.490630Z", "fetched_at": "2025-07-12T13:04:24.016630+00:00", "symbol": "DOGE-USD"}, {"trade_id": 138705130, "side": "sell", "size": "5.70000000", "price": "0.19616000", "time": "2025-07-12T13:02:49.447249Z", "fetched_at": "2025-07-12T13:04:24.016630+00:00", "symbol": "DOGE-USD"}, {"trade_id": 138705129, "side": "sell", "size": "10000.00000000", "price": "0.19614000", "time": "2025-07-12T13:02:48.717283Z", "fetched_at": "2025-07-12T13:04:24.016630+00:00", "symbol": "DOGE-USD"}, {"trade_id": 138705128, "side": "sell", "size": "5.70000000", "price": "0.19614000", "time": "2025-07-12T13:02:48.717283Z", "fetched_at": "2025-07-12T13:04:24.016630+00:00", "symbol": "DOGE-USD"}, {"trade_id": 138705127, "side": "sell", "size": "5.70000000", "price": "0.19612000", "time": "2025-07-12T13:02:48.682296Z", "fetched_at": "2025-07-12T13:04:24.016630+00:00", "symbol": "DOGE-USD"}, {"trade_id": 138705126, "side": "sell", "size": "11967.40000000", "price": "0.19610000", "time": "2025-07-12T13:02:48.626558Z", "fetched_at": "2025-07-12T13:04:24.016630+00:00", "symbol": "DOGE-USD"}, {"trade_id": 138705125, "side": "sell", "size": "5.70000000", "price": "0.19608000", "time": "2025-07-12T13:02:48.623415Z", "fetched_at": "2025-07-12T13:04:24.016630+00:00", "symbol": "DOGE-USD"}, {"trade_id": 138705124, "side": "sell", "size": "14052.60000000", "price": "0.19603000", "time": "2025-07-12T13:02:48.267576Z", "fetched_at": "2025-07-12T13:04:24.016630+00:00", "symbol": "DOGE-USD"}, {"trade_id": 138705123, "side": "sell", "size": "5.70000000", "price": "0.19602000", "time": "2025-07-12T13:02:48.267576Z", "fetched_at": "2025-07-12T13:04:24.016630+00:00", "symbol": "DOGE-USD"}, {"trade_id": 138705122, "side": "buy", "size": "1856.20000000", "price": "0.19597000", "time": "2025-07-12T13:02:47.092561Z", "fetched_at": "2025-07-12T13:04:24.016630+00:00", "symbol": "DOGE-USD"}, {"trade_id": 138705121, "side": "buy", "size": "5.70000000", "price": "0.19598000", "time": "2025-07-12T13:02:47.092561Z", "fetched_at": "2025-07-12T13:04:24.016630+00:00", "symbol": "DOGE-USD"}, {"trade_id": 138705120, "side": "buy", "size": "1029.60000000", "price": "0.19605000", "time": "2025-07-12T13:02:44.515392Z", "fetched_at": "2025-07-12T13:04:24.016630+00:00", "symbol": "DOGE-USD"}, {"trade_id": 138705119, "side": "buy", "size": "24860.20000000", "price": "0.19599000", "time": "2025-07-12T13:02:43.091120Z", "fetched_at": "2025-07-12T13:04:24.016630+00:00", "symbol": "DOGE-USD"}, {"trade_id": 138705118, "side": "buy", "size": "1911.30000000", "price": "0.19600000", "time": "2025-07-12T13:02:43.091120Z", "fetched_at": "2025-07-12T13:04:24.016630+00:00", "symbol": "DOGE-USD"}, {"trade_id": 138705117, "side": "buy", "size": "5.70000000", "price": "0.19600000", "time": "2025-07-12T13:02:43.091120Z", "fetched_at": "2025-07-12T13:04:24.016630+00:00", "symbol": "DOGE-USD"}, {"trade_id": 138705116, "side": "buy", "size": "9883.40000000", "price": "0.19601000", "time": "2025-07-12T13:02:43.090388Z", "fetched_at": "2025-07-12T13:04:24.016630+00:00", "symbol": "DOGE-USD"}, {"trade_id": 138705115, "side": "buy", "size": "823.50000000", "price": "0.19601000", "time": "2025-07-12T13:02:43.090388Z", "fetched_at": "2025-07-12T13:04:24.016630+00:00", "symbol": "DOGE-USD"}, {"trade_id": 138705114, "side": "buy", "size": "9957.20000000", "price": "0.19602000", "time": "2025-07-12T13:02:43.090388Z", "fetched_at": "2025-07-12T13:04:24.016630+00:00", "symbol": "DOGE-USD"}, {"trade_id": 138705113, "side": "buy", "size": "5.70000000", "price": "0.19602000", "time": "2025-07-12T13:02:43.090388Z", "fetched_at": "2025-07-12T13:04:24.016630+00:00", "symbol": "DOGE-USD"}, {"trade_id": 138705112, "side": "buy", "size": "10000.00000000", "price": "0.19603000", "time": "2025-07-12T13:02:43.089010Z", "fetched_at": "2025-07-12T13:04:24.016630+00:00", "symbol": "DOGE-USD"}, {"trade_id": 138705111, "side": "buy", "size": "5.70000000", "price": "0.19604000", "time": "2025-07-12T13:02:43.089010Z", "fetched_at": "2025-07-12T13:04:24.016630+00:00", "symbol": "DOGE-USD"}, {"trade_id": 138705110, "side": "buy", "size": "70.80000000", "price": "0.19606000", "time": "2025-07-12T13:02:40.180557Z", "fetched_at": "2025-07-12T13:04:24.016630+00:00", "symbol": "DOGE-USD"}, {"trade_id": 138705109, "side": "buy", "size": "5.70000000", "price": "0.19606000", "time": "2025-07-12T13:02:40.180557Z", "fetched_at": "2025-07-12T13:04:24.016630+00:00", "symbol": "DOGE-USD"}, {"trade_id": 138705108, "side": "buy", "size": "5.70000000", "price": "0.19608000", "time": "2025-07-12T13:02:40.180557Z", "fetched_at": "2025-07-12T13:04:24.016630+00:00", "symbol": "DOGE-USD"}, {"trade_id": 138705107, "side": "buy", "size": "14043.80000000", "price": "0.19609000", "time": "2025-07-12T13:02:38.448401Z", "fetched_at": "2025-07-12T13:04:24.016630+00:00", "symbol": "DOGE-USD"}, {"trade_id": 138705106, "side": "buy", "size": "5.70000000", "price": "0.19610000", "time": "2025-07-12T13:02:38.448401Z", "fetched_at": "2025-07-12T13:04:24.016630+00:00", "symbol": "DOGE-USD"}, {"trade_id": 138705105, "side": "buy", "size": "5.70000000", "price": "0.19612000", "time": "2025-07-12T13:02:38.448401Z", "fetched_at": "2025-07-12T13:04:24.016630+00:00", "symbol": "DOGE-USD"}, {"trade_id": 138705104, "side": "buy", "size": "5.70000000", "price": "0.19614000", "time": "2025-07-12T13:02:37.534334Z", "fetched_at": "2025-07-12T13:04:24.016630+00:00", "symbol": "DOGE-USD"}, {"trade_id": 138705103, "side": "buy", "size": "5.70000000", "price": "0.19616000", "time": "2025-07-12T13:02:37.513743Z", "fetched_at": "2025-07-12T13:04:24.016630+00:00", "symbol": "DOGE-USD"}, {"trade_id": 138705102, "side": "buy", "size": "5.70000000", "price": "0.19617000", "time": "2025-07-12T13:02:35.533660Z", "fetched_at": "2025-07-12T13:04:24.016630+00:00", "symbol": "DOGE-USD"}, {"trade_id": 138705101, "side": "buy", "size": "278.60000000", "price": "0.19617000", "time": "2025-07-12T13:02:35.455476Z", "fetched_at": "2025-07-12T13:04:24.016630+00:00", "symbol": "DOGE-USD"}, {"trade_id": 138705100, "side": "buy", "size": "5.70000000", "price": "0.19618000", "time": "2025-07-12T13:02:35.455476Z", "fetched_at": "2025-07-12T13:04:24.016630+00:00", "symbol": "DOGE-USD"}, {"trade_id": 138705099, "side": "sell", "size": "14031.60000000", "price": "0.19620000", "time": "2025-07-12T13:02:34.263311Z", "fetched_at": "2025-07-12T13:04:24.016630+00:00", "symbol": "DOGE-USD"}, {"trade_id": 138705098, "side": "buy", "size": "10000.00000000", "price": "0.19619000", "time": "2025-07-12T13:02:33.433502Z", "fetched_at": "2025-07-12T13:04:24.016630+00:00", "symbol": "DOGE-USD"}, {"trade_id": 138705097, "side": "buy", "size": "5.70000000", "price": "0.19620000", "time": "2025-07-12T13:02:33.433502Z", "fetched_at": "2025-07-12T13:04:24.016630+00:00", "symbol": "DOGE-USD"}, {"trade_id": 138705096, "side": "buy", "size": "2500.00000000", "price": "0.19621000", "time": "2025-07-12T13:02:33.430500Z", "fetched_at": "2025-07-12T13:04:24.016630+00:00", "symbol": "DOGE-USD"}, {"trade_id": 138705095, "side": "buy", "size": "6434.10000000", "price": "0.19621000", "time": "2025-07-12T13:02:33.430500Z", "fetched_at": "2025-07-12T13:04:24.016630+00:00", "symbol": "DOGE-USD"}, {"trade_id": 138705094, "side": "buy", "size": "823.50000000", "price": "0.19621000", "time": "2025-07-12T13:02:33.430500Z", "fetched_at": "2025-07-12T13:04:24.016630+00:00", "symbol": "DOGE-USD"}, {"trade_id": 138705093, "side": "buy", "size": "6434.10000000", "price": "0.19622000", "time": "2025-07-12T13:02:33.428995Z", "fetched_at": "2025-07-12T13:04:24.016630+00:00", "symbol": "DOGE-USD"}, {"trade_id": 138705092, "side": "buy", "size": "14033.80000000", "price": "0.19623000", "time": "2025-07-12T13:02:33.426886Z", "fetched_at": "2025-07-12T13:04:24.016630+00:00", "symbol": "DOGE-USD"}, {"trade_id": 138705091, "side": "buy", "size": "823.50000000", "price": "0.19625000", "time": "2025-07-12T13:02:33.426886Z", "fetched_at": "2025-07-12T13:04:24.016630+00:00", "symbol": "DOGE-USD"}, {"trade_id": 138705090, "side": "sell", "size": "100.80000000", "price": "0.19625000", "time": "2025-07-12T13:02:27.250369Z", "fetched_at": "2025-07-12T13:04:24.016630+00:00", "symbol": "DOGE-USD"}, {"trade_id": 138705089, "side": "sell", "size": "13758.70000000", "price": "0.19623000", "time": "2025-07-12T13:02:26.344493Z", "fetched_at": "2025-07-12T13:04:24.016630+00:00", "symbol": "DOGE-USD"}, {"trade_id": 138705088, "side": "buy", "size": "5.70000000", "price": "0.19620000", "time": "2025-07-12T13:02:23.588863Z", "fetched_at": "2025-07-12T13:04:24.016630+00:00", "symbol": "DOGE-USD"}, {"trade_id": 138705087, "side": "buy", "size": "6517.50000000", "price": "0.19620000", "time": "2025-07-12T13:02:23.588863Z", "fetched_at": "2025-07-12T13:04:24.016630+00:00", "symbol": "DOGE-USD"}, {"trade_id": 138705086, "side": "buy", "size": "823.50000000", "price": "0.19621000", "time": "2025-07-12T13:02:23.586644Z", "fetched_at": "2025-07-12T13:04:24.016630+00:00", "symbol": "DOGE-USD"}, {"trade_id": 138705085, "side": "buy", "size": "5.70000000", "price": "0.19622000", "time": "2025-07-12T13:02:23.582167Z", "fetched_at": "2025-07-12T13:04:24.016630+00:00", "symbol": "DOGE-USD"}, {"trade_id": 138705084, "side": "buy", "size": "18950.90000000", "price": "0.19623000", "time": "2025-07-12T13:02:23.582167Z", "fetched_at": "2025-07-12T13:04:24.016630+00:00", "symbol": "DOGE-USD"}, {"trade_id": 138705083, "side": "buy", "size": "2039.00000000", "price": "0.19623000", "time": "2025-07-12T13:02:23.582167Z", "fetched_at": "2025-07-12T13:04:24.016630+00:00", "symbol": "DOGE-USD"}, {"trade_id": 138705082, "side": "buy", "size": "5.70000000", "price": "0.19624000", "time": "2025-07-12T13:02:23.582167Z", "fetched_at": "2025-07-12T13:04:24.016630+00:00", "symbol": "DOGE-USD"}, {"trade_id": 138705081, "side": "buy", "size": "14032.40000000", "price": "0.19625000", "time": "2025-07-12T13:02:23.575347Z", "fetched_at": "2025-07-12T13:04:24.016630+00:00", "symbol": "DOGE-USD"}, {"trade_id": 138705080, "side": "buy", "size": "5.70000000", "price": "0.19626000", "time": "2025-07-12T13:02:23.575347Z", "fetched_at": "2025-07-12T13:04:24.016630+00:00", "symbol": "DOGE-USD"}, {"trade_id": 138705079, "side": "buy", "size": "5.70000000", "price": "0.19628000", "time": "2025-07-12T13:02:23.575347Z", "fetched_at": "2025-07-12T13:04:24.016630+00:00", "symbol": "DOGE-USD"}, {"trade_id": 138705078, "side": "buy", "size": "5.70000000", "price": "0.19630000", "time": "2025-07-12T13:02:23.561258Z", "fetched_at": "2025-07-12T13:04:24.016630+00:00", "symbol": "DOGE-USD"}, {"trade_id": 138705077, "side": "buy", "size": "18956.40000000", "price": "0.19632000", "time": "2025-07-12T13:02:21.794431Z", "fetched_at": "2025-07-12T13:04:24.016630+00:00", "symbol": "DOGE-USD"}, {"trade_id": 138705076, "side": "buy", "size": "5.70000000", "price": "0.19632000", "time": "2025-07-12T13:02:21.794431Z", "fetched_at": "2025-07-12T13:04:24.016630+00:00", "symbol": "DOGE-USD"}, {"trade_id": 138705075, "side": "buy", "size": "5.70000000", "price": "0.19636000", "time": "2025-07-12T13:02:21.784184Z", "fetched_at": "2025-07-12T13:04:24.016630+00:00", "symbol": "DOGE-USD"}, {"trade_id": 138705074, "side": "buy", "size": "101.80000000", "price": "0.19641000", "time": "2025-07-12T13:02:18.905696Z", "fetched_at": "2025-07-12T13:04:24.016630+00:00", "symbol": "DOGE-USD"}, {"trade_id": 138705073, "side": "sell", "size": "1138.80000000", "price": "0.19638000", "time": "2025-07-12T13:02:15.992938Z", "fetched_at": "2025-07-12T13:04:24.016630+00:00", "symbol": "DOGE-USD"}, {"trade_id": 138705072, "side": "sell", "size": "17776.10000000", "price": "0.19638000", "time": "2025-07-12T13:02:15.992559Z", "fetched_at": "2025-07-12T13:04:24.016630+00:00", "symbol": "DOGE-USD"}, {"trade_id": 138705071, "side": "sell", "size": "10186.20000000", "price": "0.19637000", "time": "2025-07-12T13:02:15.992211Z", "fetched_at": "2025-07-12T13:04:24.016630+00:00", "symbol": "DOGE-USD"}, {"trade_id": 138705070, "side": "sell", "size": "10182.10000000", "price": "0.19636000", "time": "2025-07-12T13:02:15.991444Z", "fetched_at": "2025-07-12T13:04:24.016630+00:00", "symbol": "DOGE-USD"}, {"trade_id": 138705069, "side": "sell", "size": "277.20000000", "price": "0.19634000", "time": "2025-07-12T13:02:15.991444Z", "fetched_at": "2025-07-12T13:04:24.016630+00:00", "symbol": "DOGE-USD"}, {"trade_id": 138705068, "side": "sell", "size": "200.30000000", "price": "0.19634000", "time": "2025-07-12T13:02:15.991444Z", "fetched_at": "2025-07-12T13:04:24.016630+00:00", "symbol": "DOGE-USD"}, {"trade_id": 138705067, "side": "buy", "size": "5.70000000", "price": "0.19632000", "time": "2025-07-12T13:02:15.558567Z", "fetched_at": "2025-07-12T13:04:24.016630+00:00", "symbol": "DOGE-USD"}, {"trade_id": 138705066, "side": "buy", "size": "5.70000000", "price": "0.19634000", "time": "2025-07-12T13:02:15.195802Z", "fetched_at": "2025-07-12T13:04:24.016630+00:00", "symbol": "DOGE-USD"}, {"trade_id": 138705065, "side": "buy", "size": "510.60000000", "price": "0.19635000", "time": "2025-07-12T13:02:14.940874Z", "fetched_at": "2025-07-12T13:04:24.016630+00:00", "symbol": "DOGE-USD"}, {"trade_id": 138705064, "side": "buy", "size": "5.70000000", "price": "0.19636000", "time": "2025-07-12T13:02:14.940874Z", "fetched_at": "2025-07-12T13:04:24.016630+00:00", "symbol": "DOGE-USD"}, {"trade_id": 138705063, "side": "buy", "size": "5.70000000", "price": "0.19638000", "time": "2025-07-12T13:02:14.933918Z", "fetched_at": "2025-07-12T13:04:24.016630+00:00", "symbol": "DOGE-USD"}, {"trade_id": 138705062, "side": "buy", "size": "5.70000000", "price": "0.19640000", "time": "2025-07-12T13:02:12.977204Z", "fetched_at": "2025-07-12T13:04:24.016630+00:00", "symbol": "DOGE-USD"}, {"trade_id": 138705061, "side": "buy", "size": "5.70000000", "price": "0.19642000", "time": "2025-07-12T13:02:12.869135Z", "fetched_at": "2025-07-12T13:04:24.016630+00:00", "symbol": "DOGE-USD"}, {"trade_id": 138705060, "side": "sell", "size": "5.60000000", "price": "0.19648000", "time": "2025-07-12T13:02:03.378648Z", "fetched_at": "2025-07-12T13:04:24.016630+00:00", "symbol": "DOGE-USD"}, {"trade_id": 138705059, "side": "sell", "size": "5.60000000", "price": "0.19646000", "time": "2025-07-12T13:02:02.407041Z", "fetched_at": "2025-07-12T13:04:24.016630+00:00", "symbol": "DOGE-USD"}, {"trade_id": 138705058, "side": "sell", "size": "5.60000000", "price": "0.19644000", "time": "2025-07-12T13:02:02.311570Z", "fetched_at": "2025-07-12T13:04:24.016630+00:00", "symbol": "DOGE-USD"}, {"trade_id": 138705057, "side": "sell", "size": "10183.10000000", "price": "0.19643000", "time": "2025-07-12T13:02:02.259468Z", "fetched_at": "2025-07-12T13:04:24.016630+00:00", "symbol": "DOGE-USD"}, {"trade_id": 138705056, "side": "sell", "size": "455.20000000", "price": "0.19642000", "time": "2025-07-12T13:02:02.259468Z", "fetched_at": "2025-07-12T13:04:24.016630+00:00", "symbol": "DOGE-USD"}, {"trade_id": 138705055, "side": "sell", "size": "5.70000000", "price": "0.19642000", "time": "2025-07-12T13:02:02.259468Z", "fetched_at": "2025-07-12T13:04:24.016630+00:00", "symbol": "DOGE-USD"}, {"trade_id": 138705054, "side": "sell", "size": "5.70000000", "price": "0.19640000", "time": "2025-07-12T13:02:02.259468Z", "fetched_at": "2025-07-12T13:04:24.016630+00:00", "symbol": "DOGE-USD"}, {"trade_id": 138705053, "side": "sell", "size": "5.70000000", "price": "0.19638000", "time": "2025-07-12T13:02:02.250085Z", "fetched_at": "2025-07-12T13:04:24.016630+00:00", "symbol": "DOGE-USD"}, {"trade_id": 138705052, "side": "sell", "size": "5.70000000", "price": "0.19636000", "time": "2025-07-12T13:02:02.213776Z", "fetched_at": "2025-07-12T13:04:24.016630+00:00", "symbol": "DOGE-USD"}, {"trade_id": 138705051, "side": "sell", "size": "5.70000000", "price": "0.19632000", "time": "2025-07-12T13:02:00.360627Z", "fetched_at": "2025-07-12T13:04:24.016630+00:00", "symbol": "DOGE-USD"}, {"trade_id": 138705050, "side": "sell", "size": "13916.20000000", "price": "0.19631000", "time": "2025-07-12T13:02:00.038342Z", "fetched_at": "2025-07-12T13:04:24.016630+00:00", "symbol": "DOGE-USD"}, {"trade_id": 138705049, "side": "sell", "size": "14035.30000000", "price": "0.19622000", "time": "2025-07-12T13:01:58.214428Z", "fetched_at": "2025-07-12T13:04:24.016630+00:00", "symbol": "DOGE-USD"}, {"trade_id": 138705048, "side": "buy", "size": "5.70000000", "price": "0.19620000", "time": "2025-07-12T13:01:57.832689Z", "fetched_at": "2025-07-12T13:04:24.016630+00:00", "symbol": "DOGE-USD"}, {"trade_id": 138705047, "side": "buy", "size": "9078.10000000", "price": "0.19622000", "time": "2025-07-12T13:01:57.019639Z", "fetched_at": "2025-07-12T13:04:24.016630+00:00", "symbol": "DOGE-USD"}, {"trade_id": 138705046, "side": "buy", "size": "5.70000000", "price": "0.19622000", "time": "2025-07-12T13:01:57.019639Z", "fetched_at": "2025-07-12T13:04:24.016630+00:00", "symbol": "DOGE-USD"}, {"trade_id": 138705045, "side": "buy", "size": "1745.40000000", "price": "0.19625000", "time": "2025-07-12T13:01:57.019639Z", "fetched_at": "2025-07-12T13:04:24.016630+00:00", "symbol": "DOGE-USD"}, {"trade_id": 138705044, "side": "buy", "size": "2039.10000000", "price": "0.19624000", "time": "2025-07-12T13:01:57.012749Z", "fetched_at": "2025-07-12T13:04:24.016630+00:00", "symbol": "DOGE-USD"}, {"trade_id": 138705043, "side": "buy", "size": "5.70000000", "price": "0.19624000", "time": "2025-07-12T13:01:57.012749Z", "fetched_at": "2025-07-12T13:04:24.016630+00:00", "symbol": "DOGE-USD"}, {"trade_id": 138705042, "side": "buy", "size": "5.70000000", "price": "0.19626000", "time": "2025-07-12T13:01:57.012749Z", "fetched_at": "2025-07-12T13:04:24.016630+00:00", "symbol": "DOGE-USD"}, {"trade_id": 138705041, "side": "buy", "size": "5.70000000", "price": "0.19628000", "time": "2025-07-12T13:01:56.688170Z", "fetched_at": "2025-07-12T13:04:24.016630+00:00", "symbol": "DOGE-USD"}, {"trade_id": 138705040, "side": "buy", "size": "2475.10000000", "price": "0.19630000", "time": "2025-07-12T13:01:56.597028Z", "fetched_at": "2025-07-12T13:04:24.016630+00:00", "symbol": "DOGE-USD"}, {"trade_id": 138705039, "side": "buy", "size": "5.70000000", "price": "0.19630000", "time": "2025-07-12T13:01:56.597028Z", "fetched_at": "2025-07-12T13:04:24.016630+00:00", "symbol": "DOGE-USD"}, {"trade_id": 138705038, "side": "buy", "size": "5.70000000", "price": "0.19632000", "time": "2025-07-12T13:01:56.597028Z", "fetched_at": "2025-07-12T13:04:24.016630+00:00", "symbol": "DOGE-USD"}, {"trade_id": 138705037, "side": "buy", "size": "2476.80000000", "price": "0.19627000", "time": "2025-07-12T13:01:48.985238Z", "fetched_at": "2025-07-12T13:04:24.016630+00:00", "symbol": "DOGE-USD"}, {"trade_id": 138705036, "side": "buy", "size": "823.50000000", "price": "0.19627000", "time": "2025-07-12T13:01:48.985238Z", "fetched_at": "2025-07-12T13:04:24.016630+00:00", "symbol": "DOGE-USD"}, {"trade_id": 138705035, "side": "buy", "size": "5.70000000", "price": "0.19628000", "time": "2025-07-12T13:01:48.982758Z", "fetched_at": "2025-07-12T13:04:24.016630+00:00", "symbol": "DOGE-USD"}, {"trade_id": 138705034, "side": "buy", "size": "2038.60000000", "price": "0.19629000", "time": "2025-07-12T13:01:48.982758Z", "fetched_at": "2025-07-12T13:04:24.016630+00:00", "symbol": "DOGE-USD"}, {"trade_id": 138705033, "side": "buy", "size": "5.70000000", "price": "0.19630000", "time": "2025-07-12T13:01:48.982758Z", "fetched_at": "2025-07-12T13:04:24.016630+00:00", "symbol": "DOGE-USD"}, {"trade_id": 138705032, "side": "buy", "size": "5.70000000", "price": "0.19632000", "time": "2025-07-12T13:01:48.982758Z", "fetched_at": "2025-07-12T13:04:24.016630+00:00", "symbol": "DOGE-USD"}, {"trade_id": 138705031, "side": "buy", "size": "5.70000000", "price": "0.19634000", "time": "2025-07-12T13:01:48.876922Z", "fetched_at": "2025-07-12T13:04:24.016630+00:00", "symbol": "DOGE-USD"}, {"trade_id": 138705030, "side": "buy", "size": "5.70000000", "price": "0.19636000", "time": "2025-07-12T13:01:38.633244Z", "fetched_at": "2025-07-12T13:04:24.016630+00:00", "symbol": "DOGE-USD"}, {"trade_id": 138705029, "side": "buy", "size": "10000.00000000", "price": "0.19637000", "time": "2025-07-12T13:01:38.629463Z", "fetched_at": "2025-07-12T13:04:24.016630+00:00", "symbol": "DOGE-USD"}, {"trade_id": 138705028, "side": "buy", "size": "1213.40000000", "price": "0.19638000", "time": "2025-07-12T13:01:38.629463Z", "fetched_at": "2025-07-12T13:04:24.016630+00:00", "symbol": "DOGE-USD"}, {"trade_id": 138705027, "side": "buy", "size": "5.70000000", "price": "0.19638000", "time": "2025-07-12T13:01:38.629463Z", "fetched_at": "2025-07-12T13:04:24.016630+00:00", "symbol": "DOGE-USD"}, {"trade_id": 138705026, "side": "sell", "size": "306.60000000", "price": "0.19646000", "time": "2025-07-12T13:01:31.783352Z", "fetched_at": "2025-07-12T13:04:24.016630+00:00", "symbol": "DOGE-USD"}, {"trade_id": 138705025, "side": "sell", "size": "5.60000000", "price": "0.19646000", "time": "2025-07-12T13:01:31.783352Z", "fetched_at": "2025-07-12T13:04:24.016630+00:00", "symbol": "DOGE-USD"}, {"trade_id": 138705024, "side": "sell", "size": "5.60000000", "price": "0.19644000", "time": "2025-07-12T13:01:31.556199Z", "fetched_at": "2025-07-12T13:04:24.016630+00:00", "symbol": "DOGE-USD"}, {"trade_id": 138705023, "side": "sell", "size": "5.70000000", "price": "0.19642000", "time": "2025-07-12T13:01:31.512725Z", "fetched_at": "2025-07-12T13:04:24.016630+00:00", "symbol": "DOGE-USD"}, {"trade_id": 138705022, "side": "sell", "size": "2584.90000000", "price": "0.19640000", "time": "2025-07-12T13:01:26.223082Z", "fetched_at": "2025-07-12T13:04:24.016630+00:00", "symbol": "DOGE-USD"}, {"trade_id": 138705021, "side": "sell", "size": "5.70000000", "price": "0.19640000", "time": "2025-07-12T13:01:26.223082Z", "fetched_at": "2025-07-12T13:04:24.016630+00:00", "symbol": "DOGE-USD"}, {"trade_id": 138705020, "side": "sell", "size": "5.70000000", "price": "0.19636000", "time": "2025-07-12T13:01:25.762015Z", "fetched_at": "2025-07-12T13:04:24.016630+00:00", "symbol": "DOGE-USD"}, {"trade_id": 138705019, "side": "buy", "size": "4037.50000000", "price": "0.19631000", "time": "2025-07-12T13:01:25.314642Z", "fetched_at": "2025-07-12T13:04:24.016630+00:00", "symbol": "DOGE-USD"}, {"trade_id": 138705018, "side": "buy", "size": "823.50000000", "price": "0.19631000", "time": "2025-07-12T13:01:25.314642Z", "fetched_at": "2025-07-12T13:04:24.016630+00:00", "symbol": "DOGE-USD"}, {"trade_id": 138705017, "side": "buy", "size": "2844.00000000", "price": "0.19632000", "time": "2025-07-12T13:01:25.314642Z", "fetched_at": "2025-07-12T13:04:24.016630+00:00", "symbol": "DOGE-USD"}, {"trade_id": 138705016, "side": "buy", "size": "823.50000000", "price": "0.19633000", "time": "2025-07-12T13:01:25.314642Z", "fetched_at": "2025-07-12T13:04:24.016630+00:00", "symbol": "DOGE-USD"}, {"trade_id": 138705015, "side": "buy", "size": "1165.50000000", "price": "0.19634000", "time": "2025-07-12T13:01:25.314642Z", "fetched_at": "2025-07-12T13:04:24.016630+00:00", "symbol": "DOGE-USD"}, {"trade_id": 138705014, "side": "buy", "size": "1412.30000000", "price": "0.19635000", "time": "2025-07-12T13:01:25.314642Z", "fetched_at": "2025-07-12T13:04:24.016630+00:00", "symbol": "DOGE-USD"}, {"trade_id": 138705013, "side": "buy", "size": "277.20000000", "price": "0.19635000", "time": "2025-07-12T13:01:25.314642Z", "fetched_at": "2025-07-12T13:04:24.016630+00:00", "symbol": "DOGE-USD"}, {"trade_id": 138705012, "side": "buy", "size": "635.70000000", "price": "0.19635000", "time": "2025-07-12T13:01:25.314642Z", "fetched_at": "2025-07-12T13:04:24.016630+00:00", "symbol": "DOGE-USD"}, {"trade_id": 138705011, "side": "sell", "size": "3948.00000000", "price": "0.19634000", "time": "2025-07-12T13:01:25.202560Z", "fetched_at": "2025-07-12T13:04:24.016630+00:00", "symbol": "DOGE-USD"}, {"trade_id": 138705010, "side": "sell", "size": "5313.20000000", "price": "0.19634000", "time": "2025-07-12T13:01:25.169528Z", "fetched_at": "2025-07-12T13:04:24.016630+00:00", "symbol": "DOGE-USD"}, {"trade_id": 138705009, "side": "sell", "size": "6273.40000000", "price": "0.19634000", "time": "2025-07-12T13:01:25.155266Z", "fetched_at": "2025-07-12T13:04:24.016630+00:00", "symbol": "DOGE-USD"}, {"trade_id": 138705008, "side": "sell", "size": "5.70000000", "price": "0.19634000", "time": "2025-07-12T13:01:25.155266Z", "fetched_at": "2025-07-12T13:04:24.016630+00:00", "symbol": "DOGE-USD"}, {"trade_id": 138705007, "side": "sell", "size": "777.40000000", "price": "0.19633000", "time": "2025-07-12T13:01:25.144449Z", "fetched_at": "2025-07-12T13:04:24.016630+00:00", "symbol": "DOGE-USD"}, {"trade_id": 138705006, "side": "sell", "size": "5.70000000", "price": "0.19632000", "time": "2025-07-12T13:01:25.078322Z", "fetched_at": "2025-07-12T13:04:24.016630+00:00", "symbol": "DOGE-USD"}, {"trade_id": 138705005, "side": "sell", "size": "4637.80000000", "price": "0.19628000", "time": "2025-07-12T13:01:24.406461Z", "fetched_at": "2025-07-12T13:04:24.016630+00:00", "symbol": "DOGE-USD"}, {"trade_id": 138705004, "side": "sell", "size": "368.00000000", "price": "0.19633000", "time": "2025-07-12T13:01:22.202246Z", "fetched_at": "2025-07-12T13:04:24.016630+00:00", "symbol": "DOGE-USD"}, {"trade_id": 138705003, "side": "buy", "size": "1821.00000000", "price": "0.19628000", "time": "2025-07-12T13:01:21.839976Z", "fetched_at": "2025-07-12T13:04:24.016630+00:00", "symbol": "DOGE-USD"}, {"trade_id": 138705002, "side": "buy", "size": "5.70000000", "price": "0.19628000", "time": "2025-07-12T13:01:21.839976Z", "fetched_at": "2025-07-12T13:04:24.016630+00:00", "symbol": "DOGE-USD"}, {"trade_id": 138705001, "side": "buy", "size": "5.70000000", "price": "0.19630000", "time": "2025-07-12T13:01:21.839976Z", "fetched_at": "2025-07-12T13:04:24.016630+00:00", "symbol": "DOGE-USD"}, {"trade_id": 138705000, "side": "buy", "size": "3204.20000000", "price": "0.19631000", "time": "2025-07-12T13:01:17.126846Z", "fetched_at": "2025-07-12T13:04:24.016630+00:00", "symbol": "DOGE-USD"}, {"trade_id": 138704999, "side": "buy", "size": "823.50000000", "price": "0.19632000", "time": "2025-07-12T13:01:17.126846Z", "fetched_at": "2025-07-12T13:04:24.016630+00:00", "symbol": "DOGE-USD"}, {"trade_id": 138704998, "side": "buy", "size": "5.70000000", "price": "0.19632000", "time": "2025-07-12T13:01:17.126846Z", "fetched_at": "2025-07-12T13:04:24.016630+00:00", "symbol": "DOGE-USD"}, {"trade_id": 138704997, "side": "buy", "size": "632.70000000", "price": "0.19633000", "time": "2025-07-12T13:01:17.126846Z", "fetched_at": "2025-07-12T13:04:24.016630+00:00", "symbol": "DOGE-USD"}, {"trade_id": 138704996, "side": "buy", "size": "1275.30000000", "price": "0.19633000", "time": "2025-07-12T13:01:17.126846Z", "fetched_at": "2025-07-12T13:04:24.016630+00:00", "symbol": "DOGE-USD"}, {"trade_id": 138704995, "side": "buy", "size": "8564.20000000", "price": "0.19634000", "time": "2025-07-12T13:01:17.126846Z", "fetched_at": "2025-07-12T13:04:24.016630+00:00", "symbol": "DOGE-USD"}, {"trade_id": 138704994, "side": "buy", "size": "632.70000000", "price": "0.19634000", "time": "2025-07-12T13:01:17.126846Z", "fetched_at": "2025-07-12T13:04:24.016630+00:00", "symbol": "DOGE-USD"}, {"trade_id": 138704993, "side": "buy", "size": "5.70000000", "price": "0.19634000", "time": "2025-07-12T13:01:17.126846Z", "fetched_at": "2025-07-12T13:04:24.016630+00:00", "symbol": "DOGE-USD"}, {"trade_id": 138704992, "side": "buy", "size": "5.70000000", "price": "0.19636000", "time": "2025-07-12T13:01:17.126846Z", "fetched_at": "2025-07-12T13:04:24.016630+00:00", "symbol": "DOGE-USD"}, {"trade_id": 138704991, "side": "buy", "size": "10000.00000000", "price": "0.19638000", "time": "2025-07-12T13:01:16.723763Z", "fetched_at": "2025-07-12T13:04:24.016630+00:00", "symbol": "DOGE-USD"}, {"trade_id": 138704990, "side": "buy", "size": "823.50000000", "price": "0.19638000", "time": "2025-07-12T13:01:16.723763Z", "fetched_at": "2025-07-12T13:04:24.016630+00:00", "symbol": "DOGE-USD"}, {"trade_id": 138704989, "side": "buy", "size": "5.70000000", "price": "0.19638000", "time": "2025-07-12T13:01:16.723763Z", "fetched_at": "2025-07-12T13:04:24.016630+00:00", "symbol": "DOGE-USD"}, {"trade_id": 138704988, "side": "buy", "size": "2627.70000000", "price": "0.19639000", "time": "2025-07-12T13:01:16.723432Z", "fetched_at": "2025-07-12T13:04:24.016630+00:00", "symbol": "DOGE-USD"}, {"trade_id": 138704987, "side": "buy", "size": "14021.60000000", "price": "0.19640000", "time": "2025-07-12T13:01:16.722355Z", "fetched_at": "2025-07-12T13:04:24.016630+00:00", "symbol": "DOGE-USD"}, {"trade_id": 138704986, "side": "buy", "size": "632.70000000", "price": "0.19641000", "time": "2025-07-12T13:01:16.722355Z", "fetched_at": "2025-07-12T13:04:24.016630+00:00", "symbol": "DOGE-USD"}, {"trade_id": 138704985, "side": "sell", "size": "127.30000000", "price": "0.19642000", "time": "2025-07-12T13:01:15.973869Z", "fetched_at": "2025-07-12T13:04:24.016630+00:00", "symbol": "DOGE-USD"}, {"trade_id": 138704984, "side": "sell", "size": "152.60000000", "price": "0.19642000", "time": "2025-07-12T13:01:15.969085Z", "fetched_at": "2025-07-12T13:04:24.016630+00:00", "symbol": "DOGE-USD"}, {"trade_id": 138704983, "side": "sell", "size": "5976.90000000", "price": "0.19642000", "time": "2025-07-12T13:01:15.859010Z", "fetched_at": "2025-07-12T13:04:24.016630+00:00", "symbol": "DOGE-USD"}, {"trade_id": 138704982, "side": "sell", "size": "5976.90000000", "price": "0.19642000", "time": "2025-07-12T13:01:15.826746Z", "fetched_at": "2025-07-12T13:04:24.016630+00:00", "symbol": "DOGE-USD"}, {"trade_id": 138704981, "side": "sell", "size": "17.10000000", "price": "0.19644000", "time": "2025-07-12T13:01:15.106799Z", "fetched_at": "2025-07-12T13:04:24.016630+00:00", "symbol": "DOGE-USD"}, {"trade_id": 138704980, "side": "sell", "size": "383.10000000", "price": "0.19643000", "time": "2025-07-12T13:01:15.106799Z", "fetched_at": "2025-07-12T13:04:24.016630+00:00", "symbol": "DOGE-USD"}, {"trade_id": 138704979, "side": "buy", "size": "5.70000000", "price": "0.19640000", "time": "2025-07-12T13:01:15.105525Z", "fetched_at": "2025-07-12T13:04:24.016630+00:00", "symbol": "DOGE-USD"}, {"trade_id": 138704978, "side": "buy", "size": "2545.60000000", "price": "0.19641000", "time": "2025-07-12T13:01:15.105200Z", "fetched_at": "2025-07-12T13:04:24.016630+00:00", "symbol": "DOGE-USD"}, {"trade_id": 138704977, "side": "buy", "size": "10731.10000000", "price": "0.19641000", "time": "2025-07-12T13:01:15.105200Z", "fetched_at": "2025-07-12T13:04:24.016630+00:00", "symbol": "DOGE-USD"}, {"trade_id": 138704976, "side": "buy", "size": "8007.50000000", "price": "0.19641000", "time": "2025-07-12T13:01:15.104992Z", "fetched_at": "2025-07-12T13:04:24.016630+00:00", "symbol": "DOGE-USD"}, {"trade_id": 138704975, "side": "buy", "size": "10000.00000000", "price": "0.19643000", "time": "2025-07-12T13:01:15.101613Z", "fetched_at": "2025-07-12T13:04:24.016630+00:00", "symbol": "DOGE-USD"}, {"trade_id": 138704974, "side": "buy", "size": "14018.10000000", "price": "0.19645000", "time": "2025-07-12T13:01:15.101395Z", "fetched_at": "2025-07-12T13:04:24.016630+00:00", "symbol": "DOGE-USD"}, {"trade_id": 138704973, "side": "buy", "size": "632.70000000", "price": "0.19645000", "time": "2025-07-12T13:01:15.101395Z", "fetched_at": "2025-07-12T13:04:24.016630+00:00", "symbol": "DOGE-USD"}, {"trade_id": 138704972, "side": "sell", "size": "5.60000000", "price": "0.19648000", "time": "2025-07-12T13:01:14.675013Z", "fetched_at": "2025-07-12T13:04:24.016630+00:00", "symbol": "DOGE-USD"}, {"trade_id": 138704971, "side": "sell", "size": "2047.30000000", "price": "0.19646000", "time": "2025-07-12T13:01:14.594309Z", "fetched_at": "2025-07-12T13:04:24.016630+00:00", "symbol": "DOGE-USD"}, {"trade_id": 138704970, "side": "sell", "size": "5.60000000", "price": "0.19646000", "time": "2025-07-12T13:01:14.594309Z", "fetched_at": "2025-07-12T13:04:24.016630+00:00", "symbol": "DOGE-USD"}, {"trade_id": 138704969, "side": "sell", "size": "76.20000000", "price": "0.19645000", "time": "2025-07-12T13:01:14.590246Z", "fetched_at": "2025-07-12T13:04:24.016630+00:00", "symbol": "DOGE-USD"}, {"trade_id": 138704968, "side": "buy", "size": "231.90000000", "price": "0.19642000", "time": "2025-07-12T13:01:14.561239Z", "fetched_at": "2025-07-12T13:04:24.016630+00:00", "symbol": "DOGE-USD"}, {"trade_id": 138704967, "side": "buy", "size": "277.20000000", "price": "0.19643000", "time": "2025-07-12T13:01:14.561239Z", "fetched_at": "2025-07-12T13:04:24.016630+00:00", "symbol": "DOGE-USD"}, {"trade_id": 138704966, "side": "sell", "size": "1847.80000000", "price": "0.19643000", "time": "2025-07-12T13:01:12.001054Z", "fetched_at": "2025-07-12T13:04:24.016630+00:00", "symbol": "DOGE-USD"}, {"trade_id": 138704965, "side": "buy", "size": "1872.80000000", "price": "0.19642000", "time": "2025-07-12T13:01:07.743993Z", "fetched_at": "2025-07-12T13:04:24.016630+00:00", "symbol": "DOGE-USD"}, {"trade_id": 138704964, "side": "buy", "size": "823.50000000", "price": "0.19642000", "time": "2025-07-12T13:01:07.743993Z", "fetched_at": "2025-07-12T13:04:24.016630+00:00", "symbol": "DOGE-USD"}, {"trade_id": 138704963, "side": "buy", "size": "1386.30000000", "price": "0.19643000", "time": "2025-07-12T13:01:07.743993Z", "fetched_at": "2025-07-12T13:04:24.016630+00:00", "symbol": "DOGE-USD"}, {"trade_id": 138704962, "side": "buy", "size": "632.70000000", "price": "0.19645000", "time": "2025-07-12T13:01:07.743993Z", "fetched_at": "2025-07-12T13:04:24.016630+00:00", "symbol": "DOGE-USD"}, {"trade_id": 138704961, "side": "buy", "size": "632.70000000", "price": "0.19646000", "time": "2025-07-12T13:01:07.743993Z", "fetched_at": "2025-07-12T13:04:24.016630+00:00", "symbol": "DOGE-USD"}, {"trade_id": 138704960, "side": "sell", "size": "49.50000000", "price": "0.19644000", "time": "2025-07-12T13:01:02.976051Z", "fetched_at": "2025-07-12T13:04:24.016630+00:00", "symbol": "DOGE-USD"}, {"trade_id": 138704959, "side": "sell", "size": "5.60000000", "price": "0.19646000", "time": "2025-07-12T13:01:02.368856Z", "fetched_at": "2025-07-12T13:04:24.016630+00:00", "symbol": "DOGE-USD"}, {"trade_id": 138704958, "side": "sell", "size": "5.60000000", "price": "0.19644000", "time": "2025-07-12T13:01:02.342524Z", "fetched_at": "2025-07-12T13:04:24.016630+00:00", "symbol": "DOGE-USD"}, {"trade_id": 138704957, "side": "sell", "size": "5.70000000", "price": "0.19642000", "time": "2025-07-12T13:01:02.205675Z", "fetched_at": "2025-07-12T13:04:24.016630+00:00", "symbol": "DOGE-USD"}, {"trade_id": 138704956, "side": "sell", "size": "2048.00000000", "price": "0.19640000", "time": "2025-07-12T13:01:02.097736Z", "fetched_at": "2025-07-12T13:04:24.016630+00:00", "symbol": "DOGE-USD"}, {"trade_id": 138704955, "side": "sell", "size": "5.70000000", "price": "0.19640000", "time": "2025-07-12T13:01:02.097736Z", "fetched_at": "2025-07-12T13:04:24.016630+00:00", "symbol": "DOGE-USD"}, {"trade_id": 138704954, "side": "sell", "size": "22.10000000", "price": "0.19634000", "time": "2025-07-12T13:01:01.801197Z", "fetched_at": "2025-07-12T13:04:24.016630+00:00", "symbol": "DOGE-USD"}, {"trade_id": 138704953, "side": "sell", "size": "22.10000000", "price": "0.19633000", "time": "2025-07-12T13:01:01.789691Z", "fetched_at": "2025-07-12T13:04:24.016630+00:00", "symbol": "DOGE-USD"}, {"trade_id": 138704952, "side": "sell", "size": "22.10000000", "price": "0.19633000", "time": "2025-07-12T13:01:01.778989Z", "fetched_at": "2025-07-12T13:04:24.016630+00:00", "symbol": "DOGE-USD"}, {"trade_id": 138704951, "side": "sell", "size": "5.70000000", "price": "0.19638000", "time": "2025-07-12T13:00:59.311922Z", "fetched_at": "2025-07-12T13:04:24.016630+00:00", "symbol": "DOGE-USD"}, {"trade_id": 138704950, "side": "sell", "size": "1895.60000000", "price": "0.19637000", "time": "2025-07-12T13:00:59.197917Z", "fetched_at": "2025-07-12T13:04:24.016630+00:00", "symbol": "DOGE-USD"}, {"trade_id": 138704949, "side": "sell", "size": "5739.00000000", "price": "0.19637000", "time": "2025-07-12T13:00:59.186695Z", "fetched_at": "2025-07-12T13:04:24.016630+00:00", "symbol": "DOGE-USD"}, {"trade_id": 138704948, "side": "sell", "size": "10186.70000000", "price": "0.19636000", "time": "2025-07-12T13:00:59.161470Z", "fetched_at": "2025-07-12T13:04:24.016630+00:00", "symbol": "DOGE-USD"}, {"trade_id": 138704947, "side": "sell", "size": "245.90000000", "price": "0.19636000", "time": "2025-07-12T13:00:59.161470Z", "fetched_at": "2025-07-12T13:04:24.016630+00:00", "symbol": "DOGE-USD"}, {"trade_id": 138704946, "side": "sell", "size": "775.20000000", "price": "0.19635000", "time": "2025-07-12T13:00:59.161470Z", "fetched_at": "2025-07-12T13:04:24.016630+00:00", "symbol": "DOGE-USD"}, {"trade_id": 138704945, "side": "sell", "size": "1.90000000", "price": "0.19633000", "time": "2025-07-12T13:00:56.862392Z", "fetched_at": "2025-07-12T13:04:24.016630+00:00", "symbol": "DOGE-USD"}, {"trade_id": 138704944, "side": "sell", "size": "277.20000000", "price": "0.19633000", "time": "2025-07-12T13:00:56.862392Z", "fetched_at": "2025-07-12T13:04:24.016630+00:00", "symbol": "DOGE-USD"}, {"trade_id": 138704943, "side": "sell", "size": "13252.40000000", "price": "0.19631000", "time": "2025-07-12T13:00:56.689189Z", "fetched_at": "2025-07-12T13:04:24.016630+00:00", "symbol": "DOGE-USD"}, {"trade_id": 138704942, "side": "sell", "size": "266.80000000", "price": "0.19630000", "time": "2025-07-12T13:00:56.685516Z", "fetched_at": "2025-07-12T13:04:24.016630+00:00", "symbol": "DOGE-USD"}, {"trade_id": 138704941, "side": "sell", "size": "255.40000000", "price": "0.19630000", "time": "2025-07-12T13:00:56.685516Z", "fetched_at": "2025-07-12T13:04:24.016630+00:00", "symbol": "DOGE-USD"}, {"trade_id": 138704940, "side": "sell", "size": "1288.80000000", "price": "0.19631000", "time": "2025-07-12T13:00:56.075718Z", "fetched_at": "2025-07-12T13:04:24.016630+00:00", "symbol": "DOGE-USD"}, {"trade_id": 138704939, "side": "sell", "size": "277.20000000", "price": "0.19630000", "time": "2025-07-12T13:00:55.814342Z", "fetched_at": "2025-07-12T13:04:24.016630+00:00", "symbol": "DOGE-USD"}, {"trade_id": 138704938, "side": "sell", "size": "255.40000000", "price": "0.19632000", "time": "2025-07-12T13:00:55.776086Z", "fetched_at": "2025-07-12T13:04:24.016630+00:00", "symbol": "DOGE-USD"}, {"trade_id": 138704937, "side": "buy", "size": "5.70000000", "price": "0.19630000", "time": "2025-07-12T13:00:55.772134Z", "fetched_at": "2025-07-12T13:04:24.016630+00:00", "symbol": "DOGE-USD"}, {"trade_id": 138704936, "side": "buy", "size": "1358.70000000", "price": "0.19632000", "time": "2025-07-12T13:00:55.768052Z", "fetched_at": "2025-07-12T13:04:24.016630+00:00", "symbol": "DOGE-USD"}, {"trade_id": 138704935, "side": "buy", "size": "5.70000000", "price": "0.19632000", "time": "2025-07-12T13:00:55.768052Z", "fetched_at": "2025-07-12T13:04:24.016630+00:00", "symbol": "DOGE-USD"}, {"trade_id": 138704934, "side": "buy", "size": "823.50000000", "price": "0.19633000", "time": "2025-07-12T13:00:55.768052Z", "fetched_at": "2025-07-12T13:04:24.016630+00:00", "symbol": "DOGE-USD"}, {"trade_id": 138704933, "side": "buy", "size": "5.70000000", "price": "0.19634000", "time": "2025-07-12T13:00:55.767808Z", "fetched_at": "2025-07-12T13:04:24.016630+00:00", "symbol": "DOGE-USD"}, {"trade_id": 138704932, "side": "buy", "size": "14025.20000000", "price": "0.19635000", "time": "2025-07-12T13:00:55.766281Z", "fetched_at": "2025-07-12T13:04:24.016630+00:00", "symbol": "DOGE-USD"}, {"trade_id": 138704931, "side": "buy", "size": "632.70000000", "price": "0.19635000", "time": "2025-07-12T13:00:55.766281Z", "fetched_at": "2025-07-12T13:04:24.016630+00:00", "symbol": "DOGE-USD"}, {"trade_id": 138704930, "side": "buy", "size": "5.70000000", "price": "0.19636000", "time": "2025-07-12T13:00:55.766281Z", "fetched_at": "2025-07-12T13:04:24.016630+00:00", "symbol": "DOGE-USD"}, {"trade_id": 138704929, "side": "buy", "size": "5.70000000", "price": "0.19638000", "time": "2025-07-12T13:00:55.764824Z", "fetched_at": "2025-07-12T13:04:24.016630+00:00", "symbol": "DOGE-USD"}, {"trade_id": 138704928, "side": "buy", "size": "5.70000000", "price": "0.19640000", "time": "2025-07-12T13:00:54.793297Z", "fetched_at": "2025-07-12T13:04:24.016630+00:00", "symbol": "DOGE-USD"}, {"trade_id": 138704927, "side": "buy", "size": "5.70000000", "price": "0.19642000", "time": "2025-07-12T13:00:54.591347Z", "fetched_at": "2025-07-12T13:04:24.016630+00:00", "symbol": "DOGE-USD"}, {"trade_id": 138704926, "side": "buy", "size": "5.60000000", "price": "0.19644000", "time": "2025-07-12T13:00:52.871507Z", "fetched_at": "2025-07-12T13:04:24.016630+00:00", "symbol": "DOGE-USD"}, {"trade_id": 138704925, "side": "buy", "size": "5.60000000", "price": "0.19646000", "time": "2025-07-12T13:00:50.860813Z", "fetched_at": "2025-07-12T13:04:24.016630+00:00", "symbol": "DOGE-USD"}, {"trade_id": 138704924, "side": "buy", "size": "5.60000000", "price": "0.19648000", "time": "2025-07-12T13:00:50.796629Z", "fetched_at": "2025-07-12T13:04:24.016630+00:00", "symbol": "DOGE-USD"}, {"trade_id": 138704923, "side": "sell", "size": "1320.00000000", "price": "0.19649000", "time": "2025-07-12T13:00:49.199891Z", "fetched_at": "2025-07-12T13:04:24.016630+00:00", "symbol": "DOGE-USD"}, {"trade_id": 138704922, "side": "buy", "size": "56.10000000", "price": "0.19650000", "time": "2025-07-12T13:00:48.829401Z", "fetched_at": "2025-07-12T13:04:24.016630+00:00", "symbol": "DOGE-USD"}, {"trade_id": 138704921, "side": "buy", "size": "5.60000000", "price": "0.19650000", "time": "2025-07-12T13:00:48.829401Z", "fetched_at": "2025-07-12T13:04:24.016630+00:00", "symbol": "DOGE-USD"}, {"trade_id": 138704920, "side": "buy", "size": "5.60000000", "price": "0.19652000", "time": "2025-07-12T13:00:47.709187Z", "fetched_at": "2025-07-12T13:04:24.016630+00:00", "symbol": "DOGE-USD"}, {"trade_id": 138704919, "side": "buy", "size": "5.60000000", "price": "0.19654000", "time": "2025-07-12T13:00:47.157198Z", "fetched_at": "2025-07-12T13:04:24.016630+00:00", "symbol": "DOGE-USD"}, {"trade_id": 138704918, "side": "buy", "size": "5.60000000", "price": "0.19656000", "time": "2025-07-12T13:00:46.878196Z", "fetched_at": "2025-07-12T13:04:24.016630+00:00", "symbol": "DOGE-USD"}, {"trade_id": 138704917, "side": "buy", "size": "823.50000000", "price": "0.19656000", "time": "2025-07-12T13:00:46.878196Z", "fetched_at": "2025-07-12T13:04:24.016630+00:00", "symbol": "DOGE-USD"}, {"trade_id": 138704916, "side": "buy", "size": "632.70000000", "price": "0.19658000", "time": "2025-07-12T13:00:46.878196Z", "fetched_at": "2025-07-12T13:04:24.016630+00:00", "symbol": "DOGE-USD"}, {"trade_id": 138704915, "side": "buy", "size": "5.60000000", "price": "0.19658000", "time": "2025-07-12T13:00:46.878196Z", "fetched_at": "2025-07-12T13:04:24.016630+00:00", "symbol": "DOGE-USD"}, {"trade_id": 138704914, "side": "buy", "size": "5.60000000", "price": "0.19660000", "time": "2025-07-12T13:00:46.878196Z", "fetched_at": "2025-07-12T13:04:24.016630+00:00", "symbol": "DOGE-USD"}, {"trade_id": 138704913, "side": "buy", "size": "632.70000000", "price": "0.19663000", "time": "2025-07-12T13:00:46.596238Z", "fetched_at": "2025-07-12T13:04:24.016630+00:00", "symbol": "DOGE-USD"}, {"trade_id": 138704912, "side": "buy", "size": "632.70000000", "price": "0.19664000", "time": "2025-07-12T13:00:46.596238Z", "fetched_at": "2025-07-12T13:04:24.016630+00:00", "symbol": "DOGE-USD"}, {"trade_id": 138704911, "side": "sell", "size": "1377.80000000", "price": "0.19663000", "time": "2025-07-12T13:00:45.404383Z", "fetched_at": "2025-07-12T13:04:24.016630+00:00", "symbol": "DOGE-USD"}, {"trade_id": 138704910, "side": "sell", "size": "255.40000000", "price": "0.19662000", "time": "2025-07-12T13:00:44.636147Z", "fetched_at": "2025-07-12T13:04:24.016630+00:00", "symbol": "DOGE-USD"}, {"trade_id": 138704909, "side": "buy", "size": "886.90000000", "price": "0.19664000", "time": "2025-07-12T13:00:44.548101Z", "fetched_at": "2025-07-12T13:04:24.016630+00:00", "symbol": "DOGE-USD"}, {"trade_id": 138704908, "side": "buy", "size": "1257.80000000", "price": "0.19664000", "time": "2025-07-12T13:00:44.548101Z", "fetched_at": "2025-07-12T13:04:24.016630+00:00", "symbol": "DOGE-USD"}, {"trade_id": 138704907, "side": "buy", "size": "5.60000000", "price": "0.19664000", "time": "2025-07-12T13:00:44.548101Z", "fetched_at": "2025-07-12T13:04:24.016630+00:00", "symbol": "DOGE-USD"}, {"trade_id": 138704906, "side": "buy", "size": "632.70000000", "price": "0.19666000", "time": "2025-07-12T13:00:44.548101Z", "fetched_at": "2025-07-12T13:04:24.016630+00:00", "symbol": "DOGE-USD"}, {"trade_id": 138704905, "side": "sell", "size": "1295.80000000", "price": "0.19666000", "time": "2025-07-12T13:00:42.700811Z", "fetched_at": "2025-07-12T13:04:24.016630+00:00", "symbol": "DOGE-USD"}, {"trade_id": 138704904, "side": "sell", "size": "255.40000000", "price": "0.19667000", "time": "2025-07-12T13:00:41.507407Z", "fetched_at": "2025-07-12T13:04:24.016630+00:00", "symbol": "DOGE-USD"}, {"trade_id": 138704903, "side": "sell", "size": "255.40000000", "price": "0.19668000", "time": "2025-07-12T13:00:41.397487Z", "fetched_at": "2025-07-12T13:04:24.016630+00:00", "symbol": "DOGE-USD"}, {"trade_id": 138704902, "side": "sell", "size": "255.40000000", "price": "0.19673000", "time": "2025-07-12T13:00:40.177223Z", "fetched_at": "2025-07-12T13:04:24.016630+00:00", "symbol": "DOGE-USD"}, {"trade_id": 138704901, "side": "buy", "size": "632.70000000", "price": "0.19674000", "time": "2025-07-12T13:00:40.164516Z", "fetched_at": "2025-07-12T13:04:24.016630+00:00", "symbol": "DOGE-USD"}, {"trade_id": 138704900, "side": "sell", "size": "255.40000000", "price": "0.19677000", "time": "2025-07-12T13:00:38.136998Z", "fetched_at": "2025-07-12T13:04:24.016630+00:00", "symbol": "DOGE-USD"}, {"trade_id": 138704899, "side": "sell", "size": "5.60000000", "price": "0.19678000", "time": "2025-07-12T13:00:38.052849Z", "fetched_at": "2025-07-12T13:04:24.016630+00:00", "symbol": "DOGE-USD"}, {"trade_id": 138704898, "side": "sell", "size": "1358.50000000", "price": "0.19676000", "time": "2025-07-12T13:00:38.038189Z", "fetched_at": "2025-07-12T13:04:24.016630+00:00", "symbol": "DOGE-USD"}, {"trade_id": 138704897, "side": "sell", "size": "5.60000000", "price": "0.19676000", "time": "2025-07-12T13:00:37.436535Z", "fetched_at": "2025-07-12T13:04:24.016630+00:00", "symbol": "DOGE-USD"}, {"trade_id": 138704896, "side": "sell", "size": "18673.50000000", "price": "0.19675000", "time": "2025-07-12T13:00:37.436535Z", "fetched_at": "2025-07-12T13:04:24.016630+00:00", "symbol": "DOGE-USD"}, {"trade_id": 138704895, "side": "sell", "size": "5.60000000", "price": "0.19672000", "time": "2025-07-12T13:00:37.292345Z", "fetched_at": "2025-07-12T13:04:24.016630+00:00", "symbol": "DOGE-USD"}, {"trade_id": 138704894, "side": "sell", "size": "255.40000000", "price": "0.19670000", "time": "2025-07-12T13:00:35.023529Z", "fetched_at": "2025-07-12T13:04:24.016630+00:00", "symbol": "DOGE-USD"}, {"trade_id": 138704893, "side": "buy", "size": "114.20000000", "price": "0.19674000", "time": "2025-07-12T13:00:34.408930Z", "fetched_at": "2025-07-12T13:04:24.016630+00:00", "symbol": "DOGE-USD"}, {"trade_id": 138704892, "side": "sell", "size": "5.60000000", "price": "0.19674000", "time": "2025-07-12T13:00:34.284692Z", "fetched_at": "2025-07-12T13:04:24.016630+00:00", "symbol": "DOGE-USD"}, {"trade_id": 138704891, "side": "sell", "size": "5.60000000", "price": "0.19672000", "time": "2025-07-12T13:00:34.221120Z", "fetched_at": "2025-07-12T13:04:24.016630+00:00", "symbol": "DOGE-USD"}, {"trade_id": 138704890, "side": "sell", "size": "9152.90000000", "price": "0.19671000", "time": "2025-07-12T13:00:34.126711Z", "fetched_at": "2025-07-12T13:04:24.016630+00:00", "symbol": "DOGE-USD"}, {"trade_id": 138704889, "side": "buy", "size": "633.90000000", "price": "0.19671000", "time": "2025-07-12T13:00:32.618901Z", "fetched_at": "2025-07-12T13:04:24.016630+00:00", "symbol": "DOGE-USD"}, {"trade_id": 138704888, "side": "sell", "size": "5.60000000", "price": "0.19670000", "time": "2025-07-12T13:00:31.782289Z", "fetched_at": "2025-07-12T13:04:24.016630+00:00", "symbol": "DOGE-USD"}, {"trade_id": 138704887, "side": "sell", "size": "5.60000000", "price": "0.19668000", "time": "2025-07-12T13:00:31.764790Z", "fetched_at": "2025-07-12T13:04:24.016630+00:00", "symbol": "DOGE-USD"}, {"trade_id": 138704886, "side": "sell", "size": "5.60000000", "price": "0.19666000", "time": "2025-07-12T13:00:31.683328Z", "fetched_at": "2025-07-12T13:04:24.016630+00:00", "symbol": "DOGE-USD"}, {"trade_id": 138704885, "side": "sell", "size": "5.60000000", "price": "0.19664000", "time": "2025-07-12T13:00:31.539194Z", "fetched_at": "2025-07-12T13:04:24.016630+00:00", "symbol": "DOGE-USD"}, {"trade_id": 138704884, "side": "sell", "size": "5587.20000000", "price": "0.19663000", "time": "2025-07-12T13:00:31.526388Z", "fetched_at": "2025-07-12T13:04:24.016630+00:00", "symbol": "DOGE-USD"}, {"trade_id": 138704883, "side": "sell", "size": "5.60000000", "price": "0.19662000", "time": "2025-07-12T13:00:31.415305Z", "fetched_at": "2025-07-12T13:04:24.016630+00:00", "symbol": "DOGE-USD"}, {"trade_id": 138704882, "side": "sell", "size": "5.60000000", "price": "0.19660000", "time": "2025-07-12T13:00:31.401439Z", "fetched_at": "2025-07-12T13:04:24.016630+00:00", "symbol": "DOGE-USD"}, {"trade_id": 138704881, "side": "buy", "size": "5.60000000", "price": "0.19654000", "time": "2025-07-12T13:00:29.860023Z", "fetched_at": "2025-07-12T13:04:24.016630+00:00", "symbol": "DOGE-USD"}, {"trade_id": 138704880, "side": "sell", "size": "1344.30000000", "price": "0.19657000", "time": "2025-07-12T13:00:27.083112Z", "fetched_at": "2025-07-12T13:04:24.016630+00:00", "symbol": "DOGE-USD"}, {"trade_id": 138704879, "side": "sell", "size": "129.40000000", "price": "0.19657000", "time": "2025-07-12T13:00:26.937480Z", "fetched_at": "2025-07-12T13:04:24.016630+00:00", "symbol": "DOGE-USD"}, {"trade_id": 138704878, "side": "sell", "size": "255.40000000", "price": "0.19658000", "time": "2025-07-12T13:00:26.818914Z", "fetched_at": "2025-07-12T13:04:24.016630+00:00", "symbol": "DOGE-USD"}, {"trade_id": 138704877, "side": "sell", "size": "5.60000000", "price": "0.19660000", "time": "2025-07-12T13:00:26.539303Z", "fetched_at": "2025-07-12T13:04:24.016630+00:00", "symbol": "DOGE-USD"}, {"trade_id": 138704876, "side": "sell", "size": "1.50000000", "price": "0.19659000", "time": "2025-07-12T13:00:26.539303Z", "fetched_at": "2025-07-12T13:04:24.016630+00:00", "symbol": "DOGE-USD"}, {"trade_id": 138704875, "side": "sell", "size": "5.60000000", "price": "0.19658000", "time": "2025-07-12T13:00:26.402672Z", "fetched_at": "2025-07-12T13:04:24.016630+00:00", "symbol": "DOGE-USD"}, {"trade_id": 138704874, "side": "sell", "size": "4031.80000000", "price": "0.19654000", "time": "2025-07-12T13:00:25.716519Z", "fetched_at": "2025-07-12T13:04:24.016630+00:00", "symbol": "DOGE-USD"}, {"trade_id": 138704873, "side": "buy", "size": "632.70000000", "price": "0.19654000", "time": "2025-07-12T13:00:22.883486Z", "fetched_at": "2025-07-12T13:04:24.016630+00:00", "symbol": "DOGE-USD"}, {"trade_id": 138704872, "side": "sell", "size": "266.80000000", "price": "0.19653000", "time": "2025-07-12T13:00:18.938581Z", "fetched_at": "2025-07-12T13:04:24.016630+00:00", "symbol": "DOGE-USD"}, {"trade_id": 138704871, "side": "sell", "size": "383.10000000", "price": "0.19653000", "time": "2025-07-12T13:00:18.938581Z", "fetched_at": "2025-07-12T13:04:24.016630+00:00", "symbol": "DOGE-USD"}, {"trade_id": 138704870, "side": "buy", "size": "5.60000000", "price": "0.19654000", "time": "2025-07-12T13:00:18.816169Z", "fetched_at": "2025-07-12T13:04:24.016630+00:00", "symbol": "DOGE-USD"}, {"trade_id": 138704869, "side": "buy", "size": "5.60000000", "price": "0.19656000", "time": "2025-07-12T13:00:18.815499Z", "fetched_at": "2025-07-12T13:04:24.016630+00:00", "symbol": "DOGE-USD"}, {"trade_id": 138704868, "side": "buy", "size": "107.40000000", "price": "0.19657000", "time": "2025-07-12T13:00:17.818355Z", "fetched_at": "2025-07-12T13:04:24.016630+00:00", "symbol": "DOGE-USD"}, {"trade_id": 138704867, "side": "buy", "size": "60.20000000", "price": "0.19657000", "time": "2025-07-12T13:00:15.658882Z", "fetched_at": "2025-07-12T13:04:24.016630+00:00", "symbol": "DOGE-USD"}, {"trade_id": 138704866, "side": "buy", "size": "5.60000000", "price": "0.19658000", "time": "2025-07-12T13:00:15.658882Z", "fetched_at": "2025-07-12T13:04:24.016630+00:00", "symbol": "DOGE-USD"}, {"trade_id": 138704865, "side": "buy", "size": "5.60000000", "price": "0.19662000", "time": "2025-07-12T13:00:12.722591Z", "fetched_at": "2025-07-12T13:04:24.016630+00:00", "symbol": "DOGE-USD"}, {"trade_id": 138704864, "side": "buy", "size": "188.00000000", "price": "0.19666000", "time": "2025-07-12T13:00:11.125734Z", "fetched_at": "2025-07-12T13:04:24.016630+00:00", "symbol": "DOGE-USD"}, {"trade_id": 138704863, "side": "sell", "size": "5.60000000", "price": "0.19666000", "time": "2025-07-12T13:00:11.083807Z", "fetched_at": "2025-07-12T13:04:24.016630+00:00", "symbol": "DOGE-USD"}, {"trade_id": 138704862, "side": "sell", "size": "5.60000000", "price": "0.19664000", "time": "2025-07-12T13:00:11.068342Z", "fetched_at": "2025-07-12T13:04:24.016630+00:00", "symbol": "DOGE-USD"}, {"trade_id": 138704861, "side": "sell", "size": "12535.30000000", "price": "0.19659000", "time": "2025-07-12T13:00:07.881610Z", "fetched_at": "2025-07-12T13:04:24.016630+00:00", "symbol": "DOGE-USD"}, {"trade_id": 138704860, "side": "sell", "size": "6043.70000000", "price": "0.19659000", "time": "2025-07-12T13:00:07.868032Z", "fetched_at": "2025-07-12T13:04:24.016630+00:00", "symbol": "DOGE-USD"}, {"trade_id": 138704859, "side": "sell", "size": "255.40000000", "price": "0.19655000", "time": "2025-07-12T13:00:06.992037Z", "fetched_at": "2025-07-12T13:04:24.016630+00:00", "symbol": "DOGE-USD"}, {"trade_id": 138704858, "side": "buy", "size": "632.70000000", "price": "0.19658000", "time": "2025-07-12T13:00:06.846522Z", "fetched_at": "2025-07-12T13:04:24.016630+00:00", "symbol": "DOGE-USD"}, {"trade_id": 138704857, "side": "sell", "size": "13992.10000000", "price": "0.19654000", "time": "2025-07-12T13:00:06.634350Z", "fetched_at": "2025-07-12T13:04:24.016630+00:00", "symbol": "DOGE-USD"}, {"trade_id": 138704856, "side": "buy", "size": "632.70000000", "price": "0.19655000", "time": "2025-07-12T13:00:05.273120Z", "fetched_at": "2025-07-12T13:04:24.016630+00:00", "symbol": "DOGE-USD"}, {"trade_id": 138704855, "side": "sell", "size": "823.50000000", "price": "0.19655000", "time": "2025-07-12T13:00:03.151641Z", "fetched_at": "2025-07-12T13:04:24.016630+00:00", "symbol": "DOGE-USD"}, {"trade_id": 138704854, "side": "buy", "size": "13755.50000000", "price": "0.19654000", "time": "2025-07-12T13:00:02.604228Z", "fetched_at": "2025-07-12T13:04:24.016630+00:00", "symbol": "DOGE-USD"}, {"trade_id": 138704853, "side": "buy", "size": "1837.80000000", "price": "0.19654000", "time": "2025-07-12T13:00:02.584846Z", "fetched_at": "2025-07-12T13:04:24.016630+00:00", "symbol": "DOGE-USD"}, {"trade_id": 138704852, "side": "buy", "size": "632.70000000", "price": "0.19656000", "time": "2025-07-12T13:00:02.528210Z", "fetched_at": "2025-07-12T13:04:24.016630+00:00", "symbol": "DOGE-USD"}, {"trade_id": 138704851, "side": "buy", "size": "56.50000000", "price": "0.19657000", "time": "2025-07-12T13:00:02.502263Z", "fetched_at": "2025-07-12T13:04:24.016630+00:00", "symbol": "DOGE-USD"}, {"trade_id": 138704850, "side": "sell", "size": "823.50000000", "price": "0.19657000", "time": "2025-07-12T13:00:02.396956Z", "fetched_at": "2025-07-12T13:04:24.016630+00:00", "symbol": "DOGE-USD"}, {"trade_id": 138704849, "side": "sell", "size": "13195.20000000", "price": "0.19654000", "time": "2025-07-12T13:00:02.290329Z", "fetched_at": "2025-07-12T13:04:24.016630+00:00", "symbol": "DOGE-USD"}, {"trade_id": 138704848, "side": "sell", "size": "823.50000000", "price": "0.19655000", "time": "2025-07-12T13:00:02.283858Z", "fetched_at": "2025-07-12T13:04:24.016630+00:00", "symbol": "DOGE-USD"}, {"trade_id": 138704847, "side": "sell", "size": "13195.20000000", "price": "0.19654000", "time": "2025-07-12T13:00:02.281359Z", "fetched_at": "2025-07-12T13:04:24.016630+00:00", "symbol": "DOGE-USD"}, {"trade_id": 138704846, "side": "sell", "size": "823.50000000", "price": "0.19653000", "time": "2025-07-12T13:00:02.281359Z", "fetched_at": "2025-07-12T13:04:24.016630+00:00", "symbol": "DOGE-USD"}, {"trade_id": 138704845, "side": "sell", "size": "33.80000000", "price": "0.19653000", "time": "2025-07-12T13:00:01.859247Z", "fetched_at": "2025-07-12T13:04:24.016630+00:00", "symbol": "DOGE-USD"}, {"trade_id": 138704844, "side": "sell", "size": "789.70000000", "price": "0.19653000", "time": "2025-07-12T13:00:01.625986Z", "fetched_at": "2025-07-12T13:04:24.016630+00:00", "symbol": "DOGE-USD"}, {"trade_id": 138704843, "side": "buy", "size": "5.60000000", "price": "0.19654000", "time": "2025-07-12T13:00:01.569633Z", "fetched_at": "2025-07-12T13:04:24.016630+00:00", "symbol": "DOGE-USD"}, {"trade_id": 138704842, "side": "buy", "size": "5.60000000", "price": "0.19656000", "time": "2025-07-12T13:00:01.532742Z", "fetched_at": "2025-07-12T13:04:24.016630+00:00", "symbol": "DOGE-USD"}, {"trade_id": 138704841, "side": "buy", "size": "5.60000000", "price": "0.19658000", "time": "2025-07-12T13:00:01.495637Z", "fetched_at": "2025-07-12T13:04:24.016630+00:00", "symbol": "DOGE-USD"}, {"trade_id": 138704840, "side": "buy", "size": "5.60000000", "price": "0.19660000", "time": "2025-07-12T13:00:01.430230Z", "fetched_at": "2025-07-12T13:04:24.016630+00:00", "symbol": "DOGE-USD"}, {"trade_id": 138704839, "side": "sell", "size": "266.80000000", "price": "0.19661000", "time": "2025-07-12T13:00:01.186865Z", "fetched_at": "2025-07-12T13:04:24.016630+00:00", "symbol": "DOGE-USD"}, {"trade_id": 138704838, "side": "buy", "size": "3213.60000000", "price": "0.19664000", "time": "2025-07-12T13:00:00.925405Z", "fetched_at": "2025-07-12T13:04:24.016630+00:00", "symbol": "DOGE-USD"}, {"trade_id": 138704837, "side": "buy", "size": "2390.40000000", "price": "0.19664000", "time": "2025-07-12T13:00:00.925335Z", "fetched_at": "2025-07-12T13:04:24.016630+00:00", "symbol": "DOGE-USD"}, {"trade_id": 138704836, "side": "buy", "size": "5.60000000", "price": "0.19664000", "time": "2025-07-12T13:00:00.925335Z", "fetched_at": "2025-07-12T13:04:24.016630+00:00", "symbol": "DOGE-USD"}, {"trade_id": 138704835, "side": "sell", "size": "266.80000000", "price": "0.19665000", "time": "2025-07-12T13:00:00.863424Z", "fetched_at": "2025-07-12T13:04:24.016630+00:00", "symbol": "DOGE-USD"}, {"trade_id": 138704834, "side": "sell", "size": "255.40000000", "price": "0.19665000", "time": "2025-07-12T13:00:00.863424Z", "fetched_at": "2025-07-12T13:04:24.016630+00:00", "symbol": "DOGE-USD"}, {"trade_id": 138704833, "side": "buy", "size": "10000.00000000", "price": "0.19667000", "time": "2025-07-12T13:00:00.732476Z", "fetched_at": "2025-07-12T13:04:24.016630+00:00", "symbol": "DOGE-USD"}, {"trade_id": 138704832, "side": "buy", "size": "18553.00000000", "price": "0.19668000", "time": "2025-07-12T13:00:00.732325Z", "fetched_at": "2025-07-12T13:04:24.016630+00:00", "symbol": "DOGE-USD"}, {"trade_id": 138704831, "side": "buy", "size": "5.60000000", "price": "0.19668000", "time": "2025-07-12T13:00:00.732325Z", "fetched_at": "2025-07-12T13:04:24.016630+00:00", "symbol": "DOGE-USD"}, {"trade_id": 138704830, "side": "buy", "size": "2500.00000000", "price": "0.19670000", "time": "2025-07-12T13:00:00.731584Z", "fetched_at": "2025-07-12T13:04:24.016630+00:00", "symbol": "DOGE-USD"}, {"trade_id": 138704829, "side": "buy", "size": "5.60000000", "price": "0.19672000", "time": "2025-07-12T13:00:00.731584Z", "fetched_at": "2025-07-12T13:04:24.016630+00:00", "symbol": "DOGE-USD"}, {"trade_id": 138704828, "side": "buy", "size": "13740.80000000", "price": "0.19675000", "time": "2025-07-12T13:00:00.439423Z", "fetched_at": "2025-07-12T13:04:24.016630+00:00", "symbol": "DOGE-USD"}, {"trade_id": 138704827, "side": "buy", "size": "5.60000000", "price": "0.19676000", "time": "2025-07-12T13:00:00.439423Z", "fetched_at": "2025-07-12T13:04:24.016630+00:00", "symbol": "DOGE-USD"}, {"trade_id": 138704826, "side": "buy", "size": "18555.70000000", "price": "0.19678000", "time": "2025-07-12T13:00:00.385592Z", "fetched_at": "2025-07-12T13:04:24.016630+00:00", "symbol": "DOGE-USD"}, {"trade_id": 138704825, "side": "buy", "size": "632.40000000", "price": "0.19682000", "time": "2025-07-12T12:59:58.544560Z", "fetched_at": "2025-07-12T13:04:24.016630+00:00", "symbol": "DOGE-USD"}, {"trade_id": 138704824, "side": "buy", "size": "13738.00000000", "price": "0.19679000", "time": "2025-07-12T12:59:52.571411Z", "fetched_at": "2025-07-12T13:04:24.016630+00:00", "symbol": "DOGE-USD"}, {"trade_id": 138704823, "side": "buy", "size": "632.40000000", "price": "0.19681000", "time": "2025-07-12T12:59:52.556377Z", "fetched_at": "2025-07-12T13:04:24.016630+00:00", "symbol": "DOGE-USD"}, {"trade_id": 138704822, "side": "buy", "size": "2092.80000000", "price": "0.19680000", "time": "2025-07-12T12:59:51.719374Z", "fetched_at": "2025-07-12T13:04:24.016630+00:00", "symbol": "DOGE-USD"}, {"trade_id": 138704821, "side": "buy", "size": "15.00000000", "price": "0.19680000", "time": "2025-07-12T12:59:51.719374Z", "fetched_at": "2025-07-12T13:04:24.016630+00:00", "symbol": "DOGE-USD"}, {"trade_id": 138704820, "side": "sell", "size": "136.90000000", "price": "0.19684000", "time": "2025-07-12T12:59:50.828705Z", "fetched_at": "2025-07-12T13:04:24.016630+00:00", "symbol": "DOGE-USD"}, {"trade_id": 138704819, "side": "sell", "size": "5.60000000", "price": "0.19684000", "time": "2025-07-12T12:59:50.828705Z", "fetched_at": "2025-07-12T13:04:24.016630+00:00", "symbol": "DOGE-USD"}, {"trade_id": 138704818, "side": "sell", "size": "823.50000000", "price": "0.19682000", "time": "2025-07-12T12:59:43.572669Z", "fetched_at": "2025-07-12T13:04:24.016630+00:00", "symbol": "DOGE-USD"}, {"trade_id": 138704817, "side": "sell", "size": "5.60000000", "price": "0.19682000", "time": "2025-07-12T12:59:43.572669Z", "fetched_at": "2025-07-12T13:04:24.016630+00:00", "symbol": "DOGE-USD"}, {"trade_id": 138704816, "side": "sell", "size": "36.60000000", "price": "0.19682000", "time": "2025-07-12T12:59:43.572669Z", "fetched_at": "2025-07-12T13:04:24.016630+00:00", "symbol": "DOGE-USD"}, {"trade_id": 138704815, "side": "sell", "size": "1334.40000000", "price": "0.19681000", "time": "2025-07-12T12:59:43.572669Z", "fetched_at": "2025-07-12T13:04:24.016630+00:00", "symbol": "DOGE-USD"}, {"trade_id": 138704814, "side": "sell", "size": "5.60000000", "price": "0.19680000", "time": "2025-07-12T12:59:42.436586Z", "fetched_at": "2025-07-12T13:04:24.016630+00:00", "symbol": "DOGE-USD"}, {"trade_id": 138704813, "side": "sell", "size": "6.80000000", "price": "0.19677000", "time": "2025-07-12T12:59:42.352931Z", "fetched_at": "2025-07-12T13:04:24.016630+00:00", "symbol": "DOGE-USD"}, {"trade_id": 138704812, "side": "sell", "size": "5.60000000", "price": "0.19678000", "time": "2025-07-12T12:59:42.181513Z", "fetched_at": "2025-07-12T13:04:24.016630+00:00", "symbol": "DOGE-USD"}, {"trade_id": 138704811, "side": "sell", "size": "2989.10000000", "price": "0.19677000", "time": "2025-07-12T12:59:42.170802Z", "fetched_at": "2025-07-12T13:04:24.016630+00:00", "symbol": "DOGE-USD"}, {"trade_id": 138704810, "side": "sell", "size": "40.50000000", "price": "0.19676000", "time": "2025-07-12T12:59:42.170384Z", "fetched_at": "2025-07-12T13:04:24.016630+00:00", "symbol": "DOGE-USD"}, {"trade_id": 138704809, "side": "sell", "size": "5.60000000", "price": "0.19676000", "time": "2025-07-12T12:59:42.170384Z", "fetched_at": "2025-07-12T13:04:24.016630+00:00", "symbol": "DOGE-USD"}, {"trade_id": 138704808, "side": "sell", "size": "118.30000000", "price": "0.19676000", "time": "2025-07-12T12:59:42.170384Z", "fetched_at": "2025-07-12T13:04:24.016630+00:00", "symbol": "DOGE-USD"}, {"trade_id": 138704807, "side": "sell", "size": "175.10000000", "price": "0.19675000", "time": "2025-07-12T12:59:41.906718Z", "fetched_at": "2025-07-12T13:04:24.016630+00:00", "symbol": "DOGE-USD"}, {"trade_id": 138704806, "side": "sell", "size": "823.50000000", "price": "0.19674000", "time": "2025-07-12T12:59:41.680401Z", "fetched_at": "2025-07-12T13:04:24.016630+00:00", "symbol": "DOGE-USD"}, {"trade_id": 138704805, "side": "sell", "size": "5.60000000", "price": "0.19674000", "time": "2025-07-12T12:59:41.668575Z", "fetched_at": "2025-07-12T13:04:24.016630+00:00", "symbol": "DOGE-USD"}, {"trade_id": 138704804, "side": "sell", "size": "124.00000000", "price": "0.19674000", "time": "2025-07-12T12:59:41.668575Z", "fetched_at": "2025-07-12T13:04:24.016630+00:00", "symbol": "DOGE-USD"}, {"trade_id": 138704803, "side": "sell", "size": "1181.10000000", "price": "0.19673000", "time": "2025-07-12T12:59:41.658718Z", "fetched_at": "2025-07-12T13:04:24.016630+00:00", "symbol": "DOGE-USD"}, {"trade_id": 138704802, "side": "sell", "size": "10167.00000000", "price": "0.19673000", "time": "2025-07-12T12:59:41.658718Z", "fetched_at": "2025-07-12T13:04:24.016630+00:00", "symbol": "DOGE-USD"}, {"trade_id": 138704801, "side": "sell", "size": "17.60000000", "price": "0.19673000", "time": "2025-07-12T12:59:41.658718Z", "fetched_at": "2025-07-12T13:04:24.016630+00:00", "symbol": "DOGE-USD"}, {"trade_id": 138704800, "side": "sell", "size": "5.60000000", "price": "0.19672000", "time": "2025-07-12T12:59:41.649600Z", "fetched_at": "2025-07-12T13:04:24.016630+00:00", "symbol": "DOGE-USD"}, {"trade_id": 138704799, "side": "sell", "size": "108.90000000", "price": "0.19672000", "time": "2025-07-12T12:59:41.649600Z", "fetched_at": "2025-07-12T13:04:24.016630+00:00", "symbol": "DOGE-USD"}, {"trade_id": 138704798, "side": "sell", "size": "1165.80000000", "price": "0.19671000", "time": "2025-07-12T12:59:41.649600Z", "fetched_at": "2025-07-12T13:04:24.016630+00:00", "symbol": "DOGE-USD"}, {"trade_id": 138704797, "side": "sell", "size": "78.30000000", "price": "0.19671000", "time": "2025-07-12T12:59:41.649600Z", "fetched_at": "2025-07-12T13:04:24.016630+00:00", "symbol": "DOGE-USD"}, {"trade_id": 138704796, "side": "sell", "size": "242.60000000", "price": "0.19670000", "time": "2025-07-12T12:59:41.649600Z", "fetched_at": "2025-07-12T13:04:24.016630+00:00", "symbol": "DOGE-USD"}, {"trade_id": 138704795, "side": "sell", "size": "5.60000000", "price": "0.19670000", "time": "2025-07-12T12:59:41.649600Z", "fetched_at": "2025-07-12T13:04:24.016630+00:00", "symbol": "DOGE-USD"}, {"trade_id": 138704794, "side": "sell", "size": "114.20000000", "price": "0.19670000", "time": "2025-07-12T12:59:41.649600Z", "fetched_at": "2025-07-12T13:04:24.016630+00:00", "symbol": "DOGE-USD"}, {"trade_id": 138704793, "side": "sell", "size": "119.30000000", "price": "0.19669000", "time": "2025-07-12T12:59:40.423444Z", "fetched_at": "2025-07-12T13:04:24.016630+00:00", "symbol": "DOGE-USD"}, {"trade_id": 138704792, "side": "sell", "size": "5.60000000", "price": "0.19668000", "time": "2025-07-12T12:59:40.400331Z", "fetched_at": "2025-07-12T13:04:24.016630+00:00", "symbol": "DOGE-USD"}, {"trade_id": 138704791, "side": "sell", "size": "93.70000000", "price": "0.19668000", "time": "2025-07-12T12:59:40.400331Z", "fetched_at": "2025-07-12T13:04:24.016630+00:00", "symbol": "DOGE-USD"}, {"trade_id": 138704790, "side": "buy", "size": "5.60000000", "price": "0.19666000", "time": "2025-07-12T12:59:39.782159Z", "fetched_at": "2025-07-12T13:04:24.016630+00:00", "symbol": "DOGE-USD"}, {"trade_id": 138704789, "side": "sell", "size": "5.60000000", "price": "0.19664000", "time": "2025-07-12T12:59:38.735181Z", "fetched_at": "2025-07-12T13:04:24.016630+00:00", "symbol": "DOGE-USD"}, {"trade_id": 138704788, "side": "sell", "size": "1249.80000000", "price": "0.19663000", "time": "2025-07-12T12:59:37.202098Z", "fetched_at": "2025-07-12T13:04:24.016630+00:00", "symbol": "DOGE-USD"}, {"trade_id": 138704787, "side": "sell", "size": "1526.00000000", "price": "0.19667000", "time": "2025-07-12T12:59:34.445445Z", "fetched_at": "2025-07-12T13:04:24.016630+00:00", "symbol": "DOGE-USD"}, {"trade_id": 138704786, "side": "sell", "size": "2500.00000000", "price": "0.19666000", "time": "2025-07-12T12:59:34.443486Z", "fetched_at": "2025-07-12T13:04:24.016630+00:00", "symbol": "DOGE-USD"}, {"trade_id": 138704785, "side": "sell", "size": "59491.20000000", "price": "0.19666000", "time": "2025-07-12T12:59:34.443486Z", "fetched_at": "2025-07-12T13:04:24.016630+00:00", "symbol": "DOGE-USD"}, {"trade_id": 138704784, "side": "sell", "size": "5.60000000", "price": "0.19666000", "time": "2025-07-12T12:59:34.443486Z", "fetched_at": "2025-07-12T13:04:24.016630+00:00", "symbol": "DOGE-USD"}, {"trade_id": 138704783, "side": "sell", "size": "5599.80000000", "price": "0.19665000", "time": "2025-07-12T12:59:34.443342Z", "fetched_at": "2025-07-12T13:04:24.016630+00:00", "symbol": "DOGE-USD"}, {"trade_id": 138704782, "side": "sell", "size": "823.50000000", "price": "0.19665000", "time": "2025-07-12T12:59:34.443342Z", "fetched_at": "2025-07-12T13:04:24.016630+00:00", "symbol": "DOGE-USD"}, {"trade_id": 138704781, "side": "sell", "size": "12715.20000000", "price": "0.19664000", "time": "2025-07-12T12:59:34.443268Z", "fetched_at": "2025-07-12T13:04:24.016630+00:00", "symbol": "DOGE-USD"}, {"trade_id": 138704780, "side": "sell", "size": "633.90000000", "price": "0.19664000", "time": "2025-07-12T12:59:34.443268Z", "fetched_at": "2025-07-12T13:04:24.016630+00:00", "symbol": "DOGE-USD"}, {"trade_id": 138704779, "side": "sell", "size": "5.60000000", "price": "0.19664000", "time": "2025-07-12T12:59:34.443268Z", "fetched_at": "2025-07-12T13:04:24.016630+00:00", "symbol": "DOGE-USD"}, {"trade_id": 138704778, "side": "sell", "size": "5391.10000000", "price": "0.19663000", "time": "2025-07-12T12:59:34.443004Z", "fetched_at": "2025-07-12T13:04:24.016630+00:00", "symbol": "DOGE-USD"}, {"trade_id": 138704777, "side": "sell", "size": "7324.10000000", "price": "0.19663000", "time": "2025-07-12T12:59:34.442808Z", "fetched_at": "2025-07-12T13:04:24.016630+00:00", "symbol": "DOGE-USD"}, {"trade_id": 138704776, "side": "sell", "size": "10172.20000000", "price": "0.19663000", "time": "2025-07-12T12:59:34.442808Z", "fetched_at": "2025-07-12T13:04:24.016630+00:00", "symbol": "DOGE-USD"}, {"trade_id": 138704775, "side": "sell", "size": "823.50000000", "price": "0.19663000", "time": "2025-07-12T12:59:34.442808Z", "fetched_at": "2025-07-12T13:04:24.016630+00:00", "symbol": "DOGE-USD"}, {"trade_id": 138704774, "side": "sell", "size": "2911.70000000", "price": "0.19662000", "time": "2025-07-12T12:59:34.442612Z", "fetched_at": "2025-07-12T13:04:24.016630+00:00", "symbol": "DOGE-USD"}, {"trade_id": 138704773, "side": "sell", "size": "15671.60000000", "price": "0.19662000", "time": "2025-07-12T12:59:34.442355Z", "fetched_at": "2025-07-12T13:04:24.016630+00:00", "symbol": "DOGE-USD"}, {"trade_id": 138704772, "side": "sell", "size": "5.60000000", "price": "0.19662000", "time": "2025-07-12T12:59:34.442355Z", "fetched_at": "2025-07-12T13:04:24.016630+00:00", "symbol": "DOGE-USD"}, {"trade_id": 138704771, "side": "sell", "size": "10771.80000000", "price": "0.19661000", "time": "2025-07-12T12:59:34.442052Z", "fetched_at": "2025-07-12T13:04:24.016630+00:00", "symbol": "DOGE-USD"}, {"trade_id": 138704770, "side": "sell", "size": "823.50000000", "price": "0.19661000", "time": "2025-07-12T12:59:34.442052Z", "fetched_at": "2025-07-12T13:04:24.016630+00:00", "symbol": "DOGE-USD"}, {"trade_id": 138704769, "side": "sell", "size": "5.60000000", "price": "0.19660000", "time": "2025-07-12T12:59:34.442052Z", "fetched_at": "2025-07-12T13:04:24.016630+00:00", "symbol": "DOGE-USD"}, {"trade_id": 138704768, "side": "sell", "size": "5.60000000", "price": "0.19658000", "time": "2025-07-12T12:59:29.932956Z", "fetched_at": "2025-07-12T13:04:24.016630+00:00", "symbol": "DOGE-USD"}, {"trade_id": 138704767, "side": "buy", "size": "216.40000000", "price": "0.19656000", "time": "2025-07-12T12:59:29.810918Z", "fetched_at": "2025-07-12T13:04:24.016630+00:00", "symbol": "DOGE-USD"}, {"trade_id": 138704766, "side": "buy", "size": "277.20000000", "price": "0.19657000", "time": "2025-07-12T12:59:29.810918Z", "fetched_at": "2025-07-12T13:04:24.016630+00:00", "symbol": "DOGE-USD"}, {"trade_id": 138704765, "side": "buy", "size": "633.90000000", "price": "0.19657000", "time": "2025-07-12T12:59:29.810918Z", "fetched_at": "2025-07-12T13:04:24.016630+00:00", "symbol": "DOGE-USD"}, {"trade_id": 138704764, "side": "sell", "size": "5.60000000", "price": "0.19656000", "time": "2025-07-12T12:59:29.358122Z", "fetched_at": "2025-07-12T13:04:24.016630+00:00", "symbol": "DOGE-USD"}, {"trade_id": 138704763, "side": "sell", "size": "5.60000000", "price": "0.19654000", "time": "2025-07-12T12:59:28.276626Z", "fetched_at": "2025-07-12T13:04:24.016630+00:00", "symbol": "DOGE-USD"}, {"trade_id": 138704762, "side": "sell", "size": "91.50000000", "price": "0.19653000", "time": "2025-07-12T12:59:26.899269Z", "fetched_at": "2025-07-12T13:04:24.016630+00:00", "symbol": "DOGE-USD"}