[{"trade_id": 138719599, "side": "sell", "size": "644.60000000", "price": "0.19541000", "time": "2025-07-12T15:10:46.658107Z", "fetched_at": "2025-07-12T15:10:50.804512+00:00", "symbol": "DOGE-USD"}, {"trade_id": 138719598, "side": "sell", "size": "644.60000000", "price": "0.19540000", "time": "2025-07-12T15:10:46.596508Z", "fetched_at": "2025-07-12T15:10:50.804512+00:00", "symbol": "DOGE-USD"}, {"trade_id": 138719597, "side": "sell", "size": "4.70000000", "price": "0.19540000", "time": "2025-07-12T15:10:46.066418Z", "fetched_at": "2025-07-12T15:10:50.804512+00:00", "symbol": "DOGE-USD"}, {"trade_id": 138719596, "side": "sell", "size": "262.90000000", "price": "0.19540000", "time": "2025-07-12T15:10:45.819033Z", "fetched_at": "2025-07-12T15:10:50.804512+00:00", "symbol": "DOGE-USD"}, {"trade_id": 138719595, "side": "sell", "size": "262.90000000", "price": "0.19544000", "time": "2025-07-12T15:10:45.340556Z", "fetched_at": "2025-07-12T15:10:50.804512+00:00", "symbol": "DOGE-USD"}, {"trade_id": 138719594, "side": "sell", "size": "262.90000000", "price": "0.19545000", "time": "2025-07-12T15:10:45.299392Z", "fetched_at": "2025-07-12T15:10:50.804512+00:00", "symbol": "DOGE-USD"}, {"trade_id": 138719593, "side": "sell", "size": "262.90000000", "price": "0.19544000", "time": "2025-07-12T15:10:45.286174Z", "fetched_at": "2025-07-12T15:10:50.804512+00:00", "symbol": "DOGE-USD"}, {"trade_id": 138719592, "side": "sell", "size": "189.30000000", "price": "0.19547000", "time": "2025-07-12T15:10:45.216392Z", "fetched_at": "2025-07-12T15:10:50.804512+00:00", "symbol": "DOGE-USD"}, {"trade_id": 138719591, "side": "sell", "size": "262.90000000", "price": "0.19547000", "time": "2025-07-12T15:10:45.201708Z", "fetched_at": "2025-07-12T15:10:50.804512+00:00", "symbol": "DOGE-USD"}, {"trade_id": 138719590, "side": "sell", "size": "644.60000000", "price": "0.19549000", "time": "2025-07-12T15:10:45.039610Z", "fetched_at": "2025-07-12T15:10:50.804512+00:00", "symbol": "DOGE-USD"}, {"trade_id": 138719589, "side": "sell", "size": "9587.20000000", "price": "0.19549000", "time": "2025-07-12T15:10:45.039586Z", "fetched_at": "2025-07-12T15:10:50.804512+00:00", "symbol": "DOGE-USD"}, {"trade_id": 138719588, "side": "sell", "size": "644.60000000", "price": "0.19549000", "time": "2025-07-12T15:10:45.039586Z", "fetched_at": "2025-07-12T15:10:50.804512+00:00", "symbol": "DOGE-USD"}, {"trade_id": 138719587, "side": "sell", "size": "644.60000000", "price": "0.19548000", "time": "2025-07-12T15:10:45.039586Z", "fetched_at": "2025-07-12T15:10:50.804512+00:00", "symbol": "DOGE-USD"}, {"trade_id": 138719586, "side": "sell", "size": "644.60000000", "price": "0.19548000", "time": "2025-07-12T15:10:45.032801Z", "fetched_at": "2025-07-12T15:10:50.804512+00:00", "symbol": "DOGE-USD"}, {"trade_id": 138719585, "side": "sell", "size": "4919.20000000", "price": "0.19548000", "time": "2025-07-12T15:10:45.032801Z", "fetched_at": "2025-07-12T15:10:50.804512+00:00", "symbol": "DOGE-USD"}, {"trade_id": 138719584, "side": "sell", "size": "1606.60000000", "price": "0.19548000", "time": "2025-07-12T15:10:45.032801Z", "fetched_at": "2025-07-12T15:10:50.804512+00:00", "symbol": "DOGE-USD"}, {"trade_id": 138719583, "side": "sell", "size": "10233.40000000", "price": "0.19548000", "time": "2025-07-12T15:10:45.032801Z", "fetched_at": "2025-07-12T15:10:50.804512+00:00", "symbol": "DOGE-USD"}, {"trade_id": 138719582, "side": "sell", "size": "5.70000000", "price": "0.19548000", "time": "2025-07-12T15:10:45.032801Z", "fetched_at": "2025-07-12T15:10:50.804512+00:00", "symbol": "DOGE-USD"}, {"trade_id": 138719581, "side": "sell", "size": "189.30000000", "price": "0.19545000", "time": "2025-07-12T15:10:44.917371Z", "fetched_at": "2025-07-12T15:10:50.804512+00:00", "symbol": "DOGE-USD"}, {"trade_id": 138719580, "side": "sell", "size": "485.70000000", "price": "0.19545000", "time": "2025-07-12T15:10:43.824680Z", "fetched_at": "2025-07-12T15:10:50.804512+00:00", "symbol": "DOGE-USD"}, {"trade_id": 138719579, "side": "sell", "size": "5.70000000", "price": "0.19544000", "time": "2025-07-12T15:10:43.824680Z", "fetched_at": "2025-07-12T15:10:50.804512+00:00", "symbol": "DOGE-USD"}, {"trade_id": 138719578, "side": "sell", "size": "5.70000000", "price": "0.19542000", "time": "2025-07-12T15:10:43.794788Z", "fetched_at": "2025-07-12T15:10:50.804512+00:00", "symbol": "DOGE-USD"}, {"trade_id": 138719577, "side": "sell", "size": "644.60000000", "price": "0.19540000", "time": "2025-07-12T15:10:43.259951Z", "fetched_at": "2025-07-12T15:10:50.804512+00:00", "symbol": "DOGE-USD"}, {"trade_id": 138719576, "side": "sell", "size": "644.60000000", "price": "0.19540000", "time": "2025-07-12T15:10:43.259951Z", "fetched_at": "2025-07-12T15:10:50.804512+00:00", "symbol": "DOGE-USD"}, {"trade_id": 138719575, "side": "sell", "size": "5.70000000", "price": "0.19540000", "time": "2025-07-12T15:10:43.259951Z", "fetched_at": "2025-07-12T15:10:50.804512+00:00", "symbol": "DOGE-USD"}, {"trade_id": 138719574, "side": "sell", "size": "5.70000000", "price": "0.19538000", "time": "2025-07-12T15:10:41.418294Z", "fetched_at": "2025-07-12T15:10:50.804512+00:00", "symbol": "DOGE-USD"}, {"trade_id": 138719573, "side": "sell", "size": "5.70000000", "price": "0.19536000", "time": "2025-07-12T15:10:41.217221Z", "fetched_at": "2025-07-12T15:10:50.804512+00:00", "symbol": "DOGE-USD"}, {"trade_id": 138719572, "side": "sell", "size": "5.70000000", "price": "0.19534000", "time": "2025-07-12T15:10:40.749807Z", "fetched_at": "2025-07-12T15:10:50.804512+00:00", "symbol": "DOGE-USD"}, {"trade_id": 138719571, "side": "sell", "size": "5.70000000", "price": "0.19532000", "time": "2025-07-12T15:10:40.513099Z", "fetched_at": "2025-07-12T15:10:50.804512+00:00", "symbol": "DOGE-USD"}, {"trade_id": 138719570, "side": "sell", "size": "644.60000000", "price": "0.19530000", "time": "2025-07-12T15:10:40.355439Z", "fetched_at": "2025-07-12T15:10:50.804512+00:00", "symbol": "DOGE-USD"}, {"trade_id": 138719569, "side": "sell", "size": "5.70000000", "price": "0.19530000", "time": "2025-07-12T15:10:40.355439Z", "fetched_at": "2025-07-12T15:10:50.804512+00:00", "symbol": "DOGE-USD"}, {"trade_id": 138719568, "side": "sell", "size": "644.60000000", "price": "0.19529000", "time": "2025-07-12T15:10:40.355439Z", "fetched_at": "2025-07-12T15:10:50.804512+00:00", "symbol": "DOGE-USD"}, {"trade_id": 138719567, "side": "sell", "size": "5.70000000", "price": "0.19528000", "time": "2025-07-12T15:10:40.355439Z", "fetched_at": "2025-07-12T15:10:50.804512+00:00", "symbol": "DOGE-USD"}, {"trade_id": 138719566, "side": "sell", "size": "5.70000000", "price": "0.19526000", "time": "2025-07-12T15:10:39.823677Z", "fetched_at": "2025-07-12T15:10:50.804512+00:00", "symbol": "DOGE-USD"}, {"trade_id": 138719565, "side": "sell", "size": "5.70000000", "price": "0.19524000", "time": "2025-07-12T15:10:39.748025Z", "fetched_at": "2025-07-12T15:10:50.804512+00:00", "symbol": "DOGE-USD"}, {"trade_id": 138719564, "side": "sell", "size": "5.70000000", "price": "0.19522000", "time": "2025-07-12T15:10:38.723993Z", "fetched_at": "2025-07-12T15:10:50.804512+00:00", "symbol": "DOGE-USD"}, {"trade_id": 138719563, "side": "sell", "size": "5.70000000", "price": "0.19522000", "time": "2025-07-12T15:10:32.748092Z", "fetched_at": "2025-07-12T15:10:50.804512+00:00", "symbol": "DOGE-USD"}, {"trade_id": 138719562, "side": "sell", "size": "5.70000000", "price": "0.19520000", "time": "2025-07-12T15:10:32.560301Z", "fetched_at": "2025-07-12T15:10:50.804512+00:00", "symbol": "DOGE-USD"}, {"trade_id": 138719561, "side": "sell", "size": "29.20000000", "price": "0.19517000", "time": "2025-07-12T15:10:30.502367Z", "fetched_at": "2025-07-12T15:10:50.804512+00:00", "symbol": "DOGE-USD"}, {"trade_id": 138719560, "side": "buy", "size": "5.70000000", "price": "0.19516000", "time": "2025-07-12T15:10:26.373864Z", "fetched_at": "2025-07-12T15:10:50.804512+00:00", "symbol": "DOGE-USD"}, {"trade_id": 138719559, "side": "buy", "size": "2796.40000000", "price": "0.19520000", "time": "2025-07-12T15:10:22.626668Z", "fetched_at": "2025-07-12T15:10:50.804512+00:00", "symbol": "DOGE-USD"}, {"trade_id": 138719558, "side": "sell", "size": "644.60000000", "price": "0.19525000", "time": "2025-07-12T15:10:21.340097Z", "fetched_at": "2025-07-12T15:10:50.804512+00:00", "symbol": "DOGE-USD"}, {"trade_id": 138719557, "side": "sell", "size": "5.70000000", "price": "0.19524000", "time": "2025-07-12T15:10:21.316678Z", "fetched_at": "2025-07-12T15:10:50.804512+00:00", "symbol": "DOGE-USD"}, {"trade_id": 138719556, "side": "sell", "size": "5.70000000", "price": "0.19522000", "time": "2025-07-12T15:10:21.296807Z", "fetched_at": "2025-07-12T15:10:50.804512+00:00", "symbol": "DOGE-USD"}, {"trade_id": 138719555, "side": "sell", "size": "5.70000000", "price": "0.19520000", "time": "2025-07-12T15:10:21.201890Z", "fetched_at": "2025-07-12T15:10:50.804512+00:00", "symbol": "DOGE-USD"}, {"trade_id": 138719554, "side": "sell", "size": "5.70000000", "price": "0.19516000", "time": "2025-07-12T15:10:20.174520Z", "fetched_at": "2025-07-12T15:10:50.804512+00:00", "symbol": "DOGE-USD"}, {"trade_id": 138719553, "side": "sell", "size": "2798.80000000", "price": "0.19514000", "time": "2025-07-12T15:10:20.005625Z", "fetched_at": "2025-07-12T15:10:50.804512+00:00", "symbol": "DOGE-USD"}, {"trade_id": 138719552, "side": "sell", "size": "4543.50000000", "price": "0.19513000", "time": "2025-07-12T15:10:19.994984Z", "fetched_at": "2025-07-12T15:10:50.804512+00:00", "symbol": "DOGE-USD"}, {"trade_id": 138719551, "side": "sell", "size": "1606.60000000", "price": "0.19513000", "time": "2025-07-12T15:10:19.994984Z", "fetched_at": "2025-07-12T15:10:50.804512+00:00", "symbol": "DOGE-USD"}, {"trade_id": 138719550, "side": "sell", "size": "48.30000000", "price": "0.19512000", "time": "2025-07-12T15:10:19.992636Z", "fetched_at": "2025-07-12T15:10:50.804512+00:00", "symbol": "DOGE-USD"}, {"trade_id": 138719549, "side": "sell", "size": "644.60000000", "price": "0.19511000", "time": "2025-07-12T15:10:19.948051Z", "fetched_at": "2025-07-12T15:10:50.804512+00:00", "symbol": "DOGE-USD"}, {"trade_id": 138719548, "side": "sell", "size": "44.60000000", "price": "0.19511000", "time": "2025-07-12T15:10:17.197049Z", "fetched_at": "2025-07-12T15:10:50.804512+00:00", "symbol": "DOGE-USD"}, {"trade_id": 138719547, "side": "sell", "size": "644.60000000", "price": "0.19509000", "time": "2025-07-12T15:10:15.622124Z", "fetched_at": "2025-07-12T15:10:50.804512+00:00", "symbol": "DOGE-USD"}, {"trade_id": 138719546, "side": "buy", "size": "5.70000000", "price": "0.19510000", "time": "2025-07-12T15:10:14.017787Z", "fetched_at": "2025-07-12T15:10:50.804512+00:00", "symbol": "DOGE-USD"}, {"trade_id": 138719545, "side": "sell", "size": "79.20000000", "price": "0.19516000", "time": "2025-07-12T15:10:11.413092Z", "fetched_at": "2025-07-12T15:10:50.804512+00:00", "symbol": "DOGE-USD"}, {"trade_id": 138719544, "side": "sell", "size": "10248.60000000", "price": "0.19516000", "time": "2025-07-12T15:10:11.396881Z", "fetched_at": "2025-07-12T15:10:50.804512+00:00", "symbol": "DOGE-USD"}, {"trade_id": 138719543, "side": "sell", "size": "79.20000000", "price": "0.19515000", "time": "2025-07-12T15:10:11.396881Z", "fetched_at": "2025-07-12T15:10:50.804512+00:00", "symbol": "DOGE-USD"}, {"trade_id": 138719542, "side": "sell", "size": "79.20000000", "price": "0.19515000", "time": "2025-07-12T15:10:11.388683Z", "fetched_at": "2025-07-12T15:10:50.804512+00:00", "symbol": "DOGE-USD"}, {"trade_id": 138719541, "side": "sell", "size": "644.60000000", "price": "0.19515000", "time": "2025-07-12T15:10:11.388683Z", "fetched_at": "2025-07-12T15:10:50.804512+00:00", "symbol": "DOGE-USD"}, {"trade_id": 138719540, "side": "sell", "size": "21609.50000000", "price": "0.19515000", "time": "2025-07-12T15:10:11.388683Z", "fetched_at": "2025-07-12T15:10:50.804512+00:00", "symbol": "DOGE-USD"}, {"trade_id": 138719539, "side": "sell", "size": "10.60000000", "price": "0.19511000", "time": "2025-07-12T15:10:09.834591Z", "fetched_at": "2025-07-12T15:10:50.804512+00:00", "symbol": "DOGE-USD"}, {"trade_id": 138719538, "side": "buy", "size": "189.30000000", "price": "0.19511000", "time": "2025-07-12T15:10:09.696962Z", "fetched_at": "2025-07-12T15:10:50.804512+00:00", "symbol": "DOGE-USD"}, {"trade_id": 138719537, "side": "buy", "size": "1995.60000000", "price": "0.19511000", "time": "2025-07-12T15:10:09.679196Z", "fetched_at": "2025-07-12T15:10:50.804512+00:00", "symbol": "DOGE-USD"}, {"trade_id": 138719536, "side": "buy", "size": "644.60000000", "price": "0.19513000", "time": "2025-07-12T15:10:09.679196Z", "fetched_at": "2025-07-12T15:10:50.804512+00:00", "symbol": "DOGE-USD"}, {"trade_id": 138719535, "side": "buy", "size": "130.30000000", "price": "0.19515000", "time": "2025-07-12T15:10:09.679196Z", "fetched_at": "2025-07-12T15:10:50.804512+00:00", "symbol": "DOGE-USD"}, {"trade_id": 138719534, "side": "buy", "size": "6708.90000000", "price": "0.19511000", "time": "2025-07-12T15:10:09.671136Z", "fetched_at": "2025-07-12T15:10:50.804512+00:00", "symbol": "DOGE-USD"}, {"trade_id": 138719533, "side": "buy", "size": "8487.50000000", "price": "0.19511000", "time": "2025-07-12T15:10:09.670897Z", "fetched_at": "2025-07-12T15:10:50.804512+00:00", "symbol": "DOGE-USD"}, {"trade_id": 138719532, "side": "buy", "size": "2567.40000000", "price": "0.19511000", "time": "2025-07-12T15:10:09.669119Z", "fetched_at": "2025-07-12T15:10:50.804512+00:00", "symbol": "DOGE-USD"}, {"trade_id": 138719531, "side": "buy", "size": "1351.30000000", "price": "0.19511000", "time": "2025-07-12T15:10:09.669119Z", "fetched_at": "2025-07-12T15:10:50.804512+00:00", "symbol": "DOGE-USD"}, {"trade_id": 138719530, "side": "buy", "size": "2253.20000000", "price": "0.19511000", "time": "2025-07-12T15:10:09.669119Z", "fetched_at": "2025-07-12T15:10:50.804512+00:00", "symbol": "DOGE-USD"}, {"trade_id": 138719529, "side": "buy", "size": "1606.60000000", "price": "0.19511000", "time": "2025-07-12T15:10:09.669119Z", "fetched_at": "2025-07-12T15:10:50.804512+00:00", "symbol": "DOGE-USD"}, {"trade_id": 138719528, "side": "buy", "size": "5900.30000000", "price": "0.19512000", "time": "2025-07-12T15:10:09.669119Z", "fetched_at": "2025-07-12T15:10:50.804512+00:00", "symbol": "DOGE-USD"}, {"trade_id": 138719527, "side": "buy", "size": "6934.00000000", "price": "0.19512000", "time": "2025-07-12T15:10:09.669119Z", "fetched_at": "2025-07-12T15:10:50.804512+00:00", "symbol": "DOGE-USD"}, {"trade_id": 138719526, "side": "buy", "size": "2176.60000000", "price": "0.19512000", "time": "2025-07-12T15:10:09.669119Z", "fetched_at": "2025-07-12T15:10:50.804512+00:00", "symbol": "DOGE-USD"}, {"trade_id": 138719525, "side": "buy", "size": "2329.90000000", "price": "0.19512000", "time": "2025-07-12T15:10:09.669119Z", "fetched_at": "2025-07-12T15:10:50.804512+00:00", "symbol": "DOGE-USD"}, {"trade_id": 138719524, "side": "buy", "size": "1606.60000000", "price": "0.19512000", "time": "2025-07-12T15:10:09.669119Z", "fetched_at": "2025-07-12T15:10:50.804512+00:00", "symbol": "DOGE-USD"}, {"trade_id": 138719523, "side": "buy", "size": "5.70000000", "price": "0.19512000", "time": "2025-07-12T15:10:09.669119Z", "fetched_at": "2025-07-12T15:10:50.804512+00:00", "symbol": "DOGE-USD"}, {"trade_id": 138719522, "side": "buy", "size": "5900.30000000", "price": "0.19513000", "time": "2025-07-12T15:10:09.668114Z", "fetched_at": "2025-07-12T15:10:50.804512+00:00", "symbol": "DOGE-USD"}, {"trade_id": 138719521, "side": "buy", "size": "1937.00000000", "price": "0.19513000", "time": "2025-07-12T15:10:09.668114Z", "fetched_at": "2025-07-12T15:10:50.804512+00:00", "symbol": "DOGE-USD"}, {"trade_id": 138719520, "side": "buy", "size": "1606.60000000", "price": "0.19513000", "time": "2025-07-12T15:10:09.668114Z", "fetched_at": "2025-07-12T15:10:50.804512+00:00", "symbol": "DOGE-USD"}, {"trade_id": 138719519, "side": "buy", "size": "644.60000000", "price": "0.19513000", "time": "2025-07-12T15:10:09.668114Z", "fetched_at": "2025-07-12T15:10:50.804512+00:00", "symbol": "DOGE-USD"}, {"trade_id": 138719518, "side": "buy", "size": "2320.30000000", "price": "0.19514000", "time": "2025-07-12T15:10:09.667702Z", "fetched_at": "2025-07-12T15:10:50.804512+00:00", "symbol": "DOGE-USD"}, {"trade_id": 138719517, "side": "buy", "size": "1606.60000000", "price": "0.19514000", "time": "2025-07-12T15:10:09.667702Z", "fetched_at": "2025-07-12T15:10:50.804512+00:00", "symbol": "DOGE-USD"}, {"trade_id": 138719516, "side": "buy", "size": "823.50000000", "price": "0.19514000", "time": "2025-07-12T15:10:09.667702Z", "fetched_at": "2025-07-12T15:10:50.804512+00:00", "symbol": "DOGE-USD"}, {"trade_id": 138719515, "side": "buy", "size": "3.30000000", "price": "0.19514000", "time": "2025-07-12T15:10:09.667702Z", "fetched_at": "2025-07-12T15:10:50.804512+00:00", "symbol": "DOGE-USD"}, {"trade_id": 138719514, "side": "buy", "size": "130.30000000", "price": "0.19515000", "time": "2025-07-12T15:10:09.667702Z", "fetched_at": "2025-07-12T15:10:50.804512+00:00", "symbol": "DOGE-USD"}, {"trade_id": 138719513, "side": "buy", "size": "5.70000000", "price": "0.19516000", "time": "2025-07-12T15:10:09.667702Z", "fetched_at": "2025-07-12T15:10:50.804512+00:00", "symbol": "DOGE-USD"}, {"trade_id": 138719512, "side": "sell", "size": "497.50000000", "price": "0.19519000", "time": "2025-07-12T15:10:09.302162Z", "fetched_at": "2025-07-12T15:10:50.804512+00:00", "symbol": "DOGE-USD"}, {"trade_id": 138719511, "side": "sell", "size": "79.20000000", "price": "0.19518000", "time": "2025-07-12T15:10:07.938023Z", "fetched_at": "2025-07-12T15:10:50.804512+00:00", "symbol": "DOGE-USD"}, {"trade_id": 138719510, "side": "sell", "size": "40.80000000", "price": "0.19518000", "time": "2025-07-12T15:10:06.481604Z", "fetched_at": "2025-07-12T15:10:50.804512+00:00", "symbol": "DOGE-USD"}, {"trade_id": 138719509, "side": "sell", "size": "40.80000000", "price": "0.19520000", "time": "2025-07-12T15:10:06.458045Z", "fetched_at": "2025-07-12T15:10:50.804512+00:00", "symbol": "DOGE-USD"}, {"trade_id": 138719508, "side": "sell", "size": "40.80000000", "price": "0.19522000", "time": "2025-07-12T15:10:06.407127Z", "fetched_at": "2025-07-12T15:10:50.804512+00:00", "symbol": "DOGE-USD"}, {"trade_id": 138719507, "side": "buy", "size": "77.70000000", "price": "0.19519000", "time": "2025-07-12T15:10:05.918820Z", "fetched_at": "2025-07-12T15:10:50.804512+00:00", "symbol": "DOGE-USD"}, {"trade_id": 138719506, "side": "buy", "size": "130.20000000", "price": "0.19525000", "time": "2025-07-12T15:10:05.322830Z", "fetched_at": "2025-07-12T15:10:50.804512+00:00", "symbol": "DOGE-USD"}, {"trade_id": 138719505, "side": "sell", "size": "79.20000000", "price": "0.19524000", "time": "2025-07-12T15:10:05.218476Z", "fetched_at": "2025-07-12T15:10:50.804512+00:00", "symbol": "DOGE-USD"}, {"trade_id": 138719504, "side": "sell", "size": "79.20000000", "price": "0.19525000", "time": "2025-07-12T15:10:04.967787Z", "fetched_at": "2025-07-12T15:10:50.804512+00:00", "symbol": "DOGE-USD"}, {"trade_id": 138719503, "side": "sell", "size": "79.20000000", "price": "0.19525000", "time": "2025-07-12T15:10:04.951607Z", "fetched_at": "2025-07-12T15:10:50.804512+00:00", "symbol": "DOGE-USD"}, {"trade_id": 138719502, "side": "sell", "size": "79.20000000", "price": "0.19525000", "time": "2025-07-12T15:10:04.936262Z", "fetched_at": "2025-07-12T15:10:50.804512+00:00", "symbol": "DOGE-USD"}, {"trade_id": 138719501, "side": "sell", "size": "79.20000000", "price": "0.19525000", "time": "2025-07-12T15:10:04.925684Z", "fetched_at": "2025-07-12T15:10:50.804512+00:00", "symbol": "DOGE-USD"}, {"trade_id": 138719500, "side": "sell", "size": "79.20000000", "price": "0.19524000", "time": "2025-07-12T15:10:04.747596Z", "fetched_at": "2025-07-12T15:10:50.804512+00:00", "symbol": "DOGE-USD"}, {"trade_id": 138719499, "side": "sell", "size": "5.70000000", "price": "0.19522000", "time": "2025-07-12T15:10:04.673551Z", "fetched_at": "2025-07-12T15:10:50.804512+00:00", "symbol": "DOGE-USD"}, {"trade_id": 138719498, "side": "buy", "size": "2.40000000", "price": "0.19514000", "time": "2025-07-12T15:10:03.308167Z", "fetched_at": "2025-07-12T15:10:50.804512+00:00", "symbol": "DOGE-USD"}, {"trade_id": 138719497, "side": "buy", "size": "5.70000000", "price": "0.19516000", "time": "2025-07-12T15:10:02.662277Z", "fetched_at": "2025-07-12T15:10:50.804512+00:00", "symbol": "DOGE-USD"}, {"trade_id": 138719496, "side": "buy", "size": "130.20000000", "price": "0.19519000", "time": "2025-07-12T15:10:01.498582Z", "fetched_at": "2025-07-12T15:10:50.804512+00:00", "symbol": "DOGE-USD"}, {"trade_id": 138719495, "side": "buy", "size": "130.20000000", "price": "0.19518000", "time": "2025-07-12T15:10:01.484377Z", "fetched_at": "2025-07-12T15:10:50.804512+00:00", "symbol": "DOGE-USD"}, {"trade_id": 138719494, "side": "buy", "size": "2000.00000000", "price": "0.19518000", "time": "2025-07-12T15:10:01.484377Z", "fetched_at": "2025-07-12T15:10:50.804512+00:00", "symbol": "DOGE-USD"}, {"trade_id": 138719493, "side": "buy", "size": "5.70000000", "price": "0.19518000", "time": "2025-07-12T15:10:01.484377Z", "fetched_at": "2025-07-12T15:10:50.804512+00:00", "symbol": "DOGE-USD"}, {"trade_id": 138719492, "side": "buy", "size": "5.70000000", "price": "0.19520000", "time": "2025-07-12T15:10:01.484377Z", "fetched_at": "2025-07-12T15:10:50.804512+00:00", "symbol": "DOGE-USD"}, {"trade_id": 138719491, "side": "buy", "size": "98.90000000", "price": "0.19521000", "time": "2025-07-12T15:09:59.065488Z", "fetched_at": "2025-07-12T15:10:50.804512+00:00", "symbol": "DOGE-USD"}, {"trade_id": 138719490, "side": "buy", "size": "130.20000000", "price": "0.19521000", "time": "2025-07-12T15:09:59.065488Z", "fetched_at": "2025-07-12T15:10:50.804512+00:00", "symbol": "DOGE-USD"}, {"trade_id": 138719489, "side": "buy", "size": "5.70000000", "price": "0.19522000", "time": "2025-07-12T15:09:59.065488Z", "fetched_at": "2025-07-12T15:10:50.804512+00:00", "symbol": "DOGE-USD"}, {"trade_id": 138719488, "side": "buy", "size": "5.70000000", "price": "0.19524000", "time": "2025-07-12T15:09:59.065488Z", "fetched_at": "2025-07-12T15:10:50.804512+00:00", "symbol": "DOGE-USD"}, {"trade_id": 138719487, "side": "buy", "size": "5.70000000", "price": "0.19526000", "time": "2025-07-12T15:09:58.933600Z", "fetched_at": "2025-07-12T15:10:50.804512+00:00", "symbol": "DOGE-USD"}, {"trade_id": 138719486, "side": "sell", "size": "75.10000000", "price": "0.19529000", "time": "2025-07-12T15:09:55.924776Z", "fetched_at": "2025-07-12T15:10:50.804512+00:00", "symbol": "DOGE-USD"}, {"trade_id": 138719485, "side": "buy", "size": "5.70000000", "price": "0.19528000", "time": "2025-07-12T15:09:55.180550Z", "fetched_at": "2025-07-12T15:10:50.804512+00:00", "symbol": "DOGE-USD"}, {"trade_id": 138719484, "side": "buy", "size": "130.20000000", "price": "0.19530000", "time": "2025-07-12T15:09:55.180550Z", "fetched_at": "2025-07-12T15:10:50.804512+00:00", "symbol": "DOGE-USD"}, {"trade_id": 138719483, "side": "buy", "size": "5.70000000", "price": "0.19530000", "time": "2025-07-12T15:09:55.180550Z", "fetched_at": "2025-07-12T15:10:50.804512+00:00", "symbol": "DOGE-USD"}, {"trade_id": 138719482, "side": "buy", "size": "5.70000000", "price": "0.19532000", "time": "2025-07-12T15:09:55.166672Z", "fetched_at": "2025-07-12T15:10:50.804512+00:00", "symbol": "DOGE-USD"}, {"trade_id": 138719481, "side": "sell", "size": "5.70000000", "price": "0.19538000", "time": "2025-07-12T15:09:54.509267Z", "fetched_at": "2025-07-12T15:10:50.804512+00:00", "symbol": "DOGE-USD"}, {"trade_id": 138719480, "side": "sell", "size": "60.40000000", "price": "0.19536000", "time": "2025-07-12T15:09:52.573118Z", "fetched_at": "2025-07-12T15:10:50.804512+00:00", "symbol": "DOGE-USD"}, {"trade_id": 138719479, "side": "sell", "size": "60.40000000", "price": "0.19536000", "time": "2025-07-12T15:09:52.560603Z", "fetched_at": "2025-07-12T15:10:50.804512+00:00", "symbol": "DOGE-USD"}, {"trade_id": 138719478, "side": "sell", "size": "550.80000000", "price": "0.19536000", "time": "2025-07-12T15:09:49.966621Z", "fetched_at": "2025-07-12T15:10:50.804512+00:00", "symbol": "DOGE-USD"}, {"trade_id": 138719477, "side": "sell", "size": "189.30000000", "price": "0.19536000", "time": "2025-07-12T15:09:49.966621Z", "fetched_at": "2025-07-12T15:10:50.804512+00:00", "symbol": "DOGE-USD"}, {"trade_id": 138719476, "side": "buy", "size": "22145.70000000", "price": "0.19538000", "time": "2025-07-12T15:09:49.198124Z", "fetched_at": "2025-07-12T15:10:50.804512+00:00", "symbol": "DOGE-USD"}, {"trade_id": 138719475, "side": "buy", "size": "130.10000000", "price": "0.19539000", "time": "2025-07-12T15:09:49.189647Z", "fetched_at": "2025-07-12T15:10:50.804512+00:00", "symbol": "DOGE-USD"}, {"trade_id": 138719474, "side": "buy", "size": "130.10000000", "price": "0.19541000", "time": "2025-07-12T15:09:49.083927Z", "fetched_at": "2025-07-12T15:10:50.804512+00:00", "symbol": "DOGE-USD"}, {"trade_id": 138719473, "side": "buy", "size": "130.10000000", "price": "0.19541000", "time": "2025-07-12T15:09:49.076384Z", "fetched_at": "2025-07-12T15:10:50.804512+00:00", "symbol": "DOGE-USD"}, {"trade_id": 138719472, "side": "buy", "size": "1222.70000000", "price": "0.19542000", "time": "2025-07-12T15:09:49.076219Z", "fetched_at": "2025-07-12T15:10:50.804512+00:00", "symbol": "DOGE-USD"}, {"trade_id": 138719471, "side": "sell", "size": "104.60000000", "price": "0.19542000", "time": "2025-07-12T15:09:48.565602Z", "fetched_at": "2025-07-12T15:10:50.804512+00:00", "symbol": "DOGE-USD"}, {"trade_id": 138719470, "side": "sell", "size": "107.60000000", "price": "0.19539000", "time": "2025-07-12T15:09:48.181395Z", "fetched_at": "2025-07-12T15:10:50.804512+00:00", "symbol": "DOGE-USD"}, {"trade_id": 138719469, "side": "sell", "size": "115.90000000", "price": "0.19537000", "time": "2025-07-12T15:09:47.335475Z", "fetched_at": "2025-07-12T15:10:50.804512+00:00", "symbol": "DOGE-USD"}, {"trade_id": 138719468, "side": "sell", "size": "21.30000000", "price": "0.19537000", "time": "2025-07-12T15:09:47.335475Z", "fetched_at": "2025-07-12T15:10:50.804512+00:00", "symbol": "DOGE-USD"}, {"trade_id": 138719467, "side": "sell", "size": "1357.70000000", "price": "0.19536000", "time": "2025-07-12T15:09:46.967634Z", "fetched_at": "2025-07-12T15:10:50.804512+00:00", "symbol": "DOGE-USD"}, {"trade_id": 138719466, "side": "buy", "size": "130.10000000", "price": "0.19539000", "time": "2025-07-12T15:09:46.587343Z", "fetched_at": "2025-07-12T15:10:50.804512+00:00", "symbol": "DOGE-USD"}, {"trade_id": 138719465, "side": "buy", "size": "644.60000000", "price": "0.19539000", "time": "2025-07-12T15:09:46.587343Z", "fetched_at": "2025-07-12T15:10:50.804512+00:00", "symbol": "DOGE-USD"}, {"trade_id": 138719464, "side": "buy", "size": "644.60000000", "price": "0.19540000", "time": "2025-07-12T15:09:46.586275Z", "fetched_at": "2025-07-12T15:10:50.804512+00:00", "symbol": "DOGE-USD"}, {"trade_id": 138719463, "side": "sell", "size": "823.50000000", "price": "0.19542000", "time": "2025-07-12T15:09:45.665884Z", "fetched_at": "2025-07-12T15:10:50.804512+00:00", "symbol": "DOGE-USD"}, {"trade_id": 138719462, "side": "sell", "size": "6983.10000000", "price": "0.19541000", "time": "2025-07-12T15:09:45.647254Z", "fetched_at": "2025-07-12T15:10:50.804512+00:00", "symbol": "DOGE-USD"}, {"trade_id": 138719461, "side": "sell", "size": "1606.60000000", "price": "0.19541000", "time": "2025-07-12T15:09:45.647254Z", "fetched_at": "2025-07-12T15:10:50.804512+00:00", "symbol": "DOGE-USD"}, {"trade_id": 138719460, "side": "sell", "size": "1948.80000000", "price": "0.19540000", "time": "2025-07-12T15:09:45.617884Z", "fetched_at": "2025-07-12T15:10:50.804512+00:00", "symbol": "DOGE-USD"}, {"trade_id": 138719459, "side": "sell", "size": "1606.60000000", "price": "0.19540000", "time": "2025-07-12T15:09:45.617884Z", "fetched_at": "2025-07-12T15:10:50.804512+00:00", "symbol": "DOGE-USD"}, {"trade_id": 138719458, "side": "sell", "size": "5.70000000", "price": "0.19540000", "time": "2025-07-12T15:09:45.617884Z", "fetched_at": "2025-07-12T15:10:50.804512+00:00", "symbol": "DOGE-USD"}, {"trade_id": 138719457, "side": "sell", "size": "823.50000000", "price": "0.19540000", "time": "2025-07-12T15:09:45.617884Z", "fetched_at": "2025-07-12T15:10:50.804512+00:00", "symbol": "DOGE-USD"}, {"trade_id": 138719456, "side": "sell", "size": "3337.30000000", "price": "0.19539000", "time": "2025-07-12T15:09:45.596405Z", "fetched_at": "2025-07-12T15:10:50.804512+00:00", "symbol": "DOGE-USD"}, {"trade_id": 138719455, "side": "sell", "size": "1743.90000000", "price": "0.19539000", "time": "2025-07-12T15:09:45.596405Z", "fetched_at": "2025-07-12T15:10:50.804512+00:00", "symbol": "DOGE-USD"}, {"trade_id": 138719454, "side": "sell", "size": "1606.00000000", "price": "0.19539000", "time": "2025-07-12T15:09:45.596405Z", "fetched_at": "2025-07-12T15:10:50.804512+00:00", "symbol": "DOGE-USD"}, {"trade_id": 138719453, "side": "sell", "size": "823.50000000", "price": "0.19537000", "time": "2025-07-12T15:09:44.719427Z", "fetched_at": "2025-07-12T15:10:50.804512+00:00", "symbol": "DOGE-USD"}, {"trade_id": 138719452, "side": "sell", "size": "5.70000000", "price": "0.19536000", "time": "2025-07-12T15:09:44.704357Z", "fetched_at": "2025-07-12T15:10:50.804512+00:00", "symbol": "DOGE-USD"}, {"trade_id": 138719451, "side": "sell", "size": "33.80000000", "price": "0.19535000", "time": "2025-07-12T15:09:44.547079Z", "fetched_at": "2025-07-12T15:10:50.804512+00:00", "symbol": "DOGE-USD"}, {"trade_id": 138719450, "side": "sell", "size": "789.70000000", "price": "0.19535000", "time": "2025-07-12T15:09:44.541421Z", "fetched_at": "2025-07-12T15:10:50.804512+00:00", "symbol": "DOGE-USD"}, {"trade_id": 138719449, "side": "sell", "size": "823.50000000", "price": "0.19533000", "time": "2025-07-12T15:09:43.973680Z", "fetched_at": "2025-07-12T15:10:50.804512+00:00", "symbol": "DOGE-USD"}, {"trade_id": 138719448, "side": "sell", "size": "5.70000000", "price": "0.19532000", "time": "2025-07-12T15:09:43.703947Z", "fetched_at": "2025-07-12T15:10:50.804512+00:00", "symbol": "DOGE-USD"}, {"trade_id": 138719447, "side": "sell", "size": "823.50000000", "price": "0.19530000", "time": "2025-07-12T15:09:43.652254Z", "fetched_at": "2025-07-12T15:10:50.804512+00:00", "symbol": "DOGE-USD"}, {"trade_id": 138719446, "side": "sell", "size": "5032.30000000", "price": "0.19529000", "time": "2025-07-12T15:09:43.584366Z", "fetched_at": "2025-07-12T15:10:50.804512+00:00", "symbol": "DOGE-USD"}, {"trade_id": 138719445, "side": "sell", "size": "1606.60000000", "price": "0.19529000", "time": "2025-07-12T15:09:43.584366Z", "fetched_at": "2025-07-12T15:10:50.804512+00:00", "symbol": "DOGE-USD"}, {"trade_id": 138719444, "side": "sell", "size": "5.70000000", "price": "0.19528000", "time": "2025-07-12T15:09:43.584366Z", "fetched_at": "2025-07-12T15:10:50.804512+00:00", "symbol": "DOGE-USD"}, {"trade_id": 138719443, "side": "sell", "size": "823.50000000", "price": "0.19528000", "time": "2025-07-12T15:09:43.584366Z", "fetched_at": "2025-07-12T15:10:50.804512+00:00", "symbol": "DOGE-USD"}, {"trade_id": 138719442, "side": "sell", "size": "1356.50000000", "price": "0.19526000", "time": "2025-07-12T15:09:42.869940Z", "fetched_at": "2025-07-12T15:10:50.804512+00:00", "symbol": "DOGE-USD"}, {"trade_id": 138719441, "side": "sell", "size": "1582.50000000", "price": "0.19526000", "time": "2025-07-12T15:09:42.846400Z", "fetched_at": "2025-07-12T15:10:50.804512+00:00", "symbol": "DOGE-USD"}, {"trade_id": 138719440, "side": "sell", "size": "1219.10000000", "price": "0.19526000", "time": "2025-07-12T15:09:42.705776Z", "fetched_at": "2025-07-12T15:10:50.804512+00:00", "symbol": "DOGE-USD"}, {"trade_id": 138719439, "side": "sell", "size": "1150.30000000", "price": "0.19525000", "time": "2025-07-12T15:09:42.526845Z", "fetched_at": "2025-07-12T15:10:50.804512+00:00", "symbol": "DOGE-USD"}, {"trade_id": 138719438, "side": "sell", "size": "1346.50000000", "price": "0.19527000", "time": "2025-07-12T15:09:42.069151Z", "fetched_at": "2025-07-12T15:10:50.804512+00:00", "symbol": "DOGE-USD"}, {"trade_id": 138719437, "side": "sell", "size": "5.70000000", "price": "0.19524000", "time": "2025-07-12T15:09:41.144964Z", "fetched_at": "2025-07-12T15:10:50.804512+00:00", "symbol": "DOGE-USD"}, {"trade_id": 138719436, "side": "sell", "size": "1328.40000000", "price": "0.19521000", "time": "2025-07-12T15:09:41.066145Z", "fetched_at": "2025-07-12T15:10:50.804512+00:00", "symbol": "DOGE-USD"}, {"trade_id": 138719435, "side": "sell", "size": "1386.80000000", "price": "0.19519000", "time": "2025-07-12T15:09:40.925950Z", "fetched_at": "2025-07-12T15:10:50.804512+00:00", "symbol": "DOGE-USD"}, {"trade_id": 138719434, "side": "buy", "size": "74.80000000", "price": "0.19514000", "time": "2025-07-12T15:09:40.507445Z", "fetched_at": "2025-07-12T15:10:50.804512+00:00", "symbol": "DOGE-USD"}, {"trade_id": 138719433, "side": "sell", "size": "587.00000000", "price": "0.19513000", "time": "2025-07-12T15:09:40.229800Z", "fetched_at": "2025-07-12T15:10:50.804512+00:00", "symbol": "DOGE-USD"}, {"trade_id": 138719432, "side": "sell", "size": "789.70000000", "price": "0.19513000", "time": "2025-07-12T15:09:40.154842Z", "fetched_at": "2025-07-12T15:10:50.804512+00:00", "symbol": "DOGE-USD"}, {"trade_id": 138719431, "side": "buy", "size": "75.80000000", "price": "0.19515000", "time": "2025-07-12T15:09:39.404735Z", "fetched_at": "2025-07-12T15:10:50.804512+00:00", "symbol": "DOGE-USD"}, {"trade_id": 138719430, "side": "sell", "size": "1174.30000000", "price": "0.19516000", "time": "2025-07-12T15:09:38.867424Z", "fetched_at": "2025-07-12T15:10:50.804512+00:00", "symbol": "DOGE-USD"}, {"trade_id": 138719429, "side": "sell", "size": "1126.70000000", "price": "0.19516000", "time": "2025-07-12T15:09:38.867424Z", "fetched_at": "2025-07-12T15:10:50.804512+00:00", "symbol": "DOGE-USD"}, {"trade_id": 138719428, "side": "sell", "size": "73.00000000", "price": "0.19516000", "time": "2025-07-12T15:09:38.803800Z", "fetched_at": "2025-07-12T15:10:50.804512+00:00", "symbol": "DOGE-USD"}, {"trade_id": 138719427, "side": "buy", "size": "81.70000000", "price": "0.19516000", "time": "2025-07-12T15:09:38.610425Z", "fetched_at": "2025-07-12T15:10:50.804512+00:00", "symbol": "DOGE-USD"}, {"trade_id": 138719426, "side": "sell", "size": "1351.30000000", "price": "0.19523000", "time": "2025-07-12T15:09:38.436450Z", "fetched_at": "2025-07-12T15:10:50.804512+00:00", "symbol": "DOGE-USD"}, {"trade_id": 138719425, "side": "sell", "size": "1195.80000000", "price": "0.19517000", "time": "2025-07-12T15:09:37.736837Z", "fetched_at": "2025-07-12T15:10:50.804512+00:00", "symbol": "DOGE-USD"}, {"trade_id": 138719424, "side": "sell", "size": "412.80000000", "price": "0.19520000", "time": "2025-07-12T15:09:37.524859Z", "fetched_at": "2025-07-12T15:10:50.804512+00:00", "symbol": "DOGE-USD"}, {"trade_id": 138719423, "side": "sell", "size": "154.50000000", "price": "0.19518000", "time": "2025-07-12T15:09:37.524859Z", "fetched_at": "2025-07-12T15:10:50.804512+00:00", "symbol": "DOGE-USD"}, {"trade_id": 138719422, "side": "sell", "size": "189.30000000", "price": "0.19518000", "time": "2025-07-12T15:09:37.524036Z", "fetched_at": "2025-07-12T15:10:50.804512+00:00", "symbol": "DOGE-USD"}, {"trade_id": 138719421, "side": "sell", "size": "554.00000000", "price": "0.19518000", "time": "2025-07-12T15:09:37.516791Z", "fetched_at": "2025-07-12T15:10:50.804512+00:00", "symbol": "DOGE-USD"}, {"trade_id": 138719420, "side": "sell", "size": "208.30000000", "price": "0.19518000", "time": "2025-07-12T15:09:37.516750Z", "fetched_at": "2025-07-12T15:10:50.804512+00:00", "symbol": "DOGE-USD"}, {"trade_id": 138719419, "side": "sell", "size": "313.90000000", "price": "0.19518000", "time": "2025-07-12T15:09:37.511387Z", "fetched_at": "2025-07-12T15:10:50.804512+00:00", "symbol": "DOGE-USD"}, {"trade_id": 138719418, "side": "sell", "size": "262.00000000", "price": "0.19519000", "time": "2025-07-12T15:09:37.506615Z", "fetched_at": "2025-07-12T15:10:50.804512+00:00", "symbol": "DOGE-USD"}, {"trade_id": 138719417, "side": "buy", "size": "80.60000000", "price": "0.19519000", "time": "2025-07-12T15:09:37.424526Z", "fetched_at": "2025-07-12T15:10:50.804512+00:00", "symbol": "DOGE-USD"}, {"trade_id": 138719416, "side": "sell", "size": "208.30000000", "price": "0.19520000", "time": "2025-07-12T15:09:37.414591Z", "fetched_at": "2025-07-12T15:10:50.804512+00:00", "symbol": "DOGE-USD"}, {"trade_id": 138719415, "side": "buy", "size": "89.20000000", "price": "0.19521000", "time": "2025-07-12T15:09:37.342356Z", "fetched_at": "2025-07-12T15:10:50.804512+00:00", "symbol": "DOGE-USD"}, {"trade_id": 138719414, "side": "sell", "size": "208.30000000", "price": "0.19522000", "time": "2025-07-12T15:09:37.339364Z", "fetched_at": "2025-07-12T15:10:50.804512+00:00", "symbol": "DOGE-USD"}, {"trade_id": 138719413, "side": "sell", "size": "208.30000000", "price": "0.19524000", "time": "2025-07-12T15:09:37.128499Z", "fetched_at": "2025-07-12T15:10:50.804512+00:00", "symbol": "DOGE-USD"}, {"trade_id": 138719412, "side": "sell", "size": "208.30000000", "price": "0.19524000", "time": "2025-07-12T15:09:37.083974Z", "fetched_at": "2025-07-12T15:10:50.804512+00:00", "symbol": "DOGE-USD"}, {"trade_id": 138719411, "side": "sell", "size": "208.30000000", "price": "0.19524000", "time": "2025-07-12T15:09:37.079012Z", "fetched_at": "2025-07-12T15:10:50.804512+00:00", "symbol": "DOGE-USD"}, {"trade_id": 138719410, "side": "sell", "size": "208.30000000", "price": "0.19524000", "time": "2025-07-12T15:09:37.074813Z", "fetched_at": "2025-07-12T15:10:50.804512+00:00", "symbol": "DOGE-USD"}, {"trade_id": 138719409, "side": "sell", "size": "208.30000000", "price": "0.19525000", "time": "2025-07-12T15:09:37.020051Z", "fetched_at": "2025-07-12T15:10:50.804512+00:00", "symbol": "DOGE-USD"}, {"trade_id": 138719408, "side": "sell", "size": "208.30000000", "price": "0.19525000", "time": "2025-07-12T15:09:37.016589Z", "fetched_at": "2025-07-12T15:10:50.804512+00:00", "symbol": "DOGE-USD"}, {"trade_id": 138719407, "side": "sell", "size": "208.30000000", "price": "0.19527000", "time": "2025-07-12T15:09:36.960307Z", "fetched_at": "2025-07-12T15:10:50.804512+00:00", "symbol": "DOGE-USD"}, {"trade_id": 138719406, "side": "sell", "size": "208.30000000", "price": "0.19527000", "time": "2025-07-12T15:09:36.956038Z", "fetched_at": "2025-07-12T15:10:50.804512+00:00", "symbol": "DOGE-USD"}, {"trade_id": 138719405, "side": "sell", "size": "208.30000000", "price": "0.19527000", "time": "2025-07-12T15:09:36.952085Z", "fetched_at": "2025-07-12T15:10:50.804512+00:00", "symbol": "DOGE-USD"}, {"trade_id": 138719404, "side": "sell", "size": "208.30000000", "price": "0.19526000", "time": "2025-07-12T15:09:36.813592Z", "fetched_at": "2025-07-12T15:10:50.804512+00:00", "symbol": "DOGE-USD"}, {"trade_id": 138719403, "side": "sell", "size": "1817.90000000", "price": "0.19527000", "time": "2025-07-12T15:09:36.748677Z", "fetched_at": "2025-07-12T15:10:50.804512+00:00", "symbol": "DOGE-USD"}, {"trade_id": 138719402, "side": "sell", "size": "2384.70000000", "price": "0.19524000", "time": "2025-07-12T15:09:36.748677Z", "fetched_at": "2025-07-12T15:10:50.804512+00:00", "symbol": "DOGE-USD"}, {"trade_id": 138719401, "side": "sell", "size": "208.30000000", "price": "0.19524000", "time": "2025-07-12T15:09:36.721583Z", "fetched_at": "2025-07-12T15:10:50.804512+00:00", "symbol": "DOGE-USD"}, {"trade_id": 138719400, "side": "sell", "size": "198.70000000", "price": "0.19524000", "time": "2025-07-12T15:09:36.720840Z", "fetched_at": "2025-07-12T15:10:50.804512+00:00", "symbol": "DOGE-USD"}, {"trade_id": 138719399, "side": "sell", "size": "208.30000000", "price": "0.19524000", "time": "2025-07-12T15:09:36.715121Z", "fetched_at": "2025-07-12T15:10:50.804512+00:00", "symbol": "DOGE-USD"}, {"trade_id": 138719398, "side": "sell", "size": "208.30000000", "price": "0.19526000", "time": "2025-07-12T15:09:36.706457Z", "fetched_at": "2025-07-12T15:10:50.804512+00:00", "symbol": "DOGE-USD"}, {"trade_id": 138719397, "side": "sell", "size": "823.50000000", "price": "0.19525000", "time": "2025-07-12T15:09:36.664504Z", "fetched_at": "2025-07-12T15:10:50.804512+00:00", "symbol": "DOGE-USD"}, {"trade_id": 138719396, "side": "buy", "size": "202.60000000", "price": "0.19524000", "time": "2025-07-12T15:09:36.661470Z", "fetched_at": "2025-07-12T15:10:50.804512+00:00", "symbol": "DOGE-USD"}, {"trade_id": 138719395, "side": "sell", "size": "5.70000000", "price": "0.19524000", "time": "2025-07-12T15:09:36.655486Z", "fetched_at": "2025-07-12T15:10:50.804512+00:00", "symbol": "DOGE-USD"}, {"trade_id": 138719394, "side": "sell", "size": "823.50000000", "price": "0.19522000", "time": "2025-07-12T15:09:36.613501Z", "fetched_at": "2025-07-12T15:10:50.804512+00:00", "symbol": "DOGE-USD"}, {"trade_id": 138719393, "side": "sell", "size": "823.50000000", "price": "0.19520000", "time": "2025-07-12T15:09:36.587171Z", "fetched_at": "2025-07-12T15:10:50.804512+00:00", "symbol": "DOGE-USD"}, {"trade_id": 138719392, "side": "sell", "size": "5.70000000", "price": "0.19520000", "time": "2025-07-12T15:09:36.587171Z", "fetched_at": "2025-07-12T15:10:50.804512+00:00", "symbol": "DOGE-USD"}, {"trade_id": 138719391, "side": "sell", "size": "5.70000000", "price": "0.19518000", "time": "2025-07-12T15:09:36.549287Z", "fetched_at": "2025-07-12T15:10:50.804512+00:00", "symbol": "DOGE-USD"}, {"trade_id": 138719390, "side": "sell", "size": "823.50000000", "price": "0.19518000", "time": "2025-07-12T15:09:36.549287Z", "fetched_at": "2025-07-12T15:10:50.804512+00:00", "symbol": "DOGE-USD"}, {"trade_id": 138719389, "side": "sell", "size": "5.70000000", "price": "0.19516000", "time": "2025-07-12T15:09:36.549287Z", "fetched_at": "2025-07-12T15:10:50.804512+00:00", "symbol": "DOGE-USD"}, {"trade_id": 138719388, "side": "buy", "size": "789.70000000", "price": "0.19514000", "time": "2025-07-12T15:09:36.502758Z", "fetched_at": "2025-07-12T15:10:50.804512+00:00", "symbol": "DOGE-USD"}, {"trade_id": 138719387, "side": "sell", "size": "0.10000000", "price": "0.19513000", "time": "2025-07-12T15:09:36.464941Z", "fetched_at": "2025-07-12T15:10:50.804512+00:00", "symbol": "DOGE-USD"}, {"trade_id": 138719386, "side": "sell", "size": "644.50000000", "price": "0.19513000", "time": "2025-07-12T15:09:36.461867Z", "fetched_at": "2025-07-12T15:10:50.804512+00:00", "symbol": "DOGE-USD"}, {"trade_id": 138719385, "side": "sell", "size": "5.70000000", "price": "0.19512000", "time": "2025-07-12T15:09:36.461867Z", "fetched_at": "2025-07-12T15:10:50.804512+00:00", "symbol": "DOGE-USD"}, {"trade_id": 138719384, "side": "sell", "size": "1282.10000000", "price": "0.19510000", "time": "2025-07-12T15:09:36.361595Z", "fetched_at": "2025-07-12T15:10:50.804512+00:00", "symbol": "DOGE-USD"}, {"trade_id": 138719383, "side": "sell", "size": "3717.90000000", "price": "0.19510000", "time": "2025-07-12T15:09:36.352051Z", "fetched_at": "2025-07-12T15:10:50.804512+00:00", "symbol": "DOGE-USD"}, {"trade_id": 138719382, "side": "sell", "size": "1377.50000000", "price": "0.19510000", "time": "2025-07-12T15:09:36.352051Z", "fetched_at": "2025-07-12T15:10:50.804512+00:00", "symbol": "DOGE-USD"}, {"trade_id": 138719381, "side": "sell", "size": "1122.50000000", "price": "0.19510000", "time": "2025-07-12T15:09:36.348210Z", "fetched_at": "2025-07-12T15:10:50.804512+00:00", "symbol": "DOGE-USD"}, {"trade_id": 138719380, "side": "sell", "size": "983.00000000", "price": "0.19508000", "time": "2025-07-12T15:09:36.189703Z", "fetched_at": "2025-07-12T15:10:50.804512+00:00", "symbol": "DOGE-USD"}, {"trade_id": 138719379, "side": "sell", "size": "202.60000000", "price": "0.19508000", "time": "2025-07-12T15:09:36.187786Z", "fetched_at": "2025-07-12T15:10:50.804512+00:00", "symbol": "DOGE-USD"}, {"trade_id": 138719378, "side": "sell", "size": "5.70000000", "price": "0.19508000", "time": "2025-07-12T15:09:36.187786Z", "fetched_at": "2025-07-12T15:10:50.804512+00:00", "symbol": "DOGE-USD"}, {"trade_id": 138719377, "side": "sell", "size": "136.10000000", "price": "0.19507000", "time": "2025-07-12T15:09:36.183295Z", "fetched_at": "2025-07-12T15:10:50.804512+00:00", "symbol": "DOGE-USD"}, {"trade_id": 138719376, "side": "sell", "size": "1191.30000000", "price": "0.19507000", "time": "2025-07-12T15:09:36.182791Z", "fetched_at": "2025-07-12T15:10:50.804512+00:00", "symbol": "DOGE-USD"}, {"trade_id": 138719375, "side": "sell", "size": "5.70000000", "price": "0.19506000", "time": "2025-07-12T15:09:36.182791Z", "fetched_at": "2025-07-12T15:10:50.804512+00:00", "symbol": "DOGE-USD"}, {"trade_id": 138719374, "side": "sell", "size": "10255.70000000", "price": "0.19505000", "time": "2025-07-12T15:09:36.162501Z", "fetched_at": "2025-07-12T15:10:50.804512+00:00", "symbol": "DOGE-USD"}, {"trade_id": 138719373, "side": "sell", "size": "1434.20000000", "price": "0.19505000", "time": "2025-07-12T15:09:36.162501Z", "fetched_at": "2025-07-12T15:10:50.804512+00:00", "symbol": "DOGE-USD"}, {"trade_id": 138719372, "side": "sell", "size": "618.70000000", "price": "0.19505000", "time": "2025-07-12T15:09:36.159604Z", "fetched_at": "2025-07-12T15:10:50.804512+00:00", "symbol": "DOGE-USD"}, {"trade_id": 138719371, "side": "sell", "size": "42.70000000", "price": "0.19501000", "time": "2025-07-12T15:09:36.075389Z", "fetched_at": "2025-07-12T15:10:50.804512+00:00", "symbol": "DOGE-USD"}, {"trade_id": 138719370, "side": "sell", "size": "3000.00000000", "price": "0.19501000", "time": "2025-07-12T15:09:35.693271Z", "fetched_at": "2025-07-12T15:10:50.804512+00:00", "symbol": "DOGE-USD"}, {"trade_id": 138719369, "side": "sell", "size": "5.70000000", "price": "0.19504000", "time": "2025-07-12T15:09:35.682553Z", "fetched_at": "2025-07-12T15:10:50.804512+00:00", "symbol": "DOGE-USD"}, {"trade_id": 138719368, "side": "sell", "size": "5943.80000000", "price": "0.19504000", "time": "2025-07-12T15:09:35.682553Z", "fetched_at": "2025-07-12T15:10:50.804512+00:00", "symbol": "DOGE-USD"}, {"trade_id": 138719367, "side": "sell", "size": "12.50000000", "price": "0.19504000", "time": "2025-07-12T15:09:35.679189Z", "fetched_at": "2025-07-12T15:10:50.804512+00:00", "symbol": "DOGE-USD"}, {"trade_id": 138719366, "side": "sell", "size": "5949.50000000", "price": "0.19503000", "time": "2025-07-12T15:09:35.679189Z", "fetched_at": "2025-07-12T15:10:50.804512+00:00", "symbol": "DOGE-USD"}, {"trade_id": 138719365, "side": "sell", "size": "1388.00000000", "price": "0.19502000", "time": "2025-07-12T15:09:35.674207Z", "fetched_at": "2025-07-12T15:10:50.804512+00:00", "symbol": "DOGE-USD"}, {"trade_id": 138719364, "side": "sell", "size": "5.70000000", "price": "0.19502000", "time": "2025-07-12T15:09:35.674207Z", "fetched_at": "2025-07-12T15:10:50.804512+00:00", "symbol": "DOGE-USD"}, {"trade_id": 138719363, "side": "sell", "size": "2556.30000000", "price": "0.19501000", "time": "2025-07-12T15:09:35.674207Z", "fetched_at": "2025-07-12T15:10:50.804512+00:00", "symbol": "DOGE-USD"}, {"trade_id": 138719362, "side": "sell", "size": "5949.50000000", "price": "0.19501000", "time": "2025-07-12T15:09:35.674207Z", "fetched_at": "2025-07-12T15:10:50.804512+00:00", "symbol": "DOGE-USD"}, {"trade_id": 138719361, "side": "sell", "size": "4737.90000000", "price": "0.19499000", "time": "2025-07-12T15:09:35.674207Z", "fetched_at": "2025-07-12T15:10:50.804512+00:00", "symbol": "DOGE-USD"}, {"trade_id": 138719360, "side": "sell", "size": "20773.80000000", "price": "0.19500000", "time": "2025-07-12T15:09:35.658896Z", "fetched_at": "2025-07-12T15:10:50.804512+00:00", "symbol": "DOGE-USD"}, {"trade_id": 138719359, "side": "sell", "size": "3906.80000000", "price": "0.19500000", "time": "2025-07-12T15:09:35.658896Z", "fetched_at": "2025-07-12T15:10:50.804512+00:00", "symbol": "DOGE-USD"}, {"trade_id": 138719358, "side": "sell", "size": "3893.90000000", "price": "0.19500000", "time": "2025-07-12T15:09:35.658896Z", "fetched_at": "2025-07-12T15:10:50.804512+00:00", "symbol": "DOGE-USD"}, {"trade_id": 138719357, "side": "sell", "size": "1825.20000000", "price": "0.19500000", "time": "2025-07-12T15:09:35.658896Z", "fetched_at": "2025-07-12T15:10:50.804512+00:00", "symbol": "DOGE-USD"}, {"trade_id": 138719356, "side": "sell", "size": "5949.50000000", "price": "0.19500000", "time": "2025-07-12T15:09:35.658896Z", "fetched_at": "2025-07-12T15:10:50.804512+00:00", "symbol": "DOGE-USD"}, {"trade_id": 138719355, "side": "sell", "size": "3890.10000000", "price": "0.19499000", "time": "2025-07-12T15:09:35.658896Z", "fetched_at": "2025-07-12T15:10:50.804512+00:00", "symbol": "DOGE-USD"}, {"trade_id": 138719354, "side": "sell", "size": "3906.80000000", "price": "0.19499000", "time": "2025-07-12T15:09:35.658896Z", "fetched_at": "2025-07-12T15:10:50.804512+00:00", "symbol": "DOGE-USD"}, {"trade_id": 138719353, "side": "sell", "size": "5949.50000000", "price": "0.19499000", "time": "2025-07-12T15:09:35.658896Z", "fetched_at": "2025-07-12T15:10:50.804512+00:00", "symbol": "DOGE-USD"}, {"trade_id": 138719352, "side": "sell", "size": "262.90000000", "price": "0.19495000", "time": "2025-07-12T15:09:35.658896Z", "fetched_at": "2025-07-12T15:10:50.804512+00:00", "symbol": "DOGE-USD"}, {"trade_id": 138719351, "side": "sell", "size": "823.50000000", "price": "0.19494000", "time": "2025-07-12T15:09:35.476333Z", "fetched_at": "2025-07-12T15:10:50.804512+00:00", "symbol": "DOGE-USD"}, {"trade_id": 138719350, "side": "sell", "size": "5000.00000000", "price": "0.19493000", "time": "2025-07-12T15:09:35.476333Z", "fetched_at": "2025-07-12T15:10:50.804512+00:00", "symbol": "DOGE-USD"}, {"trade_id": 138719349, "side": "sell", "size": "2500.00000000", "price": "0.19493000", "time": "2025-07-12T15:09:35.476333Z", "fetched_at": "2025-07-12T15:10:50.804512+00:00", "symbol": "DOGE-USD"}, {"trade_id": 138719348, "side": "sell", "size": "2500.00000000", "price": "0.19493000", "time": "2025-07-12T15:09:35.476333Z", "fetched_at": "2025-07-12T15:10:50.804512+00:00", "symbol": "DOGE-USD"}, {"trade_id": 138719347, "side": "sell", "size": "10000.00000000", "price": "0.19493000", "time": "2025-07-12T15:09:35.476333Z", "fetched_at": "2025-07-12T15:10:50.804512+00:00", "symbol": "DOGE-USD"}, {"trade_id": 138719346, "side": "sell", "size": "5.70000000", "price": "0.19492000", "time": "2025-07-12T15:09:35.476333Z", "fetched_at": "2025-07-12T15:10:50.804512+00:00", "symbol": "DOGE-USD"}, {"trade_id": 138719345, "side": "sell", "size": "118.60000000", "price": "0.19484000", "time": "2025-07-12T15:09:35.051178Z", "fetched_at": "2025-07-12T15:10:50.804512+00:00", "symbol": "DOGE-USD"}, {"trade_id": 138719344, "side": "sell", "size": "118.60000000", "price": "0.19484000", "time": "2025-07-12T15:09:35.021871Z", "fetched_at": "2025-07-12T15:10:50.804512+00:00", "symbol": "DOGE-USD"}, {"trade_id": 138719343, "side": "buy", "size": "789.70000000", "price": "0.19486000", "time": "2025-07-12T15:09:34.790001Z", "fetched_at": "2025-07-12T15:10:50.804512+00:00", "symbol": "DOGE-USD"}, {"trade_id": 138719342, "side": "sell", "size": "130.50000000", "price": "0.19488000", "time": "2025-07-12T15:09:34.770353Z", "fetched_at": "2025-07-12T15:10:50.804512+00:00", "symbol": "DOGE-USD"}, {"trade_id": 138719341, "side": "sell", "size": "1158.40000000", "price": "0.19487000", "time": "2025-07-12T15:09:34.671762Z", "fetched_at": "2025-07-12T15:10:50.804512+00:00", "symbol": "DOGE-USD"}, {"trade_id": 138719340, "side": "sell", "size": "130.50000000", "price": "0.19486000", "time": "2025-07-12T15:09:34.671762Z", "fetched_at": "2025-07-12T15:10:50.804512+00:00", "symbol": "DOGE-USD"}, {"trade_id": 138719339, "side": "sell", "size": "130.50000000", "price": "0.19486000", "time": "2025-07-12T15:09:34.661622Z", "fetched_at": "2025-07-12T15:10:50.804512+00:00", "symbol": "DOGE-USD"}, {"trade_id": 138719338, "side": "sell", "size": "208.30000000", "price": "0.19483000", "time": "2025-07-12T15:09:34.537469Z", "fetched_at": "2025-07-12T15:10:50.804512+00:00", "symbol": "DOGE-USD"}, {"trade_id": 138719337, "side": "sell", "size": "5.00000000", "price": "0.19484000", "time": "2025-07-12T15:09:34.504091Z", "fetched_at": "2025-07-12T15:10:50.804512+00:00", "symbol": "DOGE-USD"}, {"trade_id": 138719336, "side": "sell", "size": "189.30000000", "price": "0.19483000", "time": "2025-07-12T15:09:34.457624Z", "fetched_at": "2025-07-12T15:10:50.804512+00:00", "symbol": "DOGE-USD"}, {"trade_id": 138719335, "side": "sell", "size": "189.30000000", "price": "0.19488000", "time": "2025-07-12T15:09:34.352530Z", "fetched_at": "2025-07-12T15:10:50.804512+00:00", "symbol": "DOGE-USD"}, {"trade_id": 138719334, "side": "buy", "size": "361.20000000", "price": "0.19478000", "time": "2025-07-12T15:09:34.352355Z", "fetched_at": "2025-07-12T15:10:50.804512+00:00", "symbol": "DOGE-USD"}, {"trade_id": 138719333, "side": "buy", "size": "823.50000000", "price": "0.19479000", "time": "2025-07-12T15:09:34.352355Z", "fetched_at": "2025-07-12T15:10:50.804512+00:00", "symbol": "DOGE-USD"}, {"trade_id": 138719332, "side": "buy", "size": "823.50000000", "price": "0.19481000", "time": "2025-07-12T15:09:34.352355Z", "fetched_at": "2025-07-12T15:10:50.804512+00:00", "symbol": "DOGE-USD"}, {"trade_id": 138719331, "side": "buy", "size": "45.90000000", "price": "0.19482000", "time": "2025-07-12T15:09:34.352355Z", "fetched_at": "2025-07-12T15:10:50.804512+00:00", "symbol": "DOGE-USD"}, {"trade_id": 138719330, "side": "buy", "size": "45.90000000", "price": "0.19483000", "time": "2025-07-12T15:09:34.342531Z", "fetched_at": "2025-07-12T15:10:50.804512+00:00", "symbol": "DOGE-USD"}, {"trade_id": 138719329, "side": "buy", "size": "743.20000000", "price": "0.19483000", "time": "2025-07-12T15:09:34.342531Z", "fetched_at": "2025-07-12T15:10:50.804512+00:00", "symbol": "DOGE-USD"}, {"trade_id": 138719328, "side": "buy", "size": "80.30000000", "price": "0.19483000", "time": "2025-07-12T15:09:34.341786Z", "fetched_at": "2025-07-12T15:10:50.804512+00:00", "symbol": "DOGE-USD"}, {"trade_id": 138719327, "side": "buy", "size": "743.20000000", "price": "0.19484000", "time": "2025-07-12T15:09:34.341786Z", "fetched_at": "2025-07-12T15:10:50.804512+00:00", "symbol": "DOGE-USD"}, {"trade_id": 138719326, "side": "sell", "size": "1388.00000000", "price": "0.19490000", "time": "2025-07-12T15:09:34.341607Z", "fetched_at": "2025-07-12T15:10:50.804512+00:00", "symbol": "DOGE-USD"}, {"trade_id": 138719325, "side": "sell", "size": "130.40000000", "price": "0.19489000", "time": "2025-07-12T15:09:34.341607Z", "fetched_at": "2025-07-12T15:10:50.804512+00:00", "symbol": "DOGE-USD"}, {"trade_id": 138719324, "side": "buy", "size": "80.30000000", "price": "0.19484000", "time": "2025-07-12T15:09:34.341147Z", "fetched_at": "2025-07-12T15:10:50.804512+00:00", "symbol": "DOGE-USD"}, {"trade_id": 138719323, "side": "buy", "size": "823.50000000", "price": "0.19487000", "time": "2025-07-12T15:09:34.341147Z", "fetched_at": "2025-07-12T15:10:50.804512+00:00", "symbol": "DOGE-USD"}, {"trade_id": 138719322, "side": "sell", "size": "189.30000000", "price": "0.19488000", "time": "2025-07-12T15:09:34.333692Z", "fetched_at": "2025-07-12T15:10:50.804512+00:00", "symbol": "DOGE-USD"}, {"trade_id": 138719321, "side": "buy", "size": "823.50000000", "price": "0.19487000", "time": "2025-07-12T15:09:34.333333Z", "fetched_at": "2025-07-12T15:10:50.804512+00:00", "symbol": "DOGE-USD"}, {"trade_id": 138719320, "side": "buy", "size": "306.10000000", "price": "0.19487000", "time": "2025-07-12T15:09:34.333333Z", "fetched_at": "2025-07-12T15:10:50.804512+00:00", "symbol": "DOGE-USD"}, {"trade_id": 138719319, "side": "sell", "size": "189.30000000", "price": "0.19486000", "time": "2025-07-12T15:09:34.289632Z", "fetched_at": "2025-07-12T15:10:50.804512+00:00", "symbol": "DOGE-USD"}, {"trade_id": 138719318, "side": "buy", "size": "1609.30000000", "price": "0.19478000", "time": "2025-07-12T15:09:34.125008Z", "fetched_at": "2025-07-12T15:10:50.804512+00:00", "symbol": "DOGE-USD"}, {"trade_id": 138719317, "side": "buy", "size": "1154.20000000", "price": "0.19478000", "time": "2025-07-12T15:09:34.125008Z", "fetched_at": "2025-07-12T15:10:50.804512+00:00", "symbol": "DOGE-USD"}, {"trade_id": 138719316, "side": "buy", "size": "2054.00000000", "price": "0.19478000", "time": "2025-07-12T15:09:34.125008Z", "fetched_at": "2025-07-12T15:10:50.804512+00:00", "symbol": "DOGE-USD"}, {"trade_id": 138719315, "side": "buy", "size": "5.70000000", "price": "0.19478000", "time": "2025-07-12T15:09:34.125008Z", "fetched_at": "2025-07-12T15:10:50.804512+00:00", "symbol": "DOGE-USD"}, {"trade_id": 138719314, "side": "buy", "size": "823.50000000", "price": "0.19479000", "time": "2025-07-12T15:09:34.125008Z", "fetched_at": "2025-07-12T15:10:50.804512+00:00", "symbol": "DOGE-USD"}, {"trade_id": 138719313, "side": "buy", "size": "10.40000000", "price": "0.19479000", "time": "2025-07-12T15:09:34.125008Z", "fetched_at": "2025-07-12T15:10:50.804512+00:00", "symbol": "DOGE-USD"}, {"trade_id": 138719312, "side": "buy", "size": "56.80000000", "price": "0.19480000", "time": "2025-07-12T15:09:34.125008Z", "fetched_at": "2025-07-12T15:10:50.804512+00:00", "symbol": "DOGE-USD"}, {"trade_id": 138719311, "side": "buy", "size": "1259.20000000", "price": "0.19482000", "time": "2025-07-12T15:09:34.095162Z", "fetched_at": "2025-07-12T15:10:50.804512+00:00", "symbol": "DOGE-USD"}, {"trade_id": 138719310, "side": "buy", "size": "823.50000000", "price": "0.19480000", "time": "2025-07-12T15:09:34.087439Z", "fetched_at": "2025-07-12T15:10:50.804512+00:00", "symbol": "DOGE-USD"}, {"trade_id": 138719309, "side": "buy", "size": "5.70000000", "price": "0.19480000", "time": "2025-07-12T15:09:34.087439Z", "fetched_at": "2025-07-12T15:10:50.804512+00:00", "symbol": "DOGE-USD"}, {"trade_id": 138719308, "side": "buy", "size": "5.30000000", "price": "0.19480000", "time": "2025-07-12T15:09:34.087439Z", "fetched_at": "2025-07-12T15:10:50.804512+00:00", "symbol": "DOGE-USD"}, {"trade_id": 138719307, "side": "buy", "size": "1345.90000000", "price": "0.19481000", "time": "2025-07-12T15:09:34.087439Z", "fetched_at": "2025-07-12T15:10:50.804512+00:00", "symbol": "DOGE-USD"}, {"trade_id": 138719306, "side": "buy", "size": "1168.10000000", "price": "0.19481000", "time": "2025-07-12T15:09:34.087439Z", "fetched_at": "2025-07-12T15:10:50.804512+00:00", "symbol": "DOGE-USD"}, {"trade_id": 138719305, "side": "buy", "size": "55.80000000", "price": "0.19482000", "time": "2025-07-12T15:09:34.087439Z", "fetched_at": "2025-07-12T15:10:50.804512+00:00", "symbol": "DOGE-USD"}, {"trade_id": 138719304, "side": "sell", "size": "272.60000000", "price": "0.19483000", "time": "2025-07-12T15:09:34.083426Z", "fetched_at": "2025-07-12T15:10:50.804512+00:00", "symbol": "DOGE-USD"}, {"trade_id": 138719303, "side": "buy", "size": "823.50000000", "price": "0.19482000", "time": "2025-07-12T15:09:33.969310Z", "fetched_at": "2025-07-12T15:10:50.804512+00:00", "symbol": "DOGE-USD"}, {"trade_id": 138719302, "side": "buy", "size": "59.20000000", "price": "0.19486000", "time": "2025-07-12T15:09:33.969310Z", "fetched_at": "2025-07-12T15:10:50.804512+00:00", "symbol": "DOGE-USD"}, {"trade_id": 138719301, "side": "buy", "size": "823.50000000", "price": "0.19484000", "time": "2025-07-12T15:09:33.959489Z", "fetched_at": "2025-07-12T15:10:50.804512+00:00", "symbol": "DOGE-USD"}, {"trade_id": 138719300, "side": "buy", "size": "823.50000000", "price": "0.19487000", "time": "2025-07-12T15:09:33.959394Z", "fetched_at": "2025-07-12T15:10:50.804512+00:00", "symbol": "DOGE-USD"}, {"trade_id": 138719299, "side": "sell", "size": "7.70000000", "price": "0.19486000", "time": "2025-07-12T15:09:33.848594Z", "fetched_at": "2025-07-12T15:10:50.804512+00:00", "symbol": "DOGE-USD"}, {"trade_id": 138719298, "side": "sell", "size": "7.70000000", "price": "0.19485000", "time": "2025-07-12T15:09:33.837754Z", "fetched_at": "2025-07-12T15:10:50.804512+00:00", "symbol": "DOGE-USD"}, {"trade_id": 138719297, "side": "sell", "size": "189.30000000", "price": "0.19483000", "time": "2025-07-12T15:09:33.696176Z", "fetched_at": "2025-07-12T15:10:50.804512+00:00", "symbol": "DOGE-USD"}, {"trade_id": 138719296, "side": "sell", "size": "189.30000000", "price": "0.19482000", "time": "2025-07-12T15:09:33.664973Z", "fetched_at": "2025-07-12T15:10:50.804512+00:00", "symbol": "DOGE-USD"}, {"trade_id": 138719295, "side": "sell", "size": "189.30000000", "price": "0.19482000", "time": "2025-07-12T15:09:33.655282Z", "fetched_at": "2025-07-12T15:10:50.804512+00:00", "symbol": "DOGE-USD"}, {"trade_id": 138719294, "side": "buy", "size": "1193.60000000", "price": "0.19482000", "time": "2025-07-12T15:09:33.536964Z", "fetched_at": "2025-07-12T15:10:50.804512+00:00", "symbol": "DOGE-USD"}, {"trade_id": 138719293, "side": "buy", "size": "5.70000000", "price": "0.19482000", "time": "2025-07-12T15:09:33.536964Z", "fetched_at": "2025-07-12T15:10:50.804512+00:00", "symbol": "DOGE-USD"}, {"trade_id": 138719292, "side": "buy", "size": "2500.00000000", "price": "0.19484000", "time": "2025-07-12T15:09:33.386469Z", "fetched_at": "2025-07-12T15:10:50.804512+00:00", "symbol": "DOGE-USD"}, {"trade_id": 138719291, "side": "buy", "size": "5.70000000", "price": "0.19484000", "time": "2025-07-12T15:09:33.386469Z", "fetched_at": "2025-07-12T15:10:50.804512+00:00", "symbol": "DOGE-USD"}, {"trade_id": 138719290, "side": "buy", "size": "77.80000000", "price": "0.19485000", "time": "2025-07-12T15:09:33.386469Z", "fetched_at": "2025-07-12T15:10:50.804512+00:00", "symbol": "DOGE-USD"}, {"trade_id": 138719289, "side": "buy", "size": "5.70000000", "price": "0.19486000", "time": "2025-07-12T15:09:33.386469Z", "fetched_at": "2025-07-12T15:10:50.804512+00:00", "symbol": "DOGE-USD"}, {"trade_id": 138719288, "side": "buy", "size": "77.80000000", "price": "0.19487000", "time": "2025-07-12T15:09:33.335955Z", "fetched_at": "2025-07-12T15:10:50.804512+00:00", "symbol": "DOGE-USD"}, {"trade_id": 138719287, "side": "buy", "size": "5.70000000", "price": "0.19488000", "time": "2025-07-12T15:09:33.331271Z", "fetched_at": "2025-07-12T15:10:50.804512+00:00", "symbol": "DOGE-USD"}, {"trade_id": 138719286, "side": "buy", "size": "2052.90000000", "price": "0.19490000", "time": "2025-07-12T15:09:33.259889Z", "fetched_at": "2025-07-12T15:10:50.804512+00:00", "symbol": "DOGE-USD"}, {"trade_id": 138719285, "side": "buy", "size": "5.70000000", "price": "0.19490000", "time": "2025-07-12T15:09:33.259889Z", "fetched_at": "2025-07-12T15:10:50.804512+00:00", "symbol": "DOGE-USD"}, {"trade_id": 138719284, "side": "buy", "size": "51.50000000", "price": "0.19491000", "time": "2025-07-12T15:09:33.259889Z", "fetched_at": "2025-07-12T15:10:50.804512+00:00", "symbol": "DOGE-USD"}, {"trade_id": 138719283, "side": "buy", "size": "27.50000000", "price": "0.19491000", "time": "2025-07-12T15:09:33.253371Z", "fetched_at": "2025-07-12T15:10:50.804512+00:00", "symbol": "DOGE-USD"}, {"trade_id": 138719282, "side": "buy", "size": "5.70000000", "price": "0.19492000", "time": "2025-07-12T15:09:33.253371Z", "fetched_at": "2025-07-12T15:10:50.804512+00:00", "symbol": "DOGE-USD"}, {"trade_id": 138719281, "side": "buy", "size": "1.50000000", "price": "0.19492000", "time": "2025-07-12T15:09:33.253371Z", "fetched_at": "2025-07-12T15:10:50.804512+00:00", "symbol": "DOGE-USD"}, {"trade_id": 138719280, "side": "buy", "size": "5.70000000", "price": "0.19494000", "time": "2025-07-12T15:09:33.253371Z", "fetched_at": "2025-07-12T15:10:50.804512+00:00", "symbol": "DOGE-USD"}, {"trade_id": 138719279, "side": "buy", "size": "5.70000000", "price": "0.19496000", "time": "2025-07-12T15:09:33.253371Z", "fetched_at": "2025-07-12T15:10:50.804512+00:00", "symbol": "DOGE-USD"}, {"trade_id": 138719278, "side": "sell", "size": "1340.00000000", "price": "0.19498000", "time": "2025-07-12T15:09:31.145972Z", "fetched_at": "2025-07-12T15:10:50.804512+00:00", "symbol": "DOGE-USD"}, {"trade_id": 138719277, "side": "sell", "size": "164.60000000", "price": "0.19503000", "time": "2025-07-12T15:09:29.317698Z", "fetched_at": "2025-07-12T15:10:50.804512+00:00", "symbol": "DOGE-USD"}, {"trade_id": 138719276, "side": "sell", "size": "1606.60000000", "price": "0.19503000", "time": "2025-07-12T15:09:29.317698Z", "fetched_at": "2025-07-12T15:10:50.804512+00:00", "symbol": "DOGE-USD"}, {"trade_id": 138719275, "side": "sell", "size": "823.50000000", "price": "0.19503000", "time": "2025-07-12T15:09:29.317698Z", "fetched_at": "2025-07-12T15:10:50.804512+00:00", "symbol": "DOGE-USD"}, {"trade_id": 138719274, "side": "sell", "size": "644.60000000", "price": "0.19502000", "time": "2025-07-12T15:09:29.317698Z", "fetched_at": "2025-07-12T15:10:50.804512+00:00", "symbol": "DOGE-USD"}, {"trade_id": 138719273, "side": "sell", "size": "1266.50000000", "price": "0.19500000", "time": "2025-07-12T15:09:29.317698Z", "fetched_at": "2025-07-12T15:10:50.804512+00:00", "symbol": "DOGE-USD"}, {"trade_id": 138719272, "side": "sell", "size": "1350.30000000", "price": "0.19499000", "time": "2025-07-12T15:09:29.317698Z", "fetched_at": "2025-07-12T15:10:50.804512+00:00", "symbol": "DOGE-USD"}, {"trade_id": 138719271, "side": "sell", "size": "5.70000000", "price": "0.19504000", "time": "2025-07-12T15:09:27.460095Z", "fetched_at": "2025-07-12T15:10:50.804512+00:00", "symbol": "DOGE-USD"}, {"trade_id": 138719270, "side": "sell", "size": "644.60000000", "price": "0.19503000", "time": "2025-07-12T15:09:27.438988Z", "fetched_at": "2025-07-12T15:10:50.804512+00:00", "symbol": "DOGE-USD"}, {"trade_id": 138719269, "side": "sell", "size": "5.70000000", "price": "0.19502000", "time": "2025-07-12T15:09:27.428113Z", "fetched_at": "2025-07-12T15:10:50.804512+00:00", "symbol": "DOGE-USD"}, {"trade_id": 138719268, "side": "sell", "size": "4081.20000000", "price": "0.19500000", "time": "2025-07-12T15:09:27.391855Z", "fetched_at": "2025-07-12T15:10:50.804512+00:00", "symbol": "DOGE-USD"}, {"trade_id": 138719267, "side": "sell", "size": "2951.50000000", "price": "0.19500000", "time": "2025-07-12T15:09:27.391855Z", "fetched_at": "2025-07-12T15:10:50.804512+00:00", "symbol": "DOGE-USD"}, {"trade_id": 138719266, "side": "sell", "size": "1606.60000000", "price": "0.19500000", "time": "2025-07-12T15:09:27.391855Z", "fetched_at": "2025-07-12T15:10:50.804512+00:00", "symbol": "DOGE-USD"}, {"trade_id": 138719265, "side": "sell", "size": "9591.90000000", "price": "0.19499000", "time": "2025-07-12T15:09:27.370218Z", "fetched_at": "2025-07-12T15:10:50.804512+00:00", "symbol": "DOGE-USD"}, {"trade_id": 138719264, "side": "sell", "size": "1606.60000000", "price": "0.19499000", "time": "2025-07-12T15:09:27.370218Z", "fetched_at": "2025-07-12T15:10:50.804512+00:00", "symbol": "DOGE-USD"}, {"trade_id": 138719263, "side": "buy", "size": "130.40000000", "price": "0.19496000", "time": "2025-07-12T15:09:27.127870Z", "fetched_at": "2025-07-12T15:10:50.804512+00:00", "symbol": "DOGE-USD"}, {"trade_id": 138719262, "side": "sell", "size": "2113.10000000", "price": "0.19489000", "time": "2025-07-12T15:09:22.600273Z", "fetched_at": "2025-07-12T15:10:50.804512+00:00", "symbol": "DOGE-USD"}, {"trade_id": 138719261, "side": "buy", "size": "1215.40000000", "price": "0.19489000", "time": "2025-07-12T15:09:22.594550Z", "fetched_at": "2025-07-12T15:10:50.804512+00:00", "symbol": "DOGE-USD"}, {"trade_id": 138719260, "side": "buy", "size": "130.40000000", "price": "0.19490000", "time": "2025-07-12T15:09:22.594550Z", "fetched_at": "2025-07-12T15:10:50.804512+00:00", "symbol": "DOGE-USD"}, {"trade_id": 138719259, "side": "sell", "size": "603.20000000", "price": "0.19494000", "time": "2025-07-12T15:09:22.244731Z", "fetched_at": "2025-07-12T15:10:50.804512+00:00", "symbol": "DOGE-USD"}, {"trade_id": 138719258, "side": "sell", "size": "1204.40000000", "price": "0.19494000", "time": "2025-07-12T15:09:22.244731Z", "fetched_at": "2025-07-12T15:10:50.804512+00:00", "symbol": "DOGE-USD"}, {"trade_id": 138719257, "side": "sell", "size": "1199.10000000", "price": "0.19493000", "time": "2025-07-12T15:09:22.244731Z", "fetched_at": "2025-07-12T15:10:50.804512+00:00", "symbol": "DOGE-USD"}, {"trade_id": 138719256, "side": "sell", "size": "262.90000000", "price": "0.19492000", "time": "2025-07-12T15:09:22.244365Z", "fetched_at": "2025-07-12T15:10:50.804512+00:00", "symbol": "DOGE-USD"}, {"trade_id": 138719255, "side": "sell", "size": "189.30000000", "price": "0.19492000", "time": "2025-07-12T15:09:22.244365Z", "fetched_at": "2025-07-12T15:10:50.804512+00:00", "symbol": "DOGE-USD"}, {"trade_id": 138719254, "side": "buy", "size": "130.40000000", "price": "0.19493000", "time": "2025-07-12T15:09:21.098958Z", "fetched_at": "2025-07-12T15:10:50.804512+00:00", "symbol": "DOGE-USD"}, {"trade_id": 138719253, "side": "sell", "size": "262.90000000", "price": "0.19491000", "time": "2025-07-12T15:09:20.959179Z", "fetched_at": "2025-07-12T15:10:50.804512+00:00", "symbol": "DOGE-USD"}, {"trade_id": 138719252, "side": "sell", "size": "262.90000000", "price": "0.19491000", "time": "2025-07-12T15:09:20.944633Z", "fetched_at": "2025-07-12T15:10:50.804512+00:00", "symbol": "DOGE-USD"}, {"trade_id": 138719251, "side": "buy", "size": "643.00000000", "price": "0.19490000", "time": "2025-07-12T15:09:20.906890Z", "fetched_at": "2025-07-12T15:10:50.804512+00:00", "symbol": "DOGE-USD"}, {"trade_id": 138719250, "side": "buy", "size": "101.40000000", "price": "0.19490000", "time": "2025-07-12T15:09:20.906890Z", "fetched_at": "2025-07-12T15:10:50.804512+00:00", "symbol": "DOGE-USD"}, {"trade_id": 138719249, "side": "sell", "size": "85.40000000", "price": "0.19495000", "time": "2025-07-12T15:09:20.119451Z", "fetched_at": "2025-07-12T15:10:50.804512+00:00", "symbol": "DOGE-USD"}, {"trade_id": 138719248, "side": "buy", "size": "130.40000000", "price": "0.19498000", "time": "2025-07-12T15:09:19.695960Z", "fetched_at": "2025-07-12T15:10:50.804512+00:00", "symbol": "DOGE-USD"}, {"trade_id": 138719247, "side": "sell", "size": "809.80000000", "price": "0.19501000", "time": "2025-07-12T15:09:19.570648Z", "fetched_at": "2025-07-12T15:10:50.804512+00:00", "symbol": "DOGE-USD"}, {"trade_id": 138719246, "side": "sell", "size": "1415.60000000", "price": "0.19500000", "time": "2025-07-12T15:09:19.570648Z", "fetched_at": "2025-07-12T15:10:50.804512+00:00", "symbol": "DOGE-USD"}, {"trade_id": 138719245, "side": "sell", "size": "27.90000000", "price": "0.19501000", "time": "2025-07-12T15:09:19.333046Z", "fetched_at": "2025-07-12T15:10:50.804512+00:00", "symbol": "DOGE-USD"}, {"trade_id": 138719244, "side": "sell", "size": "55.80000000", "price": "0.19501000", "time": "2025-07-12T15:09:19.332182Z", "fetched_at": "2025-07-12T15:10:50.804512+00:00", "symbol": "DOGE-USD"}, {"trade_id": 138719243, "side": "sell", "size": "27.90000000", "price": "0.19501000", "time": "2025-07-12T15:09:19.331315Z", "fetched_at": "2025-07-12T15:10:50.804512+00:00", "symbol": "DOGE-USD"}, {"trade_id": 138719242, "side": "sell", "size": "262.90000000", "price": "0.19497000", "time": "2025-07-12T15:09:19.258474Z", "fetched_at": "2025-07-12T15:10:50.804512+00:00", "symbol": "DOGE-USD"}, {"trade_id": 138719241, "side": "sell", "size": "408.90000000", "price": "0.19499000", "time": "2025-07-12T15:09:19.207905Z", "fetched_at": "2025-07-12T15:10:50.804512+00:00", "symbol": "DOGE-USD"}, {"trade_id": 138719240, "side": "sell", "size": "408.90000000", "price": "0.19493000", "time": "2025-07-12T15:09:19.197347Z", "fetched_at": "2025-07-12T15:10:50.804512+00:00", "symbol": "DOGE-USD"}, {"trade_id": 138719239, "side": "buy", "size": "11007.10000000", "price": "0.19491000", "time": "2025-07-12T15:09:19.187813Z", "fetched_at": "2025-07-12T15:10:50.804512+00:00", "symbol": "DOGE-USD"}, {"trade_id": 138719238, "side": "buy", "size": "1606.60000000", "price": "0.19491000", "time": "2025-07-12T15:09:19.187813Z", "fetched_at": "2025-07-12T15:10:50.804512+00:00", "symbol": "DOGE-USD"}, {"trade_id": 138719237, "side": "buy", "size": "425.70000000", "price": "0.19491000", "time": "2025-07-12T15:09:19.187813Z", "fetched_at": "2025-07-12T15:10:50.804512+00:00", "symbol": "DOGE-USD"}, {"trade_id": 138719236, "side": "buy", "size": "5.70000000", "price": "0.19492000", "time": "2025-07-12T15:09:19.187813Z", "fetched_at": "2025-07-12T15:10:50.804512+00:00", "symbol": "DOGE-USD"}, {"trade_id": 138719235, "side": "buy", "size": "823.50000000", "price": "0.19492000", "time": "2025-07-12T15:09:19.187813Z", "fetched_at": "2025-07-12T15:10:50.804512+00:00", "symbol": "DOGE-USD"}, {"trade_id": 138719234, "side": "buy", "size": "5.70000000", "price": "0.19494000", "time": "2025-07-12T15:09:19.187813Z", "fetched_at": "2025-07-12T15:10:50.804512+00:00", "symbol": "DOGE-USD"}, {"trade_id": 138719233, "side": "buy", "size": "823.50000000", "price": "0.19494000", "time": "2025-07-12T15:09:19.187813Z", "fetched_at": "2025-07-12T15:10:50.804512+00:00", "symbol": "DOGE-USD"}, {"trade_id": 138719232, "side": "buy", "size": "5.70000000", "price": "0.19496000", "time": "2025-07-12T15:09:19.187813Z", "fetched_at": "2025-07-12T15:10:50.804512+00:00", "symbol": "DOGE-USD"}, {"trade_id": 138719231, "side": "buy", "size": "3074.80000000", "price": "0.19497000", "time": "2025-07-12T15:09:19.187813Z", "fetched_at": "2025-07-12T15:10:50.804512+00:00", "symbol": "DOGE-USD"}, {"trade_id": 138719230, "side": "buy", "size": "5.70000000", "price": "0.19498000", "time": "2025-07-12T15:09:19.187813Z", "fetched_at": "2025-07-12T15:10:50.804512+00:00", "symbol": "DOGE-USD"}, {"trade_id": 138719229, "side": "buy", "size": "1606.60000000", "price": "0.19498000", "time": "2025-07-12T15:09:19.187813Z", "fetched_at": "2025-07-12T15:10:50.804512+00:00", "symbol": "DOGE-USD"}, {"trade_id": 138719228, "side": "buy", "size": "5.70000000", "price": "0.19500000", "time": "2025-07-12T15:09:19.187813Z", "fetched_at": "2025-07-12T15:10:50.804512+00:00", "symbol": "DOGE-USD"}, {"trade_id": 138719227, "side": "buy", "size": "159.00000000", "price": "0.19500000", "time": "2025-07-12T15:09:19.187813Z", "fetched_at": "2025-07-12T15:10:50.804512+00:00", "symbol": "DOGE-USD"}, {"trade_id": 138719226, "side": "buy", "size": "24.90000000", "price": "0.19500000", "time": "2025-07-12T15:09:19.187813Z", "fetched_at": "2025-07-12T15:10:50.804512+00:00", "symbol": "DOGE-USD"}, {"trade_id": 138719225, "side": "buy", "size": "2000.00000000", "price": "0.19500000", "time": "2025-07-12T15:09:19.187813Z", "fetched_at": "2025-07-12T15:10:50.804512+00:00", "symbol": "DOGE-USD"}, {"trade_id": 138719224, "side": "buy", "size": "167.90000000", "price": "0.19500000", "time": "2025-07-12T15:09:19.187813Z", "fetched_at": "2025-07-12T15:10:50.804512+00:00", "symbol": "DOGE-USD"}, {"trade_id": 138719223, "side": "buy", "size": "10214.80000000", "price": "0.19501000", "time": "2025-07-12T15:09:19.186890Z", "fetched_at": "2025-07-12T15:10:50.804512+00:00", "symbol": "DOGE-USD"}, {"trade_id": 138719222, "side": "buy", "size": "2051.20000000", "price": "0.19502000", "time": "2025-07-12T15:09:19.181014Z", "fetched_at": "2025-07-12T15:10:50.804512+00:00", "symbol": "DOGE-USD"}, {"trade_id": 138719221, "side": "buy", "size": "2538.20000000", "price": "0.19502000", "time": "2025-07-12T15:09:19.181014Z", "fetched_at": "2025-07-12T15:10:50.804512+00:00", "symbol": "DOGE-USD"}, {"trade_id": 138719220, "side": "buy", "size": "5.70000000", "price": "0.19502000", "time": "2025-07-12T15:09:19.181014Z", "fetched_at": "2025-07-12T15:10:50.804512+00:00", "symbol": "DOGE-USD"}, {"trade_id": 138719219, "side": "buy", "size": "1585.10000000", "price": "0.19502000", "time": "2025-07-12T15:09:19.181014Z", "fetched_at": "2025-07-12T15:10:50.804512+00:00", "symbol": "DOGE-USD"}, {"trade_id": 138719218, "side": "buy", "size": "1606.60000000", "price": "0.19502000", "time": "2025-07-12T15:09:19.181014Z", "fetched_at": "2025-07-12T15:10:50.804512+00:00", "symbol": "DOGE-USD"}, {"trade_id": 138719217, "side": "buy", "size": "144.20000000", "price": "0.19503000", "time": "2025-07-12T15:09:19.176623Z", "fetched_at": "2025-07-12T15:10:50.804512+00:00", "symbol": "DOGE-USD"}, {"trade_id": 138719216, "side": "buy", "size": "765.50000000", "price": "0.19503000", "time": "2025-07-12T15:09:19.176623Z", "fetched_at": "2025-07-12T15:10:50.804512+00:00", "symbol": "DOGE-USD"}, {"trade_id": 138719215, "side": "buy", "size": "72.10000000", "price": "0.19503000", "time": "2025-07-12T15:09:19.176623Z", "fetched_at": "2025-07-12T15:10:50.804512+00:00", "symbol": "DOGE-USD"}, {"trade_id": 138719214, "side": "buy", "size": "2850.10000000", "price": "0.19503000", "time": "2025-07-12T15:09:19.176623Z", "fetched_at": "2025-07-12T15:10:50.804512+00:00", "symbol": "DOGE-USD"}, {"trade_id": 138719213, "side": "buy", "size": "72.10000000", "price": "0.19503000", "time": "2025-07-12T15:09:19.176623Z", "fetched_at": "2025-07-12T15:10:50.804512+00:00", "symbol": "DOGE-USD"}, {"trade_id": 138719212, "side": "buy", "size": "5.70000000", "price": "0.19504000", "time": "2025-07-12T15:09:19.176512Z", "fetched_at": "2025-07-12T15:10:50.804512+00:00", "symbol": "DOGE-USD"}, {"trade_id": 138719211, "side": "buy", "size": "3006.70000000", "price": "0.19505000", "time": "2025-07-12T15:09:19.175469Z", "fetched_at": "2025-07-12T15:10:50.804512+00:00", "symbol": "DOGE-USD"}, {"trade_id": 138719210, "side": "buy", "size": "130.30000000", "price": "0.19506000", "time": "2025-07-12T15:09:19.175469Z", "fetched_at": "2025-07-12T15:10:50.804512+00:00", "symbol": "DOGE-USD"}, {"trade_id": 138719209, "side": "buy", "size": "5.70000000", "price": "0.19506000", "time": "2025-07-12T15:09:19.175469Z", "fetched_at": "2025-07-12T15:10:50.804512+00:00", "symbol": "DOGE-USD"}, {"trade_id": 138719208, "side": "buy", "size": "5.70000000", "price": "0.19508000", "time": "2025-07-12T15:09:19.144719Z", "fetched_at": "2025-07-12T15:10:50.804512+00:00", "symbol": "DOGE-USD"}, {"trade_id": 138719207, "side": "buy", "size": "130.30000000", "price": "0.19510000", "time": "2025-07-12T15:09:19.105287Z", "fetched_at": "2025-07-12T15:10:50.804512+00:00", "symbol": "DOGE-USD"}, {"trade_id": 138719206, "side": "buy", "size": "643.00000000", "price": "0.19508000", "time": "2025-07-12T15:09:19.091812Z", "fetched_at": "2025-07-12T15:10:50.804512+00:00", "symbol": "DOGE-USD"}, {"trade_id": 138719205, "side": "buy", "size": "9578.30000000", "price": "0.19508000", "time": "2025-07-12T15:09:19.091812Z", "fetched_at": "2025-07-12T15:10:50.804512+00:00", "symbol": "DOGE-USD"}, {"trade_id": 138719204, "side": "buy", "size": "1606.60000000", "price": "0.19508000", "time": "2025-07-12T15:09:19.091812Z", "fetched_at": "2025-07-12T15:10:50.804512+00:00", "symbol": "DOGE-USD"}, {"trade_id": 138719203, "side": "buy", "size": "5.70000000", "price": "0.19508000", "time": "2025-07-12T15:09:19.091812Z", "fetched_at": "2025-07-12T15:10:50.804512+00:00", "symbol": "DOGE-USD"}, {"trade_id": 138719202, "side": "buy", "size": "643.00000000", "price": "0.19509000", "time": "2025-07-12T15:09:19.091812Z", "fetched_at": "2025-07-12T15:10:50.804512+00:00", "symbol": "DOGE-USD"}, {"trade_id": 138719201, "side": "buy", "size": "130.30000000", "price": "0.19510000", "time": "2025-07-12T15:09:19.091812Z", "fetched_at": "2025-07-12T15:10:50.804512+00:00", "symbol": "DOGE-USD"}, {"trade_id": 138719200, "side": "buy", "size": "5.70000000", "price": "0.19510000", "time": "2025-07-12T15:09:19.091812Z", "fetched_at": "2025-07-12T15:10:50.804512+00:00", "symbol": "DOGE-USD"}, {"trade_id": 138719199, "side": "buy", "size": "1.50000000", "price": "0.19511000", "time": "2025-07-12T15:09:19.091812Z", "fetched_at": "2025-07-12T15:10:50.804512+00:00", "symbol": "DOGE-USD"}, {"trade_id": 138719198, "side": "buy", "size": "5.70000000", "price": "0.19512000", "time": "2025-07-12T15:09:19.091812Z", "fetched_at": "2025-07-12T15:10:50.804512+00:00", "symbol": "DOGE-USD"}, {"trade_id": 138719197, "side": "sell", "size": "1497.40000000", "price": "0.19515000", "time": "2025-07-12T15:09:17.773107Z", "fetched_at": "2025-07-12T15:10:50.804512+00:00", "symbol": "DOGE-USD"}, {"trade_id": 138719196, "side": "sell", "size": "272.60000000", "price": "0.19513000", "time": "2025-07-12T15:09:17.773107Z", "fetched_at": "2025-07-12T15:10:50.804512+00:00", "symbol": "DOGE-USD"}, {"trade_id": 138719195, "side": "sell", "size": "262.90000000", "price": "0.19513000", "time": "2025-07-12T15:09:17.773107Z", "fetched_at": "2025-07-12T15:10:50.804512+00:00", "symbol": "DOGE-USD"}, {"trade_id": 138719194, "side": "buy", "size": "0.10000000", "price": "0.19515000", "time": "2025-07-12T15:09:17.754500Z", "fetched_at": "2025-07-12T15:10:50.804512+00:00", "symbol": "DOGE-USD"}, {"trade_id": 138719193, "side": "buy", "size": "5.70000000", "price": "0.19516000", "time": "2025-07-12T15:09:15.750063Z", "fetched_at": "2025-07-12T15:10:50.804512+00:00", "symbol": "DOGE-USD"}, {"trade_id": 138719192, "side": "sell", "size": "5.70000000", "price": "0.19520000", "time": "2025-07-12T15:09:10.857434Z", "fetched_at": "2025-07-12T15:10:50.804512+00:00", "symbol": "DOGE-USD"}, {"trade_id": 138719191, "side": "sell", "size": "5.70000000", "price": "0.19518000", "time": "2025-07-12T15:09:10.775469Z", "fetched_at": "2025-07-12T15:10:50.804512+00:00", "symbol": "DOGE-USD"}, {"trade_id": 138719190, "side": "sell", "size": "10249.70000000", "price": "0.19516000", "time": "2025-07-12T15:09:10.749331Z", "fetched_at": "2025-07-12T15:10:50.804512+00:00", "symbol": "DOGE-USD"}, {"trade_id": 138719189, "side": "sell", "size": "7.80000000", "price": "0.19515000", "time": "2025-07-12T15:09:10.749331Z", "fetched_at": "2025-07-12T15:10:50.804512+00:00", "symbol": "DOGE-USD"}, {"trade_id": 138719188, "side": "sell", "size": "187.00000000", "price": "0.19514000", "time": "2025-07-12T15:09:10.668657Z", "fetched_at": "2025-07-12T15:10:50.804512+00:00", "symbol": "DOGE-USD"}, {"trade_id": 138719187, "side": "sell", "size": "607.30000000", "price": "0.19511000", "time": "2025-07-12T15:09:09.780133Z", "fetched_at": "2025-07-12T15:10:50.804512+00:00", "symbol": "DOGE-USD"}, {"trade_id": 138719186, "side": "buy", "size": "929.00000000", "price": "0.19510000", "time": "2025-07-12T15:09:09.424271Z", "fetched_at": "2025-07-12T15:10:50.804512+00:00", "symbol": "DOGE-USD"}, {"trade_id": 138719185, "side": "sell", "size": "85.40000000", "price": "0.19509000", "time": "2025-07-12T15:09:08.590190Z", "fetched_at": "2025-07-12T15:10:50.804512+00:00", "symbol": "DOGE-USD"}, {"trade_id": 138719184, "side": "sell", "size": "85.40000000", "price": "0.19509000", "time": "2025-07-12T15:09:08.590190Z", "fetched_at": "2025-07-12T15:10:50.804512+00:00", "symbol": "DOGE-USD"}, {"trade_id": 138719183, "side": "buy", "size": "643.00000000", "price": "0.19509000", "time": "2025-07-12T15:09:08.489804Z", "fetched_at": "2025-07-12T15:10:50.804512+00:00", "symbol": "DOGE-USD"}, {"trade_id": 138719182, "side": "buy", "size": "2500.00000000", "price": "0.19509000", "time": "2025-07-12T15:09:08.489804Z", "fetched_at": "2025-07-12T15:10:50.804512+00:00", "symbol": "DOGE-USD"}, {"trade_id": 138719181, "side": "buy", "size": "130.30000000", "price": "0.19510000", "time": "2025-07-12T15:09:08.489804Z", "fetched_at": "2025-07-12T15:10:50.804512+00:00", "symbol": "DOGE-USD"}, {"trade_id": 138719180, "side": "buy", "size": "5.70000000", "price": "0.19510000", "time": "2025-07-12T15:09:08.489804Z", "fetched_at": "2025-07-12T15:10:50.804512+00:00", "symbol": "DOGE-USD"}, {"trade_id": 138719179, "side": "buy", "size": "5.70000000", "price": "0.19512000", "time": "2025-07-12T15:09:08.481226Z", "fetched_at": "2025-07-12T15:10:50.804512+00:00", "symbol": "DOGE-USD"}, {"trade_id": 138719178, "side": "sell", "size": "3.50000000", "price": "0.19513000", "time": "2025-07-12T15:09:08.275702Z", "fetched_at": "2025-07-12T15:10:50.804512+00:00", "symbol": "DOGE-USD"}, {"trade_id": 138719177, "side": "buy", "size": "88.30000000", "price": "0.19513000", "time": "2025-07-12T15:09:07.637894Z", "fetched_at": "2025-07-12T15:10:50.804512+00:00", "symbol": "DOGE-USD"}, {"trade_id": 138719176, "side": "buy", "size": "38.10000000", "price": "0.19513000", "time": "2025-07-12T15:09:07.637894Z", "fetched_at": "2025-07-12T15:10:50.804512+00:00", "symbol": "DOGE-USD"}, {"trade_id": 138719175, "side": "buy", "size": "5.70000000", "price": "0.19514000", "time": "2025-07-12T15:09:07.429309Z", "fetched_at": "2025-07-12T15:10:50.804512+00:00", "symbol": "DOGE-USD"}, {"trade_id": 138719174, "side": "buy", "size": "679.00000000", "price": "0.19514000", "time": "2025-07-12T15:09:07.429309Z", "fetched_at": "2025-07-12T15:10:50.804512+00:00", "symbol": "DOGE-USD"}, {"trade_id": 138719173, "side": "buy", "size": "130.30000000", "price": "0.19515000", "time": "2025-07-12T15:09:06.888757Z", "fetched_at": "2025-07-12T15:10:50.804512+00:00", "symbol": "DOGE-USD"}, {"trade_id": 138719172, "side": "buy", "size": "130.20000000", "price": "0.19516000", "time": "2025-07-12T15:09:06.878941Z", "fetched_at": "2025-07-12T15:10:50.804512+00:00", "symbol": "DOGE-USD"}, {"trade_id": 138719171, "side": "buy", "size": "5.70000000", "price": "0.19516000", "time": "2025-07-12T15:09:06.878941Z", "fetched_at": "2025-07-12T15:10:50.804512+00:00", "symbol": "DOGE-USD"}, {"trade_id": 138719170, "side": "buy", "size": "1.50000000", "price": "0.19517000", "time": "2025-07-12T15:09:06.873624Z", "fetched_at": "2025-07-12T15:10:50.804512+00:00", "symbol": "DOGE-USD"}, {"trade_id": 138719169, "side": "sell", "size": "5.70000000", "price": "0.19524000", "time": "2025-07-12T15:09:05.043186Z", "fetched_at": "2025-07-12T15:10:50.804512+00:00", "symbol": "DOGE-USD"}, {"trade_id": 138719168, "side": "sell", "size": "5.70000000", "price": "0.19522000", "time": "2025-07-12T15:09:04.925552Z", "fetched_at": "2025-07-12T15:10:50.804512+00:00", "symbol": "DOGE-USD"}, {"trade_id": 138719167, "side": "sell", "size": "341.60000000", "price": "0.19517000", "time": "2025-07-12T15:09:04.855710Z", "fetched_at": "2025-07-12T15:10:50.804512+00:00", "symbol": "DOGE-USD"}, {"trade_id": 138719166, "side": "buy", "size": "5.70000000", "price": "0.19518000", "time": "2025-07-12T15:09:02.644763Z", "fetched_at": "2025-07-12T15:10:50.804512+00:00", "symbol": "DOGE-USD"}, {"trade_id": 138719165, "side": "sell", "size": "17.90000000", "price": "0.19519000", "time": "2025-07-12T15:09:02.607513Z", "fetched_at": "2025-07-12T15:10:50.804512+00:00", "symbol": "DOGE-USD"}, {"trade_id": 138719164, "side": "buy", "size": "5.70000000", "price": "0.19520000", "time": "2025-07-12T15:09:02.132659Z", "fetched_at": "2025-07-12T15:10:50.804512+00:00", "symbol": "DOGE-USD"}, {"trade_id": 138719163, "side": "buy", "size": "1.50000000", "price": "0.19523000", "time": "2025-07-12T15:08:58.432675Z", "fetched_at": "2025-07-12T15:10:50.804512+00:00", "symbol": "DOGE-USD"}, {"trade_id": 138719162, "side": "sell", "size": "230.20000000", "price": "0.19525000", "time": "2025-07-12T15:08:54.449983Z", "fetched_at": "2025-07-12T15:10:50.804512+00:00", "symbol": "DOGE-USD"}, {"trade_id": 138719161, "side": "buy", "size": "1302.20000000", "price": "0.19524000", "time": "2025-07-12T15:08:54.014939Z", "fetched_at": "2025-07-12T15:10:50.804512+00:00", "symbol": "DOGE-USD"}, {"trade_id": 138719160, "side": "sell", "size": "7.80000000", "price": "0.19522000", "time": "2025-07-12T15:08:49.756473Z", "fetched_at": "2025-07-12T15:10:50.804512+00:00", "symbol": "DOGE-USD"}, {"trade_id": 138719159, "side": "buy", "size": "5.70000000", "price": "0.19520000", "time": "2025-07-12T15:08:48.372893Z", "fetched_at": "2025-07-12T15:10:50.804512+00:00", "symbol": "DOGE-USD"}, {"trade_id": 138719158, "side": "buy", "size": "5.70000000", "price": "0.19522000", "time": "2025-07-12T15:08:48.301611Z", "fetched_at": "2025-07-12T15:10:50.804512+00:00", "symbol": "DOGE-USD"}, {"trade_id": 138719157, "side": "buy", "size": "1255.50000000", "price": "0.19525000", "time": "2025-07-12T15:08:46.928867Z", "fetched_at": "2025-07-12T15:10:50.804512+00:00", "symbol": "DOGE-USD"}, {"trade_id": 138719156, "side": "buy", "size": "1309.50000000", "price": "0.19525000", "time": "2025-07-12T15:08:46.928867Z", "fetched_at": "2025-07-12T15:10:50.804512+00:00", "symbol": "DOGE-USD"}, {"trade_id": 138719155, "side": "sell", "size": "15.20000000", "price": "0.19527000", "time": "2025-07-12T15:08:45.105453Z", "fetched_at": "2025-07-12T15:10:50.804512+00:00", "symbol": "DOGE-USD"}, {"trade_id": 138719154, "side": "sell", "size": "109.50000000", "price": "0.19527000", "time": "2025-07-12T15:08:44.596649Z", "fetched_at": "2025-07-12T15:10:50.804512+00:00", "symbol": "DOGE-USD"}, {"trade_id": 138719153, "side": "sell", "size": "95.70000000", "price": "0.19525000", "time": "2025-07-12T15:08:42.091254Z", "fetched_at": "2025-07-12T15:10:50.804512+00:00", "symbol": "DOGE-USD"}, {"trade_id": 138719152, "side": "sell", "size": "124.30000000", "price": "0.19525000", "time": "2025-07-12T15:08:41.863137Z", "fetched_at": "2025-07-12T15:10:50.804512+00:00", "symbol": "DOGE-USD"}, {"trade_id": 138719151, "side": "buy", "size": "2431.00000000", "price": "0.19522000", "time": "2025-07-12T15:08:39.072111Z", "fetched_at": "2025-07-12T15:10:50.804512+00:00", "symbol": "DOGE-USD"}, {"trade_id": 138719150, "side": "buy", "size": "641.80000000", "price": "0.19523000", "time": "2025-07-12T15:08:39.072111Z", "fetched_at": "2025-07-12T15:10:50.804512+00:00", "symbol": "DOGE-USD"}, {"trade_id": 138719149, "side": "buy", "size": "130.20000000", "price": "0.19524000", "time": "2025-07-12T15:08:39.072111Z", "fetched_at": "2025-07-12T15:10:50.804512+00:00", "symbol": "DOGE-USD"}, {"trade_id": 138719148, "side": "buy", "size": "4393.40000000", "price": "0.19522000", "time": "2025-07-12T15:08:39.056180Z", "fetched_at": "2025-07-12T15:10:50.804512+00:00", "symbol": "DOGE-USD"}, {"trade_id": 138719147, "side": "buy", "size": "1606.60000000", "price": "0.19522000", "time": "2025-07-12T15:08:39.056180Z", "fetched_at": "2025-07-12T15:10:50.804512+00:00", "symbol": "DOGE-USD"}, {"trade_id": 138719146, "side": "buy", "size": "18600.90000000", "price": "0.19522000", "time": "2025-07-12T15:08:39.056180Z", "fetched_at": "2025-07-12T15:10:50.804512+00:00", "symbol": "DOGE-USD"}, {"trade_id": 138719145, "side": "buy", "size": "5.70000000", "price": "0.19522000", "time": "2025-07-12T15:08:39.056180Z", "fetched_at": "2025-07-12T15:10:50.804512+00:00", "symbol": "DOGE-USD"}, {"trade_id": 138719144, "side": "buy", "size": "641.80000000", "price": "0.19523000", "time": "2025-07-12T15:08:39.056180Z", "fetched_at": "2025-07-12T15:10:50.804512+00:00", "symbol": "DOGE-USD"}, {"trade_id": 138719143, "side": "buy", "size": "130.20000000", "price": "0.19524000", "time": "2025-07-12T15:08:39.056180Z", "fetched_at": "2025-07-12T15:10:50.804512+00:00", "symbol": "DOGE-USD"}, {"trade_id": 138719142, "side": "buy", "size": "5.70000000", "price": "0.19524000", "time": "2025-07-12T15:08:39.056180Z", "fetched_at": "2025-07-12T15:10:50.804512+00:00", "symbol": "DOGE-USD"}, {"trade_id": 138719141, "side": "buy", "size": "573.00000000", "price": "0.19526000", "time": "2025-07-12T15:08:39.052836Z", "fetched_at": "2025-07-12T15:10:50.804512+00:00", "symbol": "DOGE-USD"}, {"trade_id": 138719140, "side": "buy", "size": "5.70000000", "price": "0.19526000", "time": "2025-07-12T15:08:39.052836Z", "fetched_at": "2025-07-12T15:10:50.804512+00:00", "symbol": "DOGE-USD"}, {"trade_id": 138719139, "side": "buy", "size": "130.20000000", "price": "0.19527000", "time": "2025-07-12T15:08:37.688398Z", "fetched_at": "2025-07-12T15:10:50.804512+00:00", "symbol": "DOGE-USD"}, {"trade_id": 138719138, "side": "buy", "size": "5.70000000", "price": "0.19528000", "time": "2025-07-12T15:08:37.677789Z", "fetched_at": "2025-07-12T15:10:50.804512+00:00", "symbol": "DOGE-USD"}, {"trade_id": 138719137, "side": "buy", "size": "65.10000000", "price": "0.19529000", "time": "2025-07-12T15:08:35.901690Z", "fetched_at": "2025-07-12T15:10:50.804512+00:00", "symbol": "DOGE-USD"}, {"trade_id": 138719136, "side": "buy", "size": "5.70000000", "price": "0.19530000", "time": "2025-07-12T15:08:35.901690Z", "fetched_at": "2025-07-12T15:10:50.804512+00:00", "symbol": "DOGE-USD"}, {"trade_id": 138719135, "side": "buy", "size": "2.60000000", "price": "0.19532000", "time": "2025-07-12T15:08:35.048756Z", "fetched_at": "2025-07-12T15:10:50.804512+00:00", "symbol": "DOGE-USD"}, {"trade_id": 138719134, "side": "buy", "size": "3.10000000", "price": "0.19532000", "time": "2025-07-12T15:08:34.993663Z", "fetched_at": "2025-07-12T15:10:50.804512+00:00", "symbol": "DOGE-USD"}, {"trade_id": 138719133, "side": "buy", "size": "5.70000000", "price": "0.19534000", "time": "2025-07-12T15:08:34.283708Z", "fetched_at": "2025-07-12T15:10:50.804512+00:00", "symbol": "DOGE-USD"}, {"trade_id": 138719132, "side": "sell", "size": "35.10000000", "price": "0.19542000", "time": "2025-07-12T15:08:31.907385Z", "fetched_at": "2025-07-12T15:10:50.804512+00:00", "symbol": "DOGE-USD"}, {"trade_id": 138719131, "side": "sell", "size": "5.70000000", "price": "0.19542000", "time": "2025-07-12T15:08:31.907385Z", "fetched_at": "2025-07-12T15:10:50.804512+00:00", "symbol": "DOGE-USD"}, {"trade_id": 138719130, "side": "sell", "size": "5.70000000", "price": "0.19540000", "time": "2025-07-12T15:08:31.749723Z", "fetched_at": "2025-07-12T15:10:50.804512+00:00", "symbol": "DOGE-USD"}, {"trade_id": 138719129, "side": "buy", "size": "418.60000000", "price": "0.19536000", "time": "2025-07-12T15:08:31.351865Z", "fetched_at": "2025-07-12T15:10:50.804512+00:00", "symbol": "DOGE-USD"}, {"trade_id": 138719128, "side": "buy", "size": "1240.70000000", "price": "0.19537000", "time": "2025-07-12T15:08:31.351865Z", "fetched_at": "2025-07-12T15:10:50.804512+00:00", "symbol": "DOGE-USD"}, {"trade_id": 138719127, "side": "buy", "size": "43.80000000", "price": "0.19537000", "time": "2025-07-12T15:08:31.206914Z", "fetched_at": "2025-07-12T15:10:50.804512+00:00", "symbol": "DOGE-USD"}, {"trade_id": 138719126, "side": "buy", "size": "220.10000000", "price": "0.19534000", "time": "2025-07-12T15:08:30.009224Z", "fetched_at": "2025-07-12T15:10:50.804512+00:00", "symbol": "DOGE-USD"}, {"trade_id": 138719125, "side": "sell", "size": "289.80000000", "price": "0.19530000", "time": "2025-07-12T15:08:28.281693Z", "fetched_at": "2025-07-12T15:10:50.804512+00:00", "symbol": "DOGE-USD"}, {"trade_id": 138719124, "side": "sell", "size": "262.90000000", "price": "0.19529000", "time": "2025-07-12T15:08:26.188190Z", "fetched_at": "2025-07-12T15:10:50.804512+00:00", "symbol": "DOGE-USD"}, {"trade_id": 138719123, "side": "buy", "size": "5.70000000", "price": "0.19530000", "time": "2025-07-12T15:08:26.031665Z", "fetched_at": "2025-07-12T15:10:50.804512+00:00", "symbol": "DOGE-USD"}, {"trade_id": 138719122, "side": "buy", "size": "130.10000000", "price": "0.19531000", "time": "2025-07-12T15:08:25.982878Z", "fetched_at": "2025-07-12T15:10:50.804512+00:00", "symbol": "DOGE-USD"}, {"trade_id": 138719121, "side": "buy", "size": "5.70000000", "price": "0.19532000", "time": "2025-07-12T15:08:25.976901Z", "fetched_at": "2025-07-12T15:10:50.804512+00:00", "symbol": "DOGE-USD"}, {"trade_id": 138719120, "side": "buy", "size": "635.80000000", "price": "0.19534000", "time": "2025-07-12T15:08:25.692202Z", "fetched_at": "2025-07-12T15:10:50.804512+00:00", "symbol": "DOGE-USD"}, {"trade_id": 138719119, "side": "sell", "size": "5.10000000", "price": "0.19535000", "time": "2025-07-12T15:08:24.945275Z", "fetched_at": "2025-07-12T15:10:50.804512+00:00", "symbol": "DOGE-USD"}, {"trade_id": 138719118, "side": "sell", "size": "500.00000000", "price": "0.19537000", "time": "2025-07-12T15:08:24.445639Z", "fetched_at": "2025-07-12T15:10:50.804512+00:00", "symbol": "DOGE-USD"}, {"trade_id": 138719117, "side": "sell", "size": "5.10000000", "price": "0.19535000", "time": "2025-07-12T15:08:23.726301Z", "fetched_at": "2025-07-12T15:10:50.804512+00:00", "symbol": "DOGE-USD"}, {"trade_id": 138719116, "side": "sell", "size": "97.20000000", "price": "0.19535000", "time": "2025-07-12T15:08:23.238297Z", "fetched_at": "2025-07-12T15:10:50.804512+00:00", "symbol": "DOGE-USD"}, {"trade_id": 138719115, "side": "sell", "size": "5.10000000", "price": "0.19536000", "time": "2025-07-12T15:08:22.494502Z", "fetched_at": "2025-07-12T15:10:50.804512+00:00", "symbol": "DOGE-USD"}, {"trade_id": 138719114, "side": "sell", "size": "5.10000000", "price": "0.19536000", "time": "2025-07-12T15:08:21.204258Z", "fetched_at": "2025-07-12T15:10:50.804512+00:00", "symbol": "DOGE-USD"}, {"trade_id": 138719113, "side": "buy", "size": "57.70000000", "price": "0.19541000", "time": "2025-07-12T15:08:20.317449Z", "fetched_at": "2025-07-12T15:10:50.804512+00:00", "symbol": "DOGE-USD"}, {"trade_id": 138719112, "side": "buy", "size": "638.00000000", "price": "0.19541000", "time": "2025-07-12T15:08:20.317449Z", "fetched_at": "2025-07-12T15:10:50.804512+00:00", "symbol": "DOGE-USD"}, {"trade_id": 138719111, "side": "sell", "size": "5.10000000", "price": "0.19542000", "time": "2025-07-12T15:08:20.079402Z", "fetched_at": "2025-07-12T15:10:50.804512+00:00", "symbol": "DOGE-USD"}, {"trade_id": 138719110, "side": "sell", "size": "262.90000000", "price": "0.19538000", "time": "2025-07-12T15:08:18.577959Z", "fetched_at": "2025-07-12T15:10:50.804512+00:00", "symbol": "DOGE-USD"}, {"trade_id": 138719109, "side": "sell", "size": "5.70000000", "price": "0.19544000", "time": "2025-07-12T15:08:17.529567Z", "fetched_at": "2025-07-12T15:10:50.804512+00:00", "symbol": "DOGE-USD"}, {"trade_id": 138719108, "side": "sell", "size": "5.70000000", "price": "0.19542000", "time": "2025-07-12T15:08:17.151553Z", "fetched_at": "2025-07-12T15:10:50.804512+00:00", "symbol": "DOGE-USD"}, {"trade_id": 138719107, "side": "sell", "size": "49.50000000", "price": "0.19541000", "time": "2025-07-12T15:08:16.181021Z", "fetched_at": "2025-07-12T15:10:50.804512+00:00", "symbol": "DOGE-USD"}, {"trade_id": 138719106, "side": "sell", "size": "641.80000000", "price": "0.19540000", "time": "2025-07-12T15:08:16.011270Z", "fetched_at": "2025-07-12T15:10:50.804512+00:00", "symbol": "DOGE-USD"}, {"trade_id": 138719105, "side": "sell", "size": "187.70000000", "price": "0.19540000", "time": "2025-07-12T15:08:15.708276Z", "fetched_at": "2025-07-12T15:10:50.804512+00:00", "symbol": "DOGE-USD"}, {"trade_id": 138719104, "side": "sell", "size": "5.70000000", "price": "0.19540000", "time": "2025-07-12T15:08:15.708276Z", "fetched_at": "2025-07-12T15:10:50.804512+00:00", "symbol": "DOGE-USD"}, {"trade_id": 138719103, "side": "sell", "size": "5.70000000", "price": "0.19538000", "time": "2025-07-12T15:08:15.708276Z", "fetched_at": "2025-07-12T15:10:50.804512+00:00", "symbol": "DOGE-USD"}, {"trade_id": 138719102, "side": "buy", "size": "1.60000000", "price": "0.19535000", "time": "2025-07-12T15:08:14.469333Z", "fetched_at": "2025-07-12T15:10:50.804512+00:00", "symbol": "DOGE-USD"}, {"trade_id": 138719101, "side": "buy", "size": "30.70000000", "price": "0.19537000", "time": "2025-07-12T15:08:14.375457Z", "fetched_at": "2025-07-12T15:10:50.804512+00:00", "symbol": "DOGE-USD"}, {"trade_id": 138719100, "side": "sell", "size": "18618.30000000", "price": "0.19536000", "time": "2025-07-12T15:08:12.911462Z", "fetched_at": "2025-07-12T15:10:50.804512+00:00", "symbol": "DOGE-USD"}, {"trade_id": 138719099, "side": "sell", "size": "5.70000000", "price": "0.19536000", "time": "2025-07-12T15:08:12.911462Z", "fetched_at": "2025-07-12T15:10:50.804512+00:00", "symbol": "DOGE-USD"}, {"trade_id": 138719098, "side": "sell", "size": "9567.80000000", "price": "0.19535000", "time": "2025-07-12T15:08:12.906745Z", "fetched_at": "2025-07-12T15:10:50.804512+00:00", "symbol": "DOGE-USD"}, {"trade_id": 138719097, "side": "sell", "size": "1606.60000000", "price": "0.19535000", "time": "2025-07-12T15:08:12.906745Z", "fetched_at": "2025-07-12T15:10:50.804512+00:00", "symbol": "DOGE-USD"}, {"trade_id": 138719096, "side": "sell", "size": "11404.90000000", "price": "0.19535000", "time": "2025-07-12T15:08:12.897779Z", "fetched_at": "2025-07-12T15:10:50.804512+00:00", "symbol": "DOGE-USD"}