[{"trade_id": 138725018, "side": "sell", "size": "1563.90000000", "price": "0.19261000", "time": "2025-07-12T15:39:30.815628Z", "fetched_at": "2025-07-12T15:39:33.535018+00:00", "symbol": "DOGE-USD"}, {"trade_id": 138725017, "side": "buy", "size": "4473.50000000", "price": "0.19252000", "time": "2025-07-12T15:39:30.592666Z", "fetched_at": "2025-07-12T15:39:33.535018+00:00", "symbol": "DOGE-USD"}, {"trade_id": 138725016, "side": "buy", "size": "10000.00000000", "price": "0.19252000", "time": "2025-07-12T15:39:30.592666Z", "fetched_at": "2025-07-12T15:39:33.535018+00:00", "symbol": "DOGE-USD"}, {"trade_id": 138725015, "side": "buy", "size": "2500.00000000", "price": "0.19252000", "time": "2025-07-12T15:39:30.592666Z", "fetched_at": "2025-07-12T15:39:33.535018+00:00", "symbol": "DOGE-USD"}, {"trade_id": 138725014, "side": "buy", "size": "1923.50000000", "price": "0.19252000", "time": "2025-07-12T15:39:30.592666Z", "fetched_at": "2025-07-12T15:39:33.535018+00:00", "symbol": "DOGE-USD"}, {"trade_id": 138725013, "side": "buy", "size": "500.00000000", "price": "0.19252000", "time": "2025-07-12T15:39:30.592666Z", "fetched_at": "2025-07-12T15:39:33.535018+00:00", "symbol": "DOGE-USD"}, {"trade_id": 138725012, "side": "buy", "size": "5.80000000", "price": "0.19252000", "time": "2025-07-12T15:39:30.592666Z", "fetched_at": "2025-07-12T15:39:33.535018+00:00", "symbol": "DOGE-USD"}, {"trade_id": 138725011, "side": "buy", "size": "7248.70000000", "price": "0.19253000", "time": "2025-07-12T15:39:30.592666Z", "fetched_at": "2025-07-12T15:39:33.535018+00:00", "symbol": "DOGE-USD"}, {"trade_id": 138725010, "side": "buy", "size": "1519.00000000", "price": "0.19253000", "time": "2025-07-12T15:39:30.592666Z", "fetched_at": "2025-07-12T15:39:33.535018+00:00", "symbol": "DOGE-USD"}, {"trade_id": 138725009, "side": "buy", "size": "823.50000000", "price": "0.19253000", "time": "2025-07-12T15:39:30.592666Z", "fetched_at": "2025-07-12T15:39:33.535018+00:00", "symbol": "DOGE-USD"}, {"trade_id": 138725008, "side": "buy", "size": "2500.00000000", "price": "0.19254000", "time": "2025-07-12T15:39:30.592666Z", "fetched_at": "2025-07-12T15:39:33.535018+00:00", "symbol": "DOGE-USD"}, {"trade_id": 138725007, "side": "buy", "size": "2000.00000000", "price": "0.19254000", "time": "2025-07-12T15:39:30.592666Z", "fetched_at": "2025-07-12T15:39:33.535018+00:00", "symbol": "DOGE-USD"}, {"trade_id": 138725006, "side": "buy", "size": "5.80000000", "price": "0.19254000", "time": "2025-07-12T15:39:30.592666Z", "fetched_at": "2025-07-12T15:39:33.535018+00:00", "symbol": "DOGE-USD"}, {"trade_id": 138725005, "side": "buy", "size": "1395.20000000", "price": "0.19255000", "time": "2025-07-12T15:39:30.592666Z", "fetched_at": "2025-07-12T15:39:33.535018+00:00", "symbol": "DOGE-USD"}, {"trade_id": 138725004, "side": "buy", "size": "823.50000000", "price": "0.19255000", "time": "2025-07-12T15:39:30.592666Z", "fetched_at": "2025-07-12T15:39:33.535018+00:00", "symbol": "DOGE-USD"}, {"trade_id": 138725003, "side": "buy", "size": "11.20000000", "price": "0.19256000", "time": "2025-07-12T15:39:30.592666Z", "fetched_at": "2025-07-12T15:39:33.535018+00:00", "symbol": "DOGE-USD"}, {"trade_id": 138725002, "side": "buy", "size": "659.80000000", "price": "0.19258000", "time": "2025-07-12T15:39:30.592666Z", "fetched_at": "2025-07-12T15:39:33.535018+00:00", "symbol": "DOGE-USD"}, {"trade_id": 138725001, "side": "buy", "size": "1311.40000000", "price": "0.19259000", "time": "2025-07-12T15:39:30.592666Z", "fetched_at": "2025-07-12T15:39:33.535018+00:00", "symbol": "DOGE-USD"}, {"trade_id": 138725000, "side": "buy", "size": "1299.50000000", "price": "0.19260000", "time": "2025-07-12T15:39:30.592666Z", "fetched_at": "2025-07-12T15:39:33.535018+00:00", "symbol": "DOGE-USD"}, {"trade_id": 138724999, "side": "sell", "size": "1987.80000000", "price": "0.19260000", "time": "2025-07-12T15:39:26.174963Z", "fetched_at": "2025-07-12T15:39:33.535018+00:00", "symbol": "DOGE-USD"}, {"trade_id": 138724998, "side": "sell", "size": "1323.70000000", "price": "0.19257000", "time": "2025-07-12T15:39:26.047738Z", "fetched_at": "2025-07-12T15:39:33.535018+00:00", "symbol": "DOGE-USD"}, {"trade_id": 138724997, "side": "buy", "size": "10000.00000000", "price": "0.19256000", "time": "2025-07-12T15:39:25.861783Z", "fetched_at": "2025-07-12T15:39:33.535018+00:00", "symbol": "DOGE-USD"}, {"trade_id": 138724996, "side": "buy", "size": "5183.80000000", "price": "0.19256000", "time": "2025-07-12T15:39:25.861783Z", "fetched_at": "2025-07-12T15:39:33.535018+00:00", "symbol": "DOGE-USD"}, {"trade_id": 138724995, "side": "buy", "size": "5.80000000", "price": "0.19256000", "time": "2025-07-12T15:39:25.861783Z", "fetched_at": "2025-07-12T15:39:33.535018+00:00", "symbol": "DOGE-USD"}, {"trade_id": 138724994, "side": "buy", "size": "2000.00000000", "price": "0.19257000", "time": "2025-07-12T15:39:25.861574Z", "fetched_at": "2025-07-12T15:39:33.535018+00:00", "symbol": "DOGE-USD"}, {"trade_id": 138724993, "side": "buy", "size": "5.80000000", "price": "0.19258000", "time": "2025-07-12T15:39:25.861574Z", "fetched_at": "2025-07-12T15:39:33.535018+00:00", "symbol": "DOGE-USD"}, {"trade_id": 138724992, "side": "buy", "size": "4218.50000000", "price": "0.19260000", "time": "2025-07-12T15:39:25.859140Z", "fetched_at": "2025-07-12T15:39:33.535018+00:00", "symbol": "DOGE-USD"}, {"trade_id": 138724991, "side": "buy", "size": "20511.60000000", "price": "0.19260000", "time": "2025-07-12T15:39:25.859140Z", "fetched_at": "2025-07-12T15:39:33.535018+00:00", "symbol": "DOGE-USD"}, {"trade_id": 138724990, "side": "buy", "size": "5.80000000", "price": "0.19260000", "time": "2025-07-12T15:39:25.859140Z", "fetched_at": "2025-07-12T15:39:33.535018+00:00", "symbol": "DOGE-USD"}, {"trade_id": 138724989, "side": "buy", "size": "29.60000000", "price": "0.19261000", "time": "2025-07-12T15:39:25.859140Z", "fetched_at": "2025-07-12T15:39:33.535018+00:00", "symbol": "DOGE-USD"}, {"trade_id": 138724988, "side": "buy", "size": "5.80000000", "price": "0.19262000", "time": "2025-07-12T15:39:25.856244Z", "fetched_at": "2025-07-12T15:39:33.535018+00:00", "symbol": "DOGE-USD"}, {"trade_id": 138724987, "side": "sell", "size": "693.60000000", "price": "0.19263000", "time": "2025-07-12T15:39:23.652280Z", "fetched_at": "2025-07-12T15:39:33.535018+00:00", "symbol": "DOGE-USD"}, {"trade_id": 138724986, "side": "buy", "size": "3684.40000000", "price": "0.19263000", "time": "2025-07-12T15:39:22.303818Z", "fetched_at": "2025-07-12T15:39:33.535018+00:00", "symbol": "DOGE-USD"}, {"trade_id": 138724985, "side": "buy", "size": "1976.20000000", "price": "0.19263000", "time": "2025-07-12T15:39:22.303818Z", "fetched_at": "2025-07-12T15:39:33.535018+00:00", "symbol": "DOGE-USD"}, {"trade_id": 138724984, "side": "buy", "size": "2454.00000000", "price": "0.19263000", "time": "2025-07-12T15:39:22.303818Z", "fetched_at": "2025-07-12T15:39:33.535018+00:00", "symbol": "DOGE-USD"}, {"trade_id": 138724983, "side": "buy", "size": "1519.00000000", "price": "0.19263000", "time": "2025-07-12T15:39:22.303818Z", "fetched_at": "2025-07-12T15:39:33.535018+00:00", "symbol": "DOGE-USD"}, {"trade_id": 138724982, "side": "buy", "size": "5181.30000000", "price": "0.19263000", "time": "2025-07-12T15:39:22.303818Z", "fetched_at": "2025-07-12T15:39:33.535018+00:00", "symbol": "DOGE-USD"}, {"trade_id": 138724981, "side": "buy", "size": "2000.00000000", "price": "0.19264000", "time": "2025-07-12T15:39:22.303818Z", "fetched_at": "2025-07-12T15:39:33.535018+00:00", "symbol": "DOGE-USD"}, {"trade_id": 138724980, "side": "buy", "size": "10000.00000000", "price": "0.19264000", "time": "2025-07-12T15:39:22.303818Z", "fetched_at": "2025-07-12T15:39:33.535018+00:00", "symbol": "DOGE-USD"}, {"trade_id": 138724979, "side": "buy", "size": "5181.30000000", "price": "0.19264000", "time": "2025-07-12T15:39:22.303818Z", "fetched_at": "2025-07-12T15:39:33.535018+00:00", "symbol": "DOGE-USD"}, {"trade_id": 138724978, "side": "buy", "size": "1589.80000000", "price": "0.19264000", "time": "2025-07-12T15:39:22.303818Z", "fetched_at": "2025-07-12T15:39:33.535018+00:00", "symbol": "DOGE-USD"}, {"trade_id": 138724977, "side": "buy", "size": "1519.00000000", "price": "0.19264000", "time": "2025-07-12T15:39:22.303818Z", "fetched_at": "2025-07-12T15:39:33.535018+00:00", "symbol": "DOGE-USD"}, {"trade_id": 138724976, "side": "buy", "size": "5.80000000", "price": "0.19264000", "time": "2025-07-12T15:39:22.303818Z", "fetched_at": "2025-07-12T15:39:33.535018+00:00", "symbol": "DOGE-USD"}, {"trade_id": 138724975, "side": "buy", "size": "5156.20000000", "price": "0.19265000", "time": "2025-07-12T15:39:22.303818Z", "fetched_at": "2025-07-12T15:39:33.535018+00:00", "symbol": "DOGE-USD"}, {"trade_id": 138724974, "side": "buy", "size": "10593.30000000", "price": "0.19265000", "time": "2025-07-12T15:39:22.303818Z", "fetched_at": "2025-07-12T15:39:33.535018+00:00", "symbol": "DOGE-USD"}, {"trade_id": 138724973, "side": "buy", "size": "1519.00000000", "price": "0.19265000", "time": "2025-07-12T15:39:22.303818Z", "fetched_at": "2025-07-12T15:39:33.535018+00:00", "symbol": "DOGE-USD"}, {"trade_id": 138724972, "side": "buy", "size": "5.80000000", "price": "0.19266000", "time": "2025-07-12T15:39:22.303818Z", "fetched_at": "2025-07-12T15:39:33.535018+00:00", "symbol": "DOGE-USD"}, {"trade_id": 138724971, "side": "buy", "size": "659.80000000", "price": "0.19267000", "time": "2025-07-12T15:39:22.303818Z", "fetched_at": "2025-07-12T15:39:33.535018+00:00", "symbol": "DOGE-USD"}, {"trade_id": 138724970, "side": "buy", "size": "1199.00000000", "price": "0.19267000", "time": "2025-07-12T15:39:22.303818Z", "fetched_at": "2025-07-12T15:39:33.535018+00:00", "symbol": "DOGE-USD"}, {"trade_id": 138724969, "side": "buy", "size": "1234.50000000", "price": "0.19267000", "time": "2025-07-12T15:39:22.303818Z", "fetched_at": "2025-07-12T15:39:33.535018+00:00", "symbol": "DOGE-USD"}, {"trade_id": 138724968, "side": "buy", "size": "26.90000000", "price": "0.19268000", "time": "2025-07-12T15:39:22.303818Z", "fetched_at": "2025-07-12T15:39:33.535018+00:00", "symbol": "DOGE-USD"}, {"trade_id": 138724967, "side": "buy", "size": "5.80000000", "price": "0.19268000", "time": "2025-07-12T15:39:22.303818Z", "fetched_at": "2025-07-12T15:39:33.535018+00:00", "symbol": "DOGE-USD"}, {"trade_id": 138724966, "side": "sell", "size": "504.00000000", "price": "0.19272000", "time": "2025-07-12T15:39:21.944150Z", "fetched_at": "2025-07-12T15:39:33.535018+00:00", "symbol": "DOGE-USD"}, {"trade_id": 138724965, "side": "sell", "size": "475.00000000", "price": "0.19273000", "time": "2025-07-12T15:39:21.253401Z", "fetched_at": "2025-07-12T15:39:33.535018+00:00", "symbol": "DOGE-USD"}, {"trade_id": 138724964, "side": "sell", "size": "734.30000000", "price": "0.19273000", "time": "2025-07-12T15:39:19.247694Z", "fetched_at": "2025-07-12T15:39:33.535018+00:00", "symbol": "DOGE-USD"}, {"trade_id": 138724963, "side": "buy", "size": "354.80000000", "price": "0.19268000", "time": "2025-07-12T15:39:14.161045Z", "fetched_at": "2025-07-12T15:39:33.535018+00:00", "symbol": "DOGE-USD"}, {"trade_id": 138724962, "side": "buy", "size": "5.80000000", "price": "0.19268000", "time": "2025-07-12T15:39:14.161045Z", "fetched_at": "2025-07-12T15:39:33.535018+00:00", "symbol": "DOGE-USD"}, {"trade_id": 138724961, "side": "buy", "size": "25.50000000", "price": "0.19269000", "time": "2025-07-12T15:39:14.161045Z", "fetched_at": "2025-07-12T15:39:33.535018+00:00", "symbol": "DOGE-USD"}, {"trade_id": 138724960, "side": "buy", "size": "5.80000000", "price": "0.19272000", "time": "2025-07-12T15:39:13.185690Z", "fetched_at": "2025-07-12T15:39:33.535018+00:00", "symbol": "DOGE-USD"}, {"trade_id": 138724959, "side": "sell", "size": "422.60000000", "price": "0.19276000", "time": "2025-07-12T15:39:11.375877Z", "fetched_at": "2025-07-12T15:39:33.535018+00:00", "symbol": "DOGE-USD"}, {"trade_id": 138724958, "side": "sell", "size": "272.60000000", "price": "0.19275000", "time": "2025-07-12T15:39:11.375877Z", "fetched_at": "2025-07-12T15:39:33.535018+00:00", "symbol": "DOGE-USD"}, {"trade_id": 138724957, "side": "sell", "size": "183.00000000", "price": "0.19275000", "time": "2025-07-12T15:39:11.375877Z", "fetched_at": "2025-07-12T15:39:33.535018+00:00", "symbol": "DOGE-USD"}, {"trade_id": 138724956, "side": "sell", "size": "262.90000000", "price": "0.19275000", "time": "2025-07-12T15:39:11.375877Z", "fetched_at": "2025-07-12T15:39:33.535018+00:00", "symbol": "DOGE-USD"}, {"trade_id": 138724955, "side": "sell", "size": "116.50000000", "price": "0.19276000", "time": "2025-07-12T15:39:10.957501Z", "fetched_at": "2025-07-12T15:39:33.535018+00:00", "symbol": "DOGE-USD"}, {"trade_id": 138724954, "side": "sell", "size": "1519.00000000", "price": "0.19274000", "time": "2025-07-12T15:39:10.954121Z", "fetched_at": "2025-07-12T15:39:33.535018+00:00", "symbol": "DOGE-USD"}, {"trade_id": 138724953, "side": "sell", "size": "262.90000000", "price": "0.19273000", "time": "2025-07-12T15:39:10.954121Z", "fetched_at": "2025-07-12T15:39:33.535018+00:00", "symbol": "DOGE-USD"}, {"trade_id": 138724952, "side": "buy", "size": "5.80000000", "price": "0.19276000", "time": "2025-07-12T15:39:09.952198Z", "fetched_at": "2025-07-12T15:39:33.535018+00:00", "symbol": "DOGE-USD"}, {"trade_id": 138724951, "side": "buy", "size": "25.00000000", "price": "0.19278000", "time": "2025-07-12T15:39:08.448845Z", "fetched_at": "2025-07-12T15:39:33.535018+00:00", "symbol": "DOGE-USD"}, {"trade_id": 138724950, "side": "sell", "size": "96.20000000", "price": "0.19279000", "time": "2025-07-12T15:39:07.984479Z", "fetched_at": "2025-07-12T15:39:33.535018+00:00", "symbol": "DOGE-USD"}, {"trade_id": 138724949, "side": "buy", "size": "5.80000000", "price": "0.19280000", "time": "2025-07-12T15:39:07.970561Z", "fetched_at": "2025-07-12T15:39:33.535018+00:00", "symbol": "DOGE-USD"}, {"trade_id": 138724948, "side": "buy", "size": "5.80000000", "price": "0.19284000", "time": "2025-07-12T15:39:06.737783Z", "fetched_at": "2025-07-12T15:39:33.535018+00:00", "symbol": "DOGE-USD"}, {"trade_id": 138724947, "side": "buy", "size": "5.80000000", "price": "0.19288000", "time": "2025-07-12T15:39:06.628054Z", "fetched_at": "2025-07-12T15:39:33.535018+00:00", "symbol": "DOGE-USD"}, {"trade_id": 138724946, "side": "sell", "size": "203.80000000", "price": "0.19289000", "time": "2025-07-12T15:39:06.202253Z", "fetched_at": "2025-07-12T15:39:33.535018+00:00", "symbol": "DOGE-USD"}, {"trade_id": 138724945, "side": "sell", "size": "262.90000000", "price": "0.19289000", "time": "2025-07-12T15:39:06.202253Z", "fetched_at": "2025-07-12T15:39:33.535018+00:00", "symbol": "DOGE-USD"}, {"trade_id": 138724944, "side": "sell", "size": "37.80000000", "price": "0.19289000", "time": "2025-07-12T15:39:06.202253Z", "fetched_at": "2025-07-12T15:39:33.535018+00:00", "symbol": "DOGE-USD"}, {"trade_id": 138724943, "side": "buy", "size": "31.00000000", "price": "0.19295000", "time": "2025-07-12T15:39:05.932262Z", "fetched_at": "2025-07-12T15:39:33.535018+00:00", "symbol": "DOGE-USD"}, {"trade_id": 138724942, "side": "buy", "size": "659.80000000", "price": "0.19295000", "time": "2025-07-12T15:39:05.932262Z", "fetched_at": "2025-07-12T15:39:33.535018+00:00", "symbol": "DOGE-USD"}, {"trade_id": 138724941, "side": "buy", "size": "298.00000000", "price": "0.19297000", "time": "2025-07-12T15:39:04.803297Z", "fetched_at": "2025-07-12T15:39:33.535018+00:00", "symbol": "DOGE-USD"}, {"trade_id": 138724940, "side": "buy", "size": "36.10000000", "price": "0.19298000", "time": "2025-07-12T15:39:04.803297Z", "fetched_at": "2025-07-12T15:39:33.535018+00:00", "symbol": "DOGE-USD"}, {"trade_id": 138724939, "side": "sell", "size": "1415.30000000", "price": "0.19302000", "time": "2025-07-12T15:39:03.667311Z", "fetched_at": "2025-07-12T15:39:33.535018+00:00", "symbol": "DOGE-USD"}, {"trade_id": 138724938, "side": "sell", "size": "5.70000000", "price": "0.19300000", "time": "2025-07-12T15:39:03.667311Z", "fetched_at": "2025-07-12T15:39:33.535018+00:00", "symbol": "DOGE-USD"}, {"trade_id": 138724937, "side": "sell", "size": "5.80000000", "price": "0.19296000", "time": "2025-07-12T15:39:02.868168Z", "fetched_at": "2025-07-12T15:39:33.535018+00:00", "symbol": "DOGE-USD"}, {"trade_id": 138724936, "side": "sell", "size": "246.50000000", "price": "0.19295000", "time": "2025-07-12T15:39:02.859342Z", "fetched_at": "2025-07-12T15:39:33.535018+00:00", "symbol": "DOGE-USD"}, {"trade_id": 138724935, "side": "buy", "size": "659.80000000", "price": "0.19293000", "time": "2025-07-12T15:39:02.139164Z", "fetched_at": "2025-07-12T15:39:33.535018+00:00", "symbol": "DOGE-USD"}, {"trade_id": 138724934, "side": "buy", "size": "659.80000000", "price": "0.19293000", "time": "2025-07-12T15:39:02.128107Z", "fetched_at": "2025-07-12T15:39:33.535018+00:00", "symbol": "DOGE-USD"}, {"trade_id": 138724933, "side": "sell", "size": "85.80000000", "price": "0.19295000", "time": "2025-07-12T15:39:02.082930Z", "fetched_at": "2025-07-12T15:39:33.535018+00:00", "symbol": "DOGE-USD"}, {"trade_id": 138724932, "side": "sell", "size": "116.60000000", "price": "0.19288000", "time": "2025-07-12T15:39:01.913541Z", "fetched_at": "2025-07-12T15:39:33.535018+00:00", "symbol": "DOGE-USD"}, {"trade_id": 138724931, "side": "sell", "size": "183.00000000", "price": "0.19283000", "time": "2025-07-12T15:39:01.455003Z", "fetched_at": "2025-07-12T15:39:33.535018+00:00", "symbol": "DOGE-USD"}, {"trade_id": 138724930, "side": "buy", "size": "2210.30000000", "price": "0.19286000", "time": "2025-07-12T15:39:01.161158Z", "fetched_at": "2025-07-12T15:39:33.535018+00:00", "symbol": "DOGE-USD"}, {"trade_id": 138724929, "side": "buy", "size": "3613.30000000", "price": "0.19286000", "time": "2025-07-12T15:39:01.152810Z", "fetched_at": "2025-07-12T15:39:33.535018+00:00", "symbol": "DOGE-USD"}, {"trade_id": 138724928, "side": "buy", "size": "6491.40000000", "price": "0.19286000", "time": "2025-07-12T15:39:01.152376Z", "fetched_at": "2025-07-12T15:39:33.535018+00:00", "symbol": "DOGE-USD"}, {"trade_id": 138724927, "side": "buy", "size": "1519.00000000", "price": "0.19286000", "time": "2025-07-12T15:39:01.152376Z", "fetched_at": "2025-07-12T15:39:33.535018+00:00", "symbol": "DOGE-USD"}, {"trade_id": 138724926, "side": "buy", "size": "659.80000000", "price": "0.19291000", "time": "2025-07-12T15:39:01.146666Z", "fetched_at": "2025-07-12T15:39:33.535018+00:00", "symbol": "DOGE-USD"}, {"trade_id": 138724925, "side": "buy", "size": "26.50000000", "price": "0.19292000", "time": "2025-07-12T15:39:01.145327Z", "fetched_at": "2025-07-12T15:39:33.535018+00:00", "symbol": "DOGE-USD"}, {"trade_id": 138724924, "side": "buy", "size": "26.40000000", "price": "0.19293000", "time": "2025-07-12T15:39:01.066426Z", "fetched_at": "2025-07-12T15:39:33.535018+00:00", "symbol": "DOGE-USD"}, {"trade_id": 138724923, "side": "sell", "size": "5.80000000", "price": "0.19290000", "time": "2025-07-12T15:39:00.877453Z", "fetched_at": "2025-07-12T15:39:33.535018+00:00", "symbol": "DOGE-USD"}, {"trade_id": 138724922, "side": "sell", "size": "5.80000000", "price": "0.19288000", "time": "2025-07-12T15:39:00.609101Z", "fetched_at": "2025-07-12T15:39:33.535018+00:00", "symbol": "DOGE-USD"}, {"trade_id": 138724921, "side": "sell", "size": "5.80000000", "price": "0.19286000", "time": "2025-07-12T15:39:00.563351Z", "fetched_at": "2025-07-12T15:39:33.535018+00:00", "symbol": "DOGE-USD"}, {"trade_id": 138724920, "side": "sell", "size": "5.80000000", "price": "0.19284000", "time": "2025-07-12T15:39:00.498707Z", "fetched_at": "2025-07-12T15:39:33.535018+00:00", "symbol": "DOGE-USD"}, {"trade_id": 138724919, "side": "sell", "size": "5.80000000", "price": "0.19282000", "time": "2025-07-12T15:39:00.435032Z", "fetched_at": "2025-07-12T15:39:33.535018+00:00", "symbol": "DOGE-USD"}, {"trade_id": 138724918, "side": "sell", "size": "5.80000000", "price": "0.19280000", "time": "2025-07-12T15:39:00.352349Z", "fetched_at": "2025-07-12T15:39:33.535018+00:00", "symbol": "DOGE-USD"}, {"trade_id": 138724917, "side": "sell", "size": "5.80000000", "price": "0.19278000", "time": "2025-07-12T15:39:00.321487Z", "fetched_at": "2025-07-12T15:39:33.535018+00:00", "symbol": "DOGE-USD"}, {"trade_id": 138724916, "side": "sell", "size": "5.80000000", "price": "0.19276000", "time": "2025-07-12T15:39:00.183363Z", "fetched_at": "2025-07-12T15:39:33.535018+00:00", "symbol": "DOGE-USD"}, {"trade_id": 138724915, "side": "sell", "size": "1944.20000000", "price": "0.19275000", "time": "2025-07-12T15:39:00.183363Z", "fetched_at": "2025-07-12T15:39:33.535018+00:00", "symbol": "DOGE-USD"}, {"trade_id": 138724914, "side": "sell", "size": "116.60000000", "price": "0.19274000", "time": "2025-07-12T15:39:00.183363Z", "fetched_at": "2025-07-12T15:39:33.535018+00:00", "symbol": "DOGE-USD"}, {"trade_id": 138724913, "side": "sell", "size": "5183.80000000", "price": "0.19274000", "time": "2025-07-12T15:39:00.164266Z", "fetched_at": "2025-07-12T15:39:33.535018+00:00", "symbol": "DOGE-USD"}, {"trade_id": 138724912, "side": "sell", "size": "3362.60000000", "price": "0.19274000", "time": "2025-07-12T15:39:00.164266Z", "fetched_at": "2025-07-12T15:39:33.535018+00:00", "symbol": "DOGE-USD"}, {"trade_id": 138724911, "side": "sell", "size": "2963.80000000", "price": "0.19274000", "time": "2025-07-12T15:39:00.164266Z", "fetched_at": "2025-07-12T15:39:33.535018+00:00", "symbol": "DOGE-USD"}, {"trade_id": 138724910, "side": "sell", "size": "5.80000000", "price": "0.19274000", "time": "2025-07-12T15:39:00.164266Z", "fetched_at": "2025-07-12T15:39:33.535018+00:00", "symbol": "DOGE-USD"}, {"trade_id": 138724909, "side": "sell", "size": "1519.00000000", "price": "0.19274000", "time": "2025-07-12T15:39:00.164266Z", "fetched_at": "2025-07-12T15:39:33.535018+00:00", "symbol": "DOGE-USD"}, {"trade_id": 138724908, "side": "sell", "size": "4233.50000000", "price": "0.19273000", "time": "2025-07-12T15:39:00.162122Z", "fetched_at": "2025-07-12T15:39:33.535018+00:00", "symbol": "DOGE-USD"}, {"trade_id": 138724907, "side": "sell", "size": "1519.00000000", "price": "0.19273000", "time": "2025-07-12T15:39:00.162122Z", "fetched_at": "2025-07-12T15:39:33.535018+00:00", "symbol": "DOGE-USD"}, {"trade_id": 138724906, "side": "sell", "size": "116.60000000", "price": "0.19271000", "time": "2025-07-12T15:39:00.162122Z", "fetched_at": "2025-07-12T15:39:33.535018+00:00", "symbol": "DOGE-USD"}, {"trade_id": 138724905, "side": "buy", "size": "659.80000000", "price": "0.19268000", "time": "2025-07-12T15:39:00.042019Z", "fetched_at": "2025-07-12T15:39:33.535018+00:00", "symbol": "DOGE-USD"}, {"trade_id": 138724904, "side": "buy", "size": "45870.70000000", "price": "0.19268000", "time": "2025-07-12T15:39:00.042019Z", "fetched_at": "2025-07-12T15:39:33.535018+00:00", "symbol": "DOGE-USD"}, {"trade_id": 138724903, "side": "buy", "size": "11.20000000", "price": "0.19269000", "time": "2025-07-12T15:39:00.042019Z", "fetched_at": "2025-07-12T15:39:33.535018+00:00", "symbol": "DOGE-USD"}, {"trade_id": 138724902, "side": "sell", "size": "1146.60000000", "price": "0.19272000", "time": "2025-07-12T15:38:58.826468Z", "fetched_at": "2025-07-12T15:39:33.535018+00:00", "symbol": "DOGE-USD"}, {"trade_id": 138724901, "side": "sell", "size": "5.80000000", "price": "0.19272000", "time": "2025-07-12T15:38:58.826468Z", "fetched_at": "2025-07-12T15:39:33.535018+00:00", "symbol": "DOGE-USD"}, {"trade_id": 138724900, "side": "sell", "size": "5.80000000", "price": "0.19270000", "time": "2025-07-12T15:38:58.826468Z", "fetched_at": "2025-07-12T15:39:33.535018+00:00", "symbol": "DOGE-USD"}, {"trade_id": 138724899, "side": "sell", "size": "1409.00000000", "price": "0.19268000", "time": "2025-07-12T15:38:57.740503Z", "fetched_at": "2025-07-12T15:39:33.535018+00:00", "symbol": "DOGE-USD"}, {"trade_id": 138724898, "side": "sell", "size": "1303.20000000", "price": "0.19267000", "time": "2025-07-12T15:38:57.740503Z", "fetched_at": "2025-07-12T15:39:33.535018+00:00", "symbol": "DOGE-USD"}, {"trade_id": 138724897, "side": "sell", "size": "15.30000000", "price": "0.19269000", "time": "2025-07-12T15:38:55.752193Z", "fetched_at": "2025-07-12T15:39:33.535018+00:00", "symbol": "DOGE-USD"}, {"trade_id": 138724896, "side": "sell", "size": "5.80000000", "price": "0.19268000", "time": "2025-07-12T15:38:54.934438Z", "fetched_at": "2025-07-12T15:39:33.535018+00:00", "symbol": "DOGE-USD"}, {"trade_id": 138724895, "side": "sell", "size": "5.80000000", "price": "0.19266000", "time": "2025-07-12T15:38:53.635177Z", "fetched_at": "2025-07-12T15:39:33.535018+00:00", "symbol": "DOGE-USD"}, {"trade_id": 138724894, "side": "sell", "size": "5.80000000", "price": "0.19264000", "time": "2025-07-12T15:38:53.467009Z", "fetched_at": "2025-07-12T15:39:33.535018+00:00", "symbol": "DOGE-USD"}, {"trade_id": 138724893, "side": "sell", "size": "5.80000000", "price": "0.19262000", "time": "2025-07-12T15:38:52.375502Z", "fetched_at": "2025-07-12T15:39:33.535018+00:00", "symbol": "DOGE-USD"}, {"trade_id": 138724892, "side": "sell", "size": "5.80000000", "price": "0.19260000", "time": "2025-07-12T15:38:51.102911Z", "fetched_at": "2025-07-12T15:39:33.535018+00:00", "symbol": "DOGE-USD"}, {"trade_id": 138724891, "side": "sell", "size": "5.80000000", "price": "0.19258000", "time": "2025-07-12T15:38:50.850591Z", "fetched_at": "2025-07-12T15:39:33.535018+00:00", "symbol": "DOGE-USD"}, {"trade_id": 138724890, "side": "sell", "size": "5.80000000", "price": "0.19256000", "time": "2025-07-12T15:38:48.103675Z", "fetched_at": "2025-07-12T15:39:33.535018+00:00", "symbol": "DOGE-USD"}, {"trade_id": 138724889, "side": "sell", "size": "5.80000000", "price": "0.19254000", "time": "2025-07-12T15:38:48.016992Z", "fetched_at": "2025-07-12T15:39:33.535018+00:00", "symbol": "DOGE-USD"}, {"trade_id": 138724888, "side": "sell", "size": "5.80000000", "price": "0.19252000", "time": "2025-07-12T15:38:47.882661Z", "fetched_at": "2025-07-12T15:39:33.535018+00:00", "symbol": "DOGE-USD"}, {"trade_id": 138724887, "side": "buy", "size": "451.90000000", "price": "0.19251000", "time": "2025-07-12T15:38:47.767004Z", "fetched_at": "2025-07-12T15:39:33.535018+00:00", "symbol": "DOGE-USD"}, {"trade_id": 138724886, "side": "buy", "size": "183.00000000", "price": "0.19251000", "time": "2025-07-12T15:38:47.767004Z", "fetched_at": "2025-07-12T15:39:33.535018+00:00", "symbol": "DOGE-USD"}, {"trade_id": 138724885, "side": "sell", "size": "5.80000000", "price": "0.19250000", "time": "2025-07-12T15:38:47.026569Z", "fetched_at": "2025-07-12T15:39:33.535018+00:00", "symbol": "DOGE-USD"}, {"trade_id": 138724884, "side": "buy", "size": "15.20000000", "price": "0.19249000", "time": "2025-07-12T15:38:45.019926Z", "fetched_at": "2025-07-12T15:39:33.535018+00:00", "symbol": "DOGE-USD"}, {"trade_id": 138724883, "side": "sell", "size": "5.80000000", "price": "0.19248000", "time": "2025-07-12T15:38:40.961241Z", "fetched_at": "2025-07-12T15:39:33.535018+00:00", "symbol": "DOGE-USD"}, {"trade_id": 138724882, "side": "sell", "size": "5.80000000", "price": "0.19246000", "time": "2025-07-12T15:38:40.414703Z", "fetched_at": "2025-07-12T15:39:33.535018+00:00", "symbol": "DOGE-USD"}, {"trade_id": 138724881, "side": "sell", "size": "5.80000000", "price": "0.19244000", "time": "2025-07-12T15:38:39.758587Z", "fetched_at": "2025-07-12T15:39:33.535018+00:00", "symbol": "DOGE-USD"}, {"trade_id": 138724880, "side": "buy", "size": "659.80000000", "price": "0.19240000", "time": "2025-07-12T15:38:36.129083Z", "fetched_at": "2025-07-12T15:39:33.535018+00:00", "symbol": "DOGE-USD"}, {"trade_id": 138724879, "side": "buy", "size": "1428.40000000", "price": "0.19241000", "time": "2025-07-12T15:38:36.129083Z", "fetched_at": "2025-07-12T15:39:33.535018+00:00", "symbol": "DOGE-USD"}, {"trade_id": 138724878, "side": "buy", "size": "23.60000000", "price": "0.19242000", "time": "2025-07-12T15:38:36.128910Z", "fetched_at": "2025-07-12T15:39:33.535018+00:00", "symbol": "DOGE-USD"}, {"trade_id": 138724877, "side": "sell", "size": "400.60000000", "price": "0.19241000", "time": "2025-07-12T15:38:34.779945Z", "fetched_at": "2025-07-12T15:39:33.535018+00:00", "symbol": "DOGE-USD"}, {"trade_id": 138724876, "side": "sell", "size": "210.50000000", "price": "0.19239000", "time": "2025-07-12T15:38:34.585032Z", "fetched_at": "2025-07-12T15:39:33.535018+00:00", "symbol": "DOGE-USD"}, {"trade_id": 138724875, "side": "sell", "size": "514.30000000", "price": "0.19239000", "time": "2025-07-12T15:38:34.531654Z", "fetched_at": "2025-07-12T15:39:33.535018+00:00", "symbol": "DOGE-USD"}, {"trade_id": 138724874, "side": "buy", "size": "5.80000000", "price": "0.19240000", "time": "2025-07-12T15:38:34.201658Z", "fetched_at": "2025-07-12T15:39:33.535018+00:00", "symbol": "DOGE-USD"}, {"trade_id": 138724873, "side": "buy", "size": "117.20000000", "price": "0.19245000", "time": "2025-07-12T15:38:31.738860Z", "fetched_at": "2025-07-12T15:39:33.535018+00:00", "symbol": "DOGE-USD"}, {"trade_id": 138724872, "side": "buy", "size": "13.90000000", "price": "0.19246000", "time": "2025-07-12T15:38:31.738860Z", "fetched_at": "2025-07-12T15:39:33.535018+00:00", "symbol": "DOGE-USD"}, {"trade_id": 138724871, "side": "sell", "size": "789.70000000", "price": "0.19250000", "time": "2025-07-12T15:38:30.832310Z", "fetched_at": "2025-07-12T15:39:33.535018+00:00", "symbol": "DOGE-USD"}, {"trade_id": 138724870, "side": "buy", "size": "538.70000000", "price": "0.19244000", "time": "2025-07-12T15:38:28.431867Z", "fetched_at": "2025-07-12T15:39:33.535018+00:00", "symbol": "DOGE-USD"}, {"trade_id": 138724869, "side": "buy", "size": "5.80000000", "price": "0.19244000", "time": "2025-07-12T15:38:28.431867Z", "fetched_at": "2025-07-12T15:39:33.535018+00:00", "symbol": "DOGE-USD"}, {"trade_id": 138724868, "side": "buy", "size": "5.80000000", "price": "0.19248000", "time": "2025-07-12T15:38:27.746113Z", "fetched_at": "2025-07-12T15:39:33.535018+00:00", "symbol": "DOGE-USD"}, {"trade_id": 138724867, "side": "buy", "size": "5.80000000", "price": "0.19250000", "time": "2025-07-12T15:38:26.430886Z", "fetched_at": "2025-07-12T15:39:33.535018+00:00", "symbol": "DOGE-USD"}, {"trade_id": 138724866, "side": "buy", "size": "5.80000000", "price": "0.19252000", "time": "2025-07-12T15:38:25.857381Z", "fetched_at": "2025-07-12T15:39:33.535018+00:00", "symbol": "DOGE-USD"}, {"trade_id": 138724865, "side": "buy", "size": "659.80000000", "price": "0.19253000", "time": "2025-07-12T15:38:25.818410Z", "fetched_at": "2025-07-12T15:39:33.535018+00:00", "symbol": "DOGE-USD"}, {"trade_id": 138724864, "side": "buy", "size": "1315.30000000", "price": "0.19253000", "time": "2025-07-12T15:38:25.818410Z", "fetched_at": "2025-07-12T15:39:33.535018+00:00", "symbol": "DOGE-USD"}, {"trade_id": 138724863, "side": "buy", "size": "21.20000000", "price": "0.19254000", "time": "2025-07-12T15:38:25.818254Z", "fetched_at": "2025-07-12T15:39:33.535018+00:00", "symbol": "DOGE-USD"}, {"trade_id": 138724862, "side": "sell", "size": "5.80000000", "price": "0.19260000", "time": "2025-07-12T15:38:22.663851Z", "fetched_at": "2025-07-12T15:39:33.535018+00:00", "symbol": "DOGE-USD"}, {"trade_id": 138724861, "side": "sell", "size": "5.80000000", "price": "0.19256000", "time": "2025-07-12T15:38:21.186553Z", "fetched_at": "2025-07-12T15:39:33.535018+00:00", "symbol": "DOGE-USD"}, {"trade_id": 138724860, "side": "sell", "size": "5.80000000", "price": "0.19254000", "time": "2025-07-12T15:38:20.823253Z", "fetched_at": "2025-07-12T15:39:33.535018+00:00", "symbol": "DOGE-USD"}, {"trade_id": 138724859, "side": "sell", "size": "0.10000000", "price": "0.19253000", "time": "2025-07-12T15:38:20.823253Z", "fetched_at": "2025-07-12T15:39:33.535018+00:00", "symbol": "DOGE-USD"}, {"trade_id": 138724858, "side": "sell", "size": "527.50000000", "price": "0.19253000", "time": "2025-07-12T15:38:20.807480Z", "fetched_at": "2025-07-12T15:39:33.535018+00:00", "symbol": "DOGE-USD"}, {"trade_id": 138724857, "side": "sell", "size": "55.20000000", "price": "0.19253000", "time": "2025-07-12T15:38:20.726315Z", "fetched_at": "2025-07-12T15:39:33.535018+00:00", "symbol": "DOGE-USD"}, {"trade_id": 138724856, "side": "sell", "size": "5.80000000", "price": "0.19252000", "time": "2025-07-12T15:38:20.726315Z", "fetched_at": "2025-07-12T15:39:33.535018+00:00", "symbol": "DOGE-USD"}, {"trade_id": 138724855, "side": "sell", "size": "338.40000000", "price": "0.19249000", "time": "2025-07-12T15:38:20.258840Z", "fetched_at": "2025-07-12T15:39:33.535018+00:00", "symbol": "DOGE-USD"}, {"trade_id": 138724854, "side": "sell", "size": "50.10000000", "price": "0.19246000", "time": "2025-07-12T15:38:19.025266Z", "fetched_at": "2025-07-12T15:39:33.535018+00:00", "symbol": "DOGE-USD"}, {"trade_id": 138724853, "side": "buy", "size": "10.80000000", "price": "0.19242000", "time": "2025-07-12T15:38:18.396245Z", "fetched_at": "2025-07-12T15:39:33.535018+00:00", "symbol": "DOGE-USD"}, {"trade_id": 138724852, "side": "buy", "size": "2500.00000000", "price": "0.19241000", "time": "2025-07-12T15:38:18.390933Z", "fetched_at": "2025-07-12T15:39:33.535018+00:00", "symbol": "DOGE-USD"}, {"trade_id": 138724851, "side": "buy", "size": "10.80000000", "price": "0.19242000", "time": "2025-07-12T15:38:18.386507Z", "fetched_at": "2025-07-12T15:39:33.535018+00:00", "symbol": "DOGE-USD"}, {"trade_id": 138724850, "side": "buy", "size": "1257.00000000", "price": "0.19245000", "time": "2025-07-12T15:38:18.386264Z", "fetched_at": "2025-07-12T15:39:33.535018+00:00", "symbol": "DOGE-USD"}, {"trade_id": 138724849, "side": "sell", "size": "518.20000000", "price": "0.19249000", "time": "2025-07-12T15:38:17.574834Z", "fetched_at": "2025-07-12T15:39:33.535018+00:00", "symbol": "DOGE-USD"}, {"trade_id": 138724848, "side": "buy", "size": "2079.00000000", "price": "0.19240000", "time": "2025-07-12T15:38:16.526810Z", "fetched_at": "2025-07-12T15:39:33.535018+00:00", "symbol": "DOGE-USD"}, {"trade_id": 138724847, "side": "buy", "size": "2500.00000000", "price": "0.19240000", "time": "2025-07-12T15:38:16.526810Z", "fetched_at": "2025-07-12T15:39:33.535018+00:00", "symbol": "DOGE-USD"}, {"trade_id": 138724846, "side": "buy", "size": "5000.00000000", "price": "0.19240000", "time": "2025-07-12T15:38:16.526810Z", "fetched_at": "2025-07-12T15:39:33.535018+00:00", "symbol": "DOGE-USD"}, {"trade_id": 138724845, "side": "buy", "size": "5.80000000", "price": "0.19240000", "time": "2025-07-12T15:38:16.526810Z", "fetched_at": "2025-07-12T15:39:33.535018+00:00", "symbol": "DOGE-USD"}, {"trade_id": 138724844, "side": "buy", "size": "659.80000000", "price": "0.19244000", "time": "2025-07-12T15:38:16.524113Z", "fetched_at": "2025-07-12T15:39:33.535018+00:00", "symbol": "DOGE-USD"}, {"trade_id": 138724843, "side": "buy", "size": "5.80000000", "price": "0.19244000", "time": "2025-07-12T15:38:16.524113Z", "fetched_at": "2025-07-12T15:39:33.535018+00:00", "symbol": "DOGE-USD"}, {"trade_id": 138724842, "side": "buy", "size": "12736.20000000", "price": "0.19247000", "time": "2025-07-12T15:38:16.520699Z", "fetched_at": "2025-07-12T15:39:33.535018+00:00", "symbol": "DOGE-USD"}, {"trade_id": 138724841, "side": "buy", "size": "14.50000000", "price": "0.19248000", "time": "2025-07-12T15:38:16.520699Z", "fetched_at": "2025-07-12T15:39:33.535018+00:00", "symbol": "DOGE-USD"}, {"trade_id": 138724840, "side": "buy", "size": "5.80000000", "price": "0.19248000", "time": "2025-07-12T15:38:16.520699Z", "fetched_at": "2025-07-12T15:39:33.535018+00:00", "symbol": "DOGE-USD"}, {"trade_id": 138724839, "side": "sell", "size": "499.40000000", "price": "0.19250000", "time": "2025-07-12T15:38:16.087391Z", "fetched_at": "2025-07-12T15:39:33.535018+00:00", "symbol": "DOGE-USD"}, {"trade_id": 138724838, "side": "buy", "size": "485.00000000", "price": "0.19251000", "time": "2025-07-12T15:38:14.753508Z", "fetched_at": "2025-07-12T15:39:33.535018+00:00", "symbol": "DOGE-USD"}, {"trade_id": 138724837, "side": "sell", "size": "5.80000000", "price": "0.19260000", "time": "2025-07-12T15:38:11.940469Z", "fetched_at": "2025-07-12T15:39:33.535018+00:00", "symbol": "DOGE-USD"}, {"trade_id": 138724836, "side": "sell", "size": "5.80000000", "price": "0.19256000", "time": "2025-07-12T15:38:11.420104Z", "fetched_at": "2025-07-12T15:39:33.535018+00:00", "symbol": "DOGE-USD"}, {"trade_id": 138724835, "side": "sell", "size": "4955.90000000", "price": "0.19254000", "time": "2025-07-12T15:38:11.398021Z", "fetched_at": "2025-07-12T15:39:33.535018+00:00", "symbol": "DOGE-USD"}, {"trade_id": 138724834, "side": "sell", "size": "20.50000000", "price": "0.19251000", "time": "2025-07-12T15:38:06.991788Z", "fetched_at": "2025-07-12T15:39:33.535018+00:00", "symbol": "DOGE-USD"}, {"trade_id": 138724833, "side": "sell", "size": "96.90000000", "price": "0.19246000", "time": "2025-07-12T15:38:06.841026Z", "fetched_at": "2025-07-12T15:39:33.535018+00:00", "symbol": "DOGE-USD"}, {"trade_id": 138724832, "side": "sell", "size": "315.50000000", "price": "0.19246000", "time": "2025-07-12T15:38:06.184150Z", "fetched_at": "2025-07-12T15:39:33.535018+00:00", "symbol": "DOGE-USD"}, {"trade_id": 138724831, "side": "sell", "size": "1519.00000000", "price": "0.19246000", "time": "2025-07-12T15:38:06.184150Z", "fetched_at": "2025-07-12T15:39:33.535018+00:00", "symbol": "DOGE-USD"}, {"trade_id": 138724830, "side": "sell", "size": "1345.90000000", "price": "0.19245000", "time": "2025-07-12T15:38:06.184150Z", "fetched_at": "2025-07-12T15:39:33.535018+00:00", "symbol": "DOGE-USD"}, {"trade_id": 138724829, "side": "sell", "size": "116.70000000", "price": "0.19244000", "time": "2025-07-12T15:38:06.184150Z", "fetched_at": "2025-07-12T15:39:33.535018+00:00", "symbol": "DOGE-USD"}, {"trade_id": 138724828, "side": "sell", "size": "823.50000000", "price": "0.19243000", "time": "2025-07-12T15:38:06.184150Z", "fetched_at": "2025-07-12T15:39:33.535018+00:00", "symbol": "DOGE-USD"}, {"trade_id": 138724827, "side": "sell", "size": "1343.90000000", "price": "0.19242000", "time": "2025-07-12T15:38:06.184150Z", "fetched_at": "2025-07-12T15:39:33.535018+00:00", "symbol": "DOGE-USD"}, {"trade_id": 138724826, "side": "sell", "size": "272.60000000", "price": "0.19242000", "time": "2025-07-12T15:38:06.184150Z", "fetched_at": "2025-07-12T15:39:33.535018+00:00", "symbol": "DOGE-USD"}, {"trade_id": 138724825, "side": "sell", "size": "262.90000000", "price": "0.19242000", "time": "2025-07-12T15:38:06.184150Z", "fetched_at": "2025-07-12T15:39:33.535018+00:00", "symbol": "DOGE-USD"}, {"trade_id": 138724824, "side": "buy", "size": "5.80000000", "price": "0.19244000", "time": "2025-07-12T15:38:06.111468Z", "fetched_at": "2025-07-12T15:39:33.535018+00:00", "symbol": "DOGE-USD"}, {"trade_id": 138724823, "side": "sell", "size": "251.20000000", "price": "0.19245000", "time": "2025-07-12T15:38:05.345013Z", "fetched_at": "2025-07-12T15:39:33.535018+00:00", "symbol": "DOGE-USD"}, {"trade_id": 138724822, "side": "sell", "size": "262.90000000", "price": "0.19245000", "time": "2025-07-12T15:38:05.345013Z", "fetched_at": "2025-07-12T15:39:33.535018+00:00", "symbol": "DOGE-USD"}, {"trade_id": 138724821, "side": "buy", "size": "5.80000000", "price": "0.19248000", "time": "2025-07-12T15:38:04.554924Z", "fetched_at": "2025-07-12T15:39:33.535018+00:00", "symbol": "DOGE-USD"}, {"trade_id": 138724820, "side": "buy", "size": "5.80000000", "price": "0.19252000", "time": "2025-07-12T15:38:02.914309Z", "fetched_at": "2025-07-12T15:39:33.535018+00:00", "symbol": "DOGE-USD"}, {"trade_id": 138724819, "side": "buy", "size": "5.80000000", "price": "0.19254000", "time": "2025-07-12T15:38:02.651966Z", "fetched_at": "2025-07-12T15:39:33.535018+00:00", "symbol": "DOGE-USD"}, {"trade_id": 138724818, "side": "buy", "size": "5.80000000", "price": "0.19256000", "time": "2025-07-12T15:38:02.641044Z", "fetched_at": "2025-07-12T15:39:33.535018+00:00", "symbol": "DOGE-USD"}, {"trade_id": 138724817, "side": "buy", "size": "5.80000000", "price": "0.19258000", "time": "2025-07-12T15:38:02.628439Z", "fetched_at": "2025-07-12T15:39:33.535018+00:00", "symbol": "DOGE-USD"}, {"trade_id": 138724816, "side": "buy", "size": "659.80000000", "price": "0.19261000", "time": "2025-07-12T15:38:02.542128Z", "fetched_at": "2025-07-12T15:39:33.535018+00:00", "symbol": "DOGE-USD"}, {"trade_id": 138724815, "side": "buy", "size": "823.50000000", "price": "0.19262000", "time": "2025-07-12T15:38:02.453118Z", "fetched_at": "2025-07-12T15:39:33.535018+00:00", "symbol": "DOGE-USD"}, {"trade_id": 138724814, "side": "sell", "size": "5.80000000", "price": "0.19266000", "time": "2025-07-12T15:37:59.772848Z", "fetched_at": "2025-07-12T15:39:33.535018+00:00", "symbol": "DOGE-USD"}, {"trade_id": 138724813, "side": "sell", "size": "5.80000000", "price": "0.19264000", "time": "2025-07-12T15:37:58.986399Z", "fetched_at": "2025-07-12T15:39:33.535018+00:00", "symbol": "DOGE-USD"}, {"trade_id": 138724812, "side": "sell", "size": "5.80000000", "price": "0.19262000", "time": "2025-07-12T15:37:58.569874Z", "fetched_at": "2025-07-12T15:39:33.535018+00:00", "symbol": "DOGE-USD"}, {"trade_id": 138724811, "side": "sell", "size": "5.80000000", "price": "0.19260000", "time": "2025-07-12T15:37:58.197989Z", "fetched_at": "2025-07-12T15:39:33.535018+00:00", "symbol": "DOGE-USD"}, {"trade_id": 138724810, "side": "sell", "size": "1297.60000000", "price": "0.19260000", "time": "2025-07-12T15:37:58.197989Z", "fetched_at": "2025-07-12T15:39:33.535018+00:00", "symbol": "DOGE-USD"}, {"trade_id": 138724809, "side": "sell", "size": "7974.70000000", "price": "0.19260000", "time": "2025-07-12T15:37:57.448047Z", "fetched_at": "2025-07-12T15:39:33.535018+00:00", "symbol": "DOGE-USD"}, {"trade_id": 138724808, "side": "sell", "size": "5106.00000000", "price": "0.19260000", "time": "2025-07-12T15:37:57.442161Z", "fetched_at": "2025-07-12T15:39:33.535018+00:00", "symbol": "DOGE-USD"}, {"trade_id": 138724807, "side": "sell", "size": "13215.90000000", "price": "0.19260000", "time": "2025-07-12T15:37:57.439858Z", "fetched_at": "2025-07-12T15:39:33.535018+00:00", "symbol": "DOGE-USD"}, {"trade_id": 138724806, "side": "sell", "size": "1500.00000000", "price": "0.19260000", "time": "2025-07-12T15:37:57.364929Z", "fetched_at": "2025-07-12T15:39:33.535018+00:00", "symbol": "DOGE-USD"}, {"trade_id": 138724805, "side": "sell", "size": "5250.00000000", "price": "0.19260000", "time": "2025-07-12T15:37:57.364848Z", "fetched_at": "2025-07-12T15:39:33.535018+00:00", "symbol": "DOGE-USD"}, {"trade_id": 138724804, "side": "sell", "size": "74097.90000000", "price": "0.19260000", "time": "2025-07-12T15:37:57.357454Z", "fetched_at": "2025-07-12T15:39:33.535018+00:00", "symbol": "DOGE-USD"}, {"trade_id": 138724803, "side": "sell", "size": "36390.20000000", "price": "0.19260000", "time": "2025-07-12T15:37:57.353953Z", "fetched_at": "2025-07-12T15:39:33.535018+00:00", "symbol": "DOGE-USD"}, {"trade_id": 138724802, "side": "sell", "size": "789.70000000", "price": "0.19260000", "time": "2025-07-12T15:37:56.904081Z", "fetched_at": "2025-07-12T15:39:33.535018+00:00", "symbol": "DOGE-USD"}, {"trade_id": 138724801, "side": "sell", "size": "87921.30000000", "price": "0.19260000", "time": "2025-07-12T15:37:56.897206Z", "fetched_at": "2025-07-12T15:39:33.535018+00:00", "symbol": "DOGE-USD"}, {"trade_id": 138724800, "side": "sell", "size": "195.60000000", "price": "0.19254000", "time": "2025-07-12T15:37:55.294715Z", "fetched_at": "2025-07-12T15:39:33.535018+00:00", "symbol": "DOGE-USD"}, {"trade_id": 138724799, "side": "buy", "size": "10000.00000000", "price": "0.19248000", "time": "2025-07-12T15:37:54.628943Z", "fetched_at": "2025-07-12T15:39:33.535018+00:00", "symbol": "DOGE-USD"}, {"trade_id": 138724798, "side": "buy", "size": "5.80000000", "price": "0.19248000", "time": "2025-07-12T15:37:54.628943Z", "fetched_at": "2025-07-12T15:39:33.535018+00:00", "symbol": "DOGE-USD"}, {"trade_id": 138724797, "side": "buy", "size": "2078.10000000", "price": "0.19248000", "time": "2025-07-12T15:37:54.628943Z", "fetched_at": "2025-07-12T15:39:33.535018+00:00", "symbol": "DOGE-USD"}, {"trade_id": 138724796, "side": "buy", "size": "1932.10000000", "price": "0.19248000", "time": "2025-07-12T15:37:54.628943Z", "fetched_at": "2025-07-12T15:39:33.535018+00:00", "symbol": "DOGE-USD"}, {"trade_id": 138724795, "side": "buy", "size": "2748.80000000", "price": "0.19249000", "time": "2025-07-12T15:37:54.625141Z", "fetched_at": "2025-07-12T15:39:33.535018+00:00", "symbol": "DOGE-USD"}, {"trade_id": 138724794, "side": "buy", "size": "5000.00000000", "price": "0.19249000", "time": "2025-07-12T15:37:54.625141Z", "fetched_at": "2025-07-12T15:39:33.535018+00:00", "symbol": "DOGE-USD"}, {"trade_id": 138724793, "side": "buy", "size": "2500.00000000", "price": "0.19250000", "time": "2025-07-12T15:37:54.625141Z", "fetched_at": "2025-07-12T15:39:33.535018+00:00", "symbol": "DOGE-USD"}, {"trade_id": 138724792, "side": "buy", "size": "2500.00000000", "price": "0.19250000", "time": "2025-07-12T15:37:54.625141Z", "fetched_at": "2025-07-12T15:39:33.535018+00:00", "symbol": "DOGE-USD"}, {"trade_id": 138724791, "side": "buy", "size": "4737.90000000", "price": "0.19250000", "time": "2025-07-12T15:37:54.625141Z", "fetched_at": "2025-07-12T15:39:33.535018+00:00", "symbol": "DOGE-USD"}, {"trade_id": 138724790, "side": "buy", "size": "7.50000000", "price": "0.19252000", "time": "2025-07-12T15:37:54.625141Z", "fetched_at": "2025-07-12T15:39:33.535018+00:00", "symbol": "DOGE-USD"}, {"trade_id": 138724789, "side": "sell", "size": "823.50000000", "price": "0.19258000", "time": "2025-07-12T15:37:53.049365Z", "fetched_at": "2025-07-12T15:39:33.535018+00:00", "symbol": "DOGE-USD"}, {"trade_id": 138724788, "side": "buy", "size": "45873.80000000", "price": "0.19241000", "time": "2025-07-12T15:37:52.966088Z", "fetched_at": "2025-07-12T15:39:33.535018+00:00", "symbol": "DOGE-USD"}, {"trade_id": 138724787, "side": "buy", "size": "1519.00000000", "price": "0.19241000", "time": "2025-07-12T15:37:52.966088Z", "fetched_at": "2025-07-12T15:39:33.535018+00:00", "symbol": "DOGE-USD"}, {"trade_id": 138724786, "side": "buy", "size": "4952.80000000", "price": "0.19241000", "time": "2025-07-12T15:37:52.966088Z", "fetched_at": "2025-07-12T15:39:33.535018+00:00", "symbol": "DOGE-USD"}, {"trade_id": 138724785, "side": "buy", "size": "823.50000000", "price": "0.19241000", "time": "2025-07-12T15:37:52.966088Z", "fetched_at": "2025-07-12T15:39:33.535018+00:00", "symbol": "DOGE-USD"}, {"trade_id": 138724784, "side": "buy", "size": "24860.20000000", "price": "0.19242000", "time": "2025-07-12T15:37:52.966088Z", "fetched_at": "2025-07-12T15:39:33.535018+00:00", "symbol": "DOGE-USD"}, {"trade_id": 138724783, "side": "buy", "size": "1756.90000000", "price": "0.19242000", "time": "2025-07-12T15:37:52.966088Z", "fetched_at": "2025-07-12T15:39:33.535018+00:00", "symbol": "DOGE-USD"}, {"trade_id": 138724782, "side": "buy", "size": "1519.00000000", "price": "0.19242000", "time": "2025-07-12T15:37:52.966088Z", "fetched_at": "2025-07-12T15:39:33.535018+00:00", "symbol": "DOGE-USD"}, {"trade_id": 138724781, "side": "buy", "size": "5.80000000", "price": "0.19242000", "time": "2025-07-12T15:37:52.966088Z", "fetched_at": "2025-07-12T15:39:33.535018+00:00", "symbol": "DOGE-USD"}, {"trade_id": 138724780, "side": "buy", "size": "13400.60000000", "price": "0.19243000", "time": "2025-07-12T15:37:52.966088Z", "fetched_at": "2025-07-12T15:39:33.535018+00:00", "symbol": "DOGE-USD"}, {"trade_id": 138724779, "side": "buy", "size": "1519.00000000", "price": "0.19243000", "time": "2025-07-12T15:37:52.966088Z", "fetched_at": "2025-07-12T15:39:33.535018+00:00", "symbol": "DOGE-USD"}, {"trade_id": 138724778, "side": "buy", "size": "823.50000000", "price": "0.19243000", "time": "2025-07-12T15:37:52.966088Z", "fetched_at": "2025-07-12T15:39:33.535018+00:00", "symbol": "DOGE-USD"}, {"trade_id": 138724777, "side": "buy", "size": "5.80000000", "price": "0.19244000", "time": "2025-07-12T15:37:52.966088Z", "fetched_at": "2025-07-12T15:39:33.535018+00:00", "symbol": "DOGE-USD"}, {"trade_id": 138724776, "side": "buy", "size": "2000.00000000", "price": "0.19245000", "time": "2025-07-12T15:37:52.966088Z", "fetched_at": "2025-07-12T15:39:33.535018+00:00", "symbol": "DOGE-USD"}, {"trade_id": 138724775, "side": "buy", "size": "823.50000000", "price": "0.19245000", "time": "2025-07-12T15:37:52.966088Z", "fetched_at": "2025-07-12T15:39:33.535018+00:00", "symbol": "DOGE-USD"}, {"trade_id": 138724774, "side": "buy", "size": "1519.00000000", "price": "0.19246000", "time": "2025-07-12T15:37:52.966088Z", "fetched_at": "2025-07-12T15:39:33.535018+00:00", "symbol": "DOGE-USD"}, {"trade_id": 138724773, "side": "buy", "size": "21092.00000000", "price": "0.19246000", "time": "2025-07-12T15:37:52.966088Z", "fetched_at": "2025-07-12T15:39:33.535018+00:00", "symbol": "DOGE-USD"}, {"trade_id": 138724772, "side": "buy", "size": "5.80000000", "price": "0.19246000", "time": "2025-07-12T15:37:52.966088Z", "fetched_at": "2025-07-12T15:39:33.535018+00:00", "symbol": "DOGE-USD"}, {"trade_id": 138724771, "side": "buy", "size": "1982.30000000", "price": "0.19247000", "time": "2025-07-12T15:37:52.966088Z", "fetched_at": "2025-07-12T15:39:33.535018+00:00", "symbol": "DOGE-USD"}, {"trade_id": 138724770, "side": "buy", "size": "11966.80000000", "price": "0.19247000", "time": "2025-07-12T15:37:52.966088Z", "fetched_at": "2025-07-12T15:39:33.535018+00:00", "symbol": "DOGE-USD"}, {"trade_id": 138724769, "side": "buy", "size": "1519.00000000", "price": "0.19247000", "time": "2025-07-12T15:37:52.966088Z", "fetched_at": "2025-07-12T15:39:33.535018+00:00", "symbol": "DOGE-USD"}, {"trade_id": 138724768, "side": "buy", "size": "5000.00000000", "price": "0.19248000", "time": "2025-07-12T15:37:52.966088Z", "fetched_at": "2025-07-12T15:39:33.535018+00:00", "symbol": "DOGE-USD"}, {"trade_id": 138724767, "side": "buy", "size": "2500.00000000", "price": "0.19248000", "time": "2025-07-12T15:37:52.966088Z", "fetched_at": "2025-07-12T15:39:33.535018+00:00", "symbol": "DOGE-USD"}, {"trade_id": 138724766, "side": "buy", "size": "1378.60000000", "price": "0.19248000", "time": "2025-07-12T15:37:52.966088Z", "fetched_at": "2025-07-12T15:39:33.535018+00:00", "symbol": "DOGE-USD"}, {"trade_id": 138724765, "side": "buy", "size": "5.80000000", "price": "0.19248000", "time": "2025-07-12T15:37:52.966088Z", "fetched_at": "2025-07-12T15:39:33.535018+00:00", "symbol": "DOGE-USD"}, {"trade_id": 138724764, "side": "buy", "size": "1519.00000000", "price": "0.19248000", "time": "2025-07-12T15:37:52.966088Z", "fetched_at": "2025-07-12T15:39:33.535018+00:00", "symbol": "DOGE-USD"}, {"trade_id": 138724763, "side": "buy", "size": "2734.70000000", "price": "0.19249000", "time": "2025-07-12T15:37:52.966088Z", "fetched_at": "2025-07-12T15:39:33.535018+00:00", "symbol": "DOGE-USD"}, {"trade_id": 138724762, "side": "buy", "size": "2121.80000000", "price": "0.19249000", "time": "2025-07-12T15:37:52.966088Z", "fetched_at": "2025-07-12T15:39:33.535018+00:00", "symbol": "DOGE-USD"}, {"trade_id": 138724761, "side": "buy", "size": "1519.00000000", "price": "0.19249000", "time": "2025-07-12T15:37:52.966088Z", "fetched_at": "2025-07-12T15:39:33.535018+00:00", "symbol": "DOGE-USD"}, {"trade_id": 138724760, "side": "buy", "size": "10000.00000000", "price": "0.19249000", "time": "2025-07-12T15:37:52.966088Z", "fetched_at": "2025-07-12T15:39:33.535018+00:00", "symbol": "DOGE-USD"}, {"trade_id": 138724759, "side": "buy", "size": "4481.00000000", "price": "0.19250000", "time": "2025-07-12T15:37:52.966088Z", "fetched_at": "2025-07-12T15:39:33.535018+00:00", "symbol": "DOGE-USD"}, {"trade_id": 138724758, "side": "buy", "size": "1519.00000000", "price": "0.19250000", "time": "2025-07-12T15:37:52.966088Z", "fetched_at": "2025-07-12T15:39:33.535018+00:00", "symbol": "DOGE-USD"}, {"trade_id": 138724757, "side": "buy", "size": "3434.80000000", "price": "0.19252000", "time": "2025-07-12T15:37:52.966088Z", "fetched_at": "2025-07-12T15:39:33.535018+00:00", "symbol": "DOGE-USD"}, {"trade_id": 138724756, "side": "buy", "size": "3434.80000000", "price": "0.19253000", "time": "2025-07-12T15:37:52.966088Z", "fetched_at": "2025-07-12T15:39:33.535018+00:00", "symbol": "DOGE-USD"}, {"trade_id": 138724755, "side": "buy", "size": "659.80000000", "price": "0.19253000", "time": "2025-07-12T15:37:52.966088Z", "fetched_at": "2025-07-12T15:39:33.535018+00:00", "symbol": "DOGE-USD"}, {"trade_id": 138724754, "side": "buy", "size": "1273.60000000", "price": "0.19254000", "time": "2025-07-12T15:37:52.966088Z", "fetched_at": "2025-07-12T15:39:33.535018+00:00", "symbol": "DOGE-USD"}, {"trade_id": 138724753, "side": "buy", "size": "5.80000000", "price": "0.19254000", "time": "2025-07-12T15:37:52.966088Z", "fetched_at": "2025-07-12T15:39:33.535018+00:00", "symbol": "DOGE-USD"}, {"trade_id": 138724752, "side": "buy", "size": "1246.40000000", "price": "0.19255000", "time": "2025-07-12T15:37:52.966088Z", "fetched_at": "2025-07-12T15:39:33.535018+00:00", "symbol": "DOGE-USD"}, {"trade_id": 138724751, "side": "buy", "size": "1328.00000000", "price": "0.19255000", "time": "2025-07-12T15:37:52.966088Z", "fetched_at": "2025-07-12T15:39:33.535018+00:00", "symbol": "DOGE-USD"}, {"trade_id": 138724750, "side": "buy", "size": "9.30000000", "price": "0.19256000", "time": "2025-07-12T15:37:52.966088Z", "fetched_at": "2025-07-12T15:39:33.535018+00:00", "symbol": "DOGE-USD"}, {"trade_id": 138724749, "side": "sell", "size": "5.80000000", "price": "0.19260000", "time": "2025-07-12T15:37:52.028060Z", "fetched_at": "2025-07-12T15:39:33.535018+00:00", "symbol": "DOGE-USD"}, {"trade_id": 138724748, "side": "sell", "size": "499.00000000", "price": "0.19259000", "time": "2025-07-12T15:37:50.700586Z", "fetched_at": "2025-07-12T15:39:33.535018+00:00", "symbol": "DOGE-USD"}, {"trade_id": 138724747, "side": "sell", "size": "5.80000000", "price": "0.19258000", "time": "2025-07-12T15:37:50.700586Z", "fetched_at": "2025-07-12T15:39:33.535018+00:00", "symbol": "DOGE-USD"}, {"trade_id": 138724746, "side": "buy", "size": "236.50000000", "price": "0.19257000", "time": "2025-07-12T15:37:50.151913Z", "fetched_at": "2025-07-12T15:39:33.535018+00:00", "symbol": "DOGE-USD"}, {"trade_id": 138724745, "side": "sell", "size": "5.80000000", "price": "0.19256000", "time": "2025-07-12T15:37:49.940477Z", "fetched_at": "2025-07-12T15:39:33.535018+00:00", "symbol": "DOGE-USD"}, {"trade_id": 138724744, "side": "sell", "size": "5.80000000", "price": "0.19254000", "time": "2025-07-12T15:37:49.914136Z", "fetched_at": "2025-07-12T15:39:33.535018+00:00", "symbol": "DOGE-USD"}, {"trade_id": 138724743, "side": "sell", "size": "229.00000000", "price": "0.19254000", "time": "2025-07-12T15:37:49.914136Z", "fetched_at": "2025-07-12T15:39:33.535018+00:00", "symbol": "DOGE-USD"}, {"trade_id": 138724742, "side": "sell", "size": "5.80000000", "price": "0.19252000", "time": "2025-07-12T15:37:49.798356Z", "fetched_at": "2025-07-12T15:39:33.535018+00:00", "symbol": "DOGE-USD"}, {"trade_id": 138724741, "side": "buy", "size": "1183.70000000", "price": "0.19252000", "time": "2025-07-12T15:37:45.617857Z", "fetched_at": "2025-07-12T15:39:33.535018+00:00", "symbol": "DOGE-USD"}, {"trade_id": 138724740, "side": "buy", "size": "7.80000000", "price": "0.19253000", "time": "2025-07-12T15:37:45.617857Z", "fetched_at": "2025-07-12T15:39:33.535018+00:00", "symbol": "DOGE-USD"}, {"trade_id": 138724739, "side": "sell", "size": "74.00000000", "price": "0.19254000", "time": "2025-07-12T15:37:45.297172Z", "fetched_at": "2025-07-12T15:39:33.535018+00:00", "symbol": "DOGE-USD"}, {"trade_id": 138724738, "side": "sell", "size": "5.80000000", "price": "0.19252000", "time": "2025-07-12T15:37:44.227625Z", "fetched_at": "2025-07-12T15:39:33.535018+00:00", "symbol": "DOGE-USD"}, {"trade_id": 138724737, "side": "sell", "size": "5.80000000", "price": "0.19250000", "time": "2025-07-12T15:37:44.192877Z", "fetched_at": "2025-07-12T15:39:33.535018+00:00", "symbol": "DOGE-USD"}, {"trade_id": 138724736, "side": "sell", "size": "1265.00000000", "price": "0.19249000", "time": "2025-07-12T15:37:43.646718Z", "fetched_at": "2025-07-12T15:39:33.535018+00:00", "symbol": "DOGE-USD"}, {"trade_id": 138724735, "side": "sell", "size": "1308.00000000", "price": "0.19249000", "time": "2025-07-12T15:37:43.646718Z", "fetched_at": "2025-07-12T15:39:33.535018+00:00", "symbol": "DOGE-USD"}, {"trade_id": 138724734, "side": "sell", "size": "48.20000000", "price": "0.19249000", "time": "2025-07-12T15:37:43.629741Z", "fetched_at": "2025-07-12T15:39:33.535018+00:00", "symbol": "DOGE-USD"}, {"trade_id": 138724733, "side": "sell", "size": "61.60000000", "price": "0.19249000", "time": "2025-07-12T15:37:43.629741Z", "fetched_at": "2025-07-12T15:39:33.535018+00:00", "symbol": "DOGE-USD"}, {"trade_id": 138724732, "side": "buy", "size": "659.80000000", "price": "0.19248000", "time": "2025-07-12T15:37:42.673671Z", "fetched_at": "2025-07-12T15:39:33.535018+00:00", "symbol": "DOGE-USD"}, {"trade_id": 138724731, "side": "sell", "size": "5.80000000", "price": "0.19248000", "time": "2025-07-12T15:37:41.647818Z", "fetched_at": "2025-07-12T15:39:33.535018+00:00", "symbol": "DOGE-USD"}, {"trade_id": 138724730, "side": "sell", "size": "5.80000000", "price": "0.19246000", "time": "2025-07-12T15:37:41.542184Z", "fetched_at": "2025-07-12T15:39:33.535018+00:00", "symbol": "DOGE-USD"}, {"trade_id": 138724729, "side": "sell", "size": "5.80000000", "price": "0.19244000", "time": "2025-07-12T15:37:39.697605Z", "fetched_at": "2025-07-12T15:39:33.535018+00:00", "symbol": "DOGE-USD"}, {"trade_id": 138724728, "side": "sell", "size": "5.80000000", "price": "0.19242000", "time": "2025-07-12T15:37:39.605496Z", "fetched_at": "2025-07-12T15:39:33.535018+00:00", "symbol": "DOGE-USD"}, {"trade_id": 138724727, "side": "sell", "size": "5.80000000", "price": "0.19240000", "time": "2025-07-12T15:37:39.431649Z", "fetched_at": "2025-07-12T15:39:33.535018+00:00", "symbol": "DOGE-USD"}, {"trade_id": 138724726, "side": "buy", "size": "262.90000000", "price": "0.19238000", "time": "2025-07-12T15:37:38.751069Z", "fetched_at": "2025-07-12T15:39:33.535018+00:00", "symbol": "DOGE-USD"}, {"trade_id": 138724725, "side": "sell", "size": "1068.00000000", "price": "0.19239000", "time": "2025-07-12T15:37:38.606993Z", "fetched_at": "2025-07-12T15:39:33.535018+00:00", "symbol": "DOGE-USD"}, {"trade_id": 138724724, "side": "sell", "size": "1324.20000000", "price": "0.19239000", "time": "2025-07-12T15:37:38.606993Z", "fetched_at": "2025-07-12T15:39:33.535018+00:00", "symbol": "DOGE-USD"}, {"trade_id": 138724723, "side": "sell", "size": "63.50000000", "price": "0.19238000", "time": "2025-07-12T15:37:38.606993Z", "fetched_at": "2025-07-12T15:39:33.535018+00:00", "symbol": "DOGE-USD"}, {"trade_id": 138724722, "side": "sell", "size": "1519.00000000", "price": "0.19239000", "time": "2025-07-12T15:37:38.577402Z", "fetched_at": "2025-07-12T15:39:33.535018+00:00", "symbol": "DOGE-USD"}, {"trade_id": 138724721, "side": "sell", "size": "63.50000000", "price": "0.19238000", "time": "2025-07-12T15:37:38.577402Z", "fetched_at": "2025-07-12T15:39:33.535018+00:00", "symbol": "DOGE-USD"}, {"trade_id": 138724720, "side": "sell", "size": "1308.70000000", "price": "0.19238000", "time": "2025-07-12T15:37:38.577402Z", "fetched_at": "2025-07-12T15:39:33.535018+00:00", "symbol": "DOGE-USD"}, {"trade_id": 138724719, "side": "buy", "size": "1233.20000000", "price": "0.19235000", "time": "2025-07-12T15:37:36.817109Z", "fetched_at": "2025-07-12T15:39:33.535018+00:00", "symbol": "DOGE-USD"}, {"trade_id": 138724718, "side": "buy", "size": "1317.70000000", "price": "0.19236000", "time": "2025-07-12T15:37:36.817109Z", "fetched_at": "2025-07-12T15:39:33.535018+00:00", "symbol": "DOGE-USD"}, {"trade_id": 138724717, "side": "buy", "size": "659.80000000", "price": "0.19237000", "time": "2025-07-12T15:37:36.817109Z", "fetched_at": "2025-07-12T15:39:33.535018+00:00", "symbol": "DOGE-USD"}, {"trade_id": 138724716, "side": "buy", "size": "1310.00000000", "price": "0.19239000", "time": "2025-07-12T15:37:36.817109Z", "fetched_at": "2025-07-12T15:39:33.535018+00:00", "symbol": "DOGE-USD"}, {"trade_id": 138724715, "side": "buy", "size": "1374.40000000", "price": "0.19239000", "time": "2025-07-12T15:37:36.817109Z", "fetched_at": "2025-07-12T15:39:33.535018+00:00", "symbol": "DOGE-USD"}, {"trade_id": 138724714, "side": "sell", "size": "5.80000000", "price": "0.19238000", "time": "2025-07-12T15:37:36.625384Z", "fetched_at": "2025-07-12T15:39:33.535018+00:00", "symbol": "DOGE-USD"}, {"trade_id": 138724713, "side": "sell", "size": "5.80000000", "price": "0.19236000", "time": "2025-07-12T15:37:35.527120Z", "fetched_at": "2025-07-12T15:39:33.535018+00:00", "symbol": "DOGE-USD"}, {"trade_id": 138724712, "side": "sell", "size": "649.10000000", "price": "0.19235000", "time": "2025-07-12T15:37:35.514487Z", "fetched_at": "2025-07-12T15:39:33.535018+00:00", "symbol": "DOGE-USD"}, {"trade_id": 138724711, "side": "sell", "size": "209.70000000", "price": "0.19235000", "time": "2025-07-12T15:37:35.495283Z", "fetched_at": "2025-07-12T15:39:33.535018+00:00", "symbol": "DOGE-USD"}, {"trade_id": 138724710, "side": "sell", "size": "231.10000000", "price": "0.19235000", "time": "2025-07-12T15:37:35.479731Z", "fetched_at": "2025-07-12T15:39:33.535018+00:00", "symbol": "DOGE-USD"}, {"trade_id": 138724709, "side": "sell", "size": "5.80000000", "price": "0.19232000", "time": "2025-07-12T15:37:35.259563Z", "fetched_at": "2025-07-12T15:39:33.535018+00:00", "symbol": "DOGE-USD"}, {"trade_id": 138724708, "side": "buy", "size": "1204.90000000", "price": "0.19226000", "time": "2025-07-12T15:37:34.184352Z", "fetched_at": "2025-07-12T15:39:33.535018+00:00", "symbol": "DOGE-USD"}, {"trade_id": 138724707, "side": "buy", "size": "659.80000000", "price": "0.19226000", "time": "2025-07-12T15:37:34.184352Z", "fetched_at": "2025-07-12T15:39:33.535018+00:00", "symbol": "DOGE-USD"}, {"trade_id": 138724706, "side": "buy", "size": "5.80000000", "price": "0.19214000", "time": "2025-07-12T15:37:32.366302Z", "fetched_at": "2025-07-12T15:39:33.535018+00:00", "symbol": "DOGE-USD"}, {"trade_id": 138724705, "side": "buy", "size": "25.00000000", "price": "0.19214000", "time": "2025-07-12T15:37:32.366302Z", "fetched_at": "2025-07-12T15:39:33.535018+00:00", "symbol": "DOGE-USD"}, {"trade_id": 138724704, "side": "buy", "size": "377.40000000", "price": "0.19215000", "time": "2025-07-12T15:37:32.366160Z", "fetched_at": "2025-07-12T15:39:33.535018+00:00", "symbol": "DOGE-USD"}, {"trade_id": 138724703, "side": "buy", "size": "702.20000000", "price": "0.19216000", "time": "2025-07-12T15:37:32.366160Z", "fetched_at": "2025-07-12T15:39:33.535018+00:00", "symbol": "DOGE-USD"}, {"trade_id": 138724702, "side": "buy", "size": "5.80000000", "price": "0.19216000", "time": "2025-07-12T15:37:32.366160Z", "fetched_at": "2025-07-12T15:39:33.535018+00:00", "symbol": "DOGE-USD"}, {"trade_id": 138724701, "side": "buy", "size": "219.30000000", "price": "0.19216000", "time": "2025-07-12T15:37:32.366160Z", "fetched_at": "2025-07-12T15:39:33.535018+00:00", "symbol": "DOGE-USD"}, {"trade_id": 138724700, "side": "buy", "size": "5.80000000", "price": "0.19218000", "time": "2025-07-12T15:37:32.366160Z", "fetched_at": "2025-07-12T15:39:33.535018+00:00", "symbol": "DOGE-USD"}, {"trade_id": 138724699, "side": "buy", "size": "6.60000000", "price": "0.19219000", "time": "2025-07-12T15:37:32.366160Z", "fetched_at": "2025-07-12T15:39:33.535018+00:00", "symbol": "DOGE-USD"}, {"trade_id": 138724698, "side": "buy", "size": "1411.30000000", "price": "0.19220000", "time": "2025-07-12T15:37:32.366160Z", "fetched_at": "2025-07-12T15:39:33.535018+00:00", "symbol": "DOGE-USD"}, {"trade_id": 138724697, "side": "buy", "size": "5.80000000", "price": "0.19220000", "time": "2025-07-12T15:37:32.366160Z", "fetched_at": "2025-07-12T15:39:33.535018+00:00", "symbol": "DOGE-USD"}, {"trade_id": 138724696, "side": "buy", "size": "5.80000000", "price": "0.19222000", "time": "2025-07-12T15:37:32.360659Z", "fetched_at": "2025-07-12T15:39:33.535018+00:00", "symbol": "DOGE-USD"}, {"trade_id": 138724695, "side": "buy", "size": "14.60000000", "price": "0.19223000", "time": "2025-07-12T15:37:32.360659Z", "fetched_at": "2025-07-12T15:39:33.535018+00:00", "symbol": "DOGE-USD"}, {"trade_id": 138724694, "side": "buy", "size": "5.80000000", "price": "0.19224000", "time": "2025-07-12T15:37:32.360659Z", "fetched_at": "2025-07-12T15:39:33.535018+00:00", "symbol": "DOGE-USD"}, {"trade_id": 138724693, "side": "sell", "size": "789.70000000", "price": "0.19225000", "time": "2025-07-12T15:37:31.841573Z", "fetched_at": "2025-07-12T15:39:33.535018+00:00", "symbol": "DOGE-USD"}, {"trade_id": 138724692, "side": "sell", "size": "252.60000000", "price": "0.19225000", "time": "2025-07-12T15:37:31.840835Z", "fetched_at": "2025-07-12T15:39:33.535018+00:00", "symbol": "DOGE-USD"}, {"trade_id": 138724691, "side": "buy", "size": "5.80000000", "price": "0.19226000", "time": "2025-07-12T15:37:31.633721Z", "fetched_at": "2025-07-12T15:39:33.535018+00:00", "symbol": "DOGE-USD"}, {"trade_id": 138724690, "side": "buy", "size": "110.30000000", "price": "0.19229000", "time": "2025-07-12T15:37:30.130595Z", "fetched_at": "2025-07-12T15:39:33.535018+00:00", "symbol": "DOGE-USD"}, {"trade_id": 138724689, "side": "buy", "size": "15.70000000", "price": "0.19230000", "time": "2025-07-12T15:37:30.130595Z", "fetched_at": "2025-07-12T15:39:33.535018+00:00", "symbol": "DOGE-USD"}, {"trade_id": 138724688, "side": "buy", "size": "1205.40000000", "price": "0.19227000", "time": "2025-07-12T15:37:28.553427Z", "fetched_at": "2025-07-12T15:39:33.535018+00:00", "symbol": "DOGE-USD"}, {"trade_id": 138724687, "side": "buy", "size": "18.90000000", "price": "0.19228000", "time": "2025-07-12T15:37:28.553427Z", "fetched_at": "2025-07-12T15:39:33.535018+00:00", "symbol": "DOGE-USD"}, {"trade_id": 138724686, "side": "buy", "size": "659.80000000", "price": "0.19228000", "time": "2025-07-12T15:37:28.553427Z", "fetched_at": "2025-07-12T15:39:33.535018+00:00", "symbol": "DOGE-USD"}, {"trade_id": 138724685, "side": "buy", "size": "5.80000000", "price": "0.19230000", "time": "2025-07-12T15:37:28.553427Z", "fetched_at": "2025-07-12T15:39:33.535018+00:00", "symbol": "DOGE-USD"}, {"trade_id": 138724684, "side": "buy", "size": "1.30000000", "price": "0.19234000", "time": "2025-07-12T15:37:28.553427Z", "fetched_at": "2025-07-12T15:39:33.535018+00:00", "symbol": "DOGE-USD"}, {"trade_id": 138724683, "side": "sell", "size": "659.80000000", "price": "0.19232000", "time": "2025-07-12T15:37:27.596127Z", "fetched_at": "2025-07-12T15:39:33.535018+00:00", "symbol": "DOGE-USD"}, {"trade_id": 138724682, "side": "sell", "size": "116.80000000", "price": "0.19230000", "time": "2025-07-12T15:37:27.595831Z", "fetched_at": "2025-07-12T15:39:33.535018+00:00", "symbol": "DOGE-USD"}, {"trade_id": 138724681, "side": "sell", "size": "789.70000000", "price": "0.19229000", "time": "2025-07-12T15:37:27.590586Z", "fetched_at": "2025-07-12T15:39:33.535018+00:00", "symbol": "DOGE-USD"}, {"trade_id": 138724680, "side": "buy", "size": "151.40000000", "price": "0.19229000", "time": "2025-07-12T15:37:23.270699Z", "fetched_at": "2025-07-12T15:39:33.535018+00:00", "symbol": "DOGE-USD"}, {"trade_id": 138724679, "side": "sell", "size": "42720.10000000", "price": "0.19229000", "time": "2025-07-12T15:37:22.360991Z", "fetched_at": "2025-07-12T15:39:33.535018+00:00", "symbol": "DOGE-USD"}, {"trade_id": 138724678, "side": "sell", "size": "116.80000000", "price": "0.19228000", "time": "2025-07-12T15:37:22.360991Z", "fetched_at": "2025-07-12T15:39:33.535018+00:00", "symbol": "DOGE-USD"}, {"trade_id": 138724677, "side": "sell", "size": "75.60000000", "price": "0.19222000", "time": "2025-07-12T15:37:22.284705Z", "fetched_at": "2025-07-12T15:39:33.535018+00:00", "symbol": "DOGE-USD"}, {"trade_id": 138724676, "side": "buy", "size": "183.00000000", "price": "0.19221000", "time": "2025-07-12T15:37:22.262583Z", "fetched_at": "2025-07-12T15:39:33.535018+00:00", "symbol": "DOGE-USD"}, {"trade_id": 138724675, "side": "sell", "size": "394.30000000", "price": "0.19221000", "time": "2025-07-12T15:37:22.261510Z", "fetched_at": "2025-07-12T15:39:33.535018+00:00", "symbol": "DOGE-USD"}, {"trade_id": 138724674, "side": "buy", "size": "1318.90000000", "price": "0.19222000", "time": "2025-07-12T15:37:22.257748Z", "fetched_at": "2025-07-12T15:39:33.535018+00:00", "symbol": "DOGE-USD"}, {"trade_id": 138724673, "side": "buy", "size": "25683.70000000", "price": "0.19221000", "time": "2025-07-12T15:37:22.251733Z", "fetched_at": "2025-07-12T15:39:33.535018+00:00", "symbol": "DOGE-USD"}, {"trade_id": 138724672, "side": "buy", "size": "17547.10000000", "price": "0.19221000", "time": "2025-07-12T15:37:22.251099Z", "fetched_at": "2025-07-12T15:39:33.535018+00:00", "symbol": "DOGE-USD"}, {"trade_id": 138724671, "side": "buy", "size": "1519.00000000", "price": "0.19221000", "time": "2025-07-12T15:37:22.251099Z", "fetched_at": "2025-07-12T15:39:33.535018+00:00", "symbol": "DOGE-USD"}, {"trade_id": 138724670, "side": "buy", "size": "823.50000000", "price": "0.19221000", "time": "2025-07-12T15:37:22.251099Z", "fetched_at": "2025-07-12T15:39:33.535018+00:00", "symbol": "DOGE-USD"}, {"trade_id": 138724669, "side": "buy", "size": "24860.20000000", "price": "0.19221000", "time": "2025-07-12T15:37:22.251099Z", "fetched_at": "2025-07-12T15:39:33.535018+00:00", "symbol": "DOGE-USD"}, {"trade_id": 138724668, "side": "buy", "size": "4233.10000000", "price": "0.19222000", "time": "2025-07-12T15:37:22.251099Z", "fetched_at": "2025-07-12T15:39:33.535018+00:00", "symbol": "DOGE-USD"}, {"trade_id": 138724667, "side": "buy", "size": "5.80000000", "price": "0.19222000", "time": "2025-07-12T15:37:22.251099Z", "fetched_at": "2025-07-12T15:39:33.535018+00:00", "symbol": "DOGE-USD"}, {"trade_id": 138724666, "side": "buy", "size": "66.90000000", "price": "0.19222000", "time": "2025-07-12T15:37:22.251099Z", "fetched_at": "2025-07-12T15:39:33.535018+00:00", "symbol": "DOGE-USD"}, {"trade_id": 138724665, "side": "buy", "size": "398.80000000", "price": "0.19223000", "time": "2025-07-12T15:37:22.251099Z", "fetched_at": "2025-07-12T15:39:33.535018+00:00", "symbol": "DOGE-USD"}, {"trade_id": 138724664, "side": "buy", "size": "1120.20000000", "price": "0.19223000", "time": "2025-07-12T15:37:22.250765Z", "fetched_at": "2025-07-12T15:39:33.535018+00:00", "symbol": "DOGE-USD"}, {"trade_id": 138724663, "side": "buy", "size": "823.50000000", "price": "0.19223000", "time": "2025-07-12T15:37:22.250021Z", "fetched_at": "2025-07-12T15:39:33.535018+00:00", "symbol": "DOGE-USD"}, {"trade_id": 138724662, "side": "buy", "size": "287.60000000", "price": "0.19223000", "time": "2025-07-12T15:37:22.250021Z", "fetched_at": "2025-07-12T15:39:33.535018+00:00", "symbol": "DOGE-USD"}, {"trade_id": 138724661, "side": "buy", "size": "9.10000000", "price": "0.19223000", "time": "2025-07-12T15:37:22.250021Z", "fetched_at": "2025-07-12T15:39:33.535018+00:00", "symbol": "DOGE-USD"}, {"trade_id": 138724660, "side": "buy", "size": "21372.40000000", "price": "0.19224000", "time": "2025-07-12T15:37:22.249793Z", "fetched_at": "2025-07-12T15:39:33.535018+00:00", "symbol": "DOGE-USD"}, {"trade_id": 138724659, "side": "buy", "size": "2000.00000000", "price": "0.19224000", "time": "2025-07-12T15:37:22.249793Z", "fetched_at": "2025-07-12T15:39:33.535018+00:00", "symbol": "DOGE-USD"}, {"trade_id": 138724658, "side": "buy", "size": "2080.40000000", "price": "0.19224000", "time": "2025-07-12T15:37:22.249793Z", "fetched_at": "2025-07-12T15:39:33.535018+00:00", "symbol": "DOGE-USD"}, {"trade_id": 138724657, "side": "buy", "size": "5.80000000", "price": "0.19224000", "time": "2025-07-12T15:37:22.249793Z", "fetched_at": "2025-07-12T15:39:33.535018+00:00", "symbol": "DOGE-USD"}, {"trade_id": 138724656, "side": "buy", "size": "1362.00000000", "price": "0.19225000", "time": "2025-07-12T15:37:22.249611Z", "fetched_at": "2025-07-12T15:39:33.535018+00:00", "symbol": "DOGE-USD"}, {"trade_id": 138724655, "side": "buy", "size": "1805.80000000", "price": "0.19225000", "time": "2025-07-12T15:37:22.249611Z", "fetched_at": "2025-07-12T15:39:33.535018+00:00", "symbol": "DOGE-USD"}, {"trade_id": 138724654, "side": "buy", "size": "823.50000000", "price": "0.19225000", "time": "2025-07-12T15:37:22.249611Z", "fetched_at": "2025-07-12T15:39:33.535018+00:00", "symbol": "DOGE-USD"}, {"trade_id": 138724653, "side": "buy", "size": "11392.60000000", "price": "0.19225000", "time": "2025-07-12T15:37:22.249611Z", "fetched_at": "2025-07-12T15:39:33.535018+00:00", "symbol": "DOGE-USD"}, {"trade_id": 138724652, "side": "buy", "size": "1578.70000000", "price": "0.19225000", "time": "2025-07-12T15:37:22.248763Z", "fetched_at": "2025-07-12T15:39:33.535018+00:00", "symbol": "DOGE-USD"}, {"trade_id": 138724651, "side": "buy", "size": "456.10000000", "price": "0.19225000", "time": "2025-07-12T15:37:22.248763Z", "fetched_at": "2025-07-12T15:39:33.535018+00:00", "symbol": "DOGE-USD"}, {"trade_id": 138724650, "side": "buy", "size": "41.60000000", "price": "0.19225000", "time": "2025-07-12T15:37:22.248763Z", "fetched_at": "2025-07-12T15:39:33.535018+00:00", "symbol": "DOGE-USD"}, {"trade_id": 138724649, "side": "buy", "size": "6.30000000", "price": "0.19225000", "time": "2025-07-12T15:37:22.248763Z", "fetched_at": "2025-07-12T15:39:33.535018+00:00", "symbol": "DOGE-USD"}, {"trade_id": 138724648, "side": "buy", "size": "5.80000000", "price": "0.19226000", "time": "2025-07-12T15:37:22.248763Z", "fetched_at": "2025-07-12T15:39:33.535018+00:00", "symbol": "DOGE-USD"}, {"trade_id": 138724647, "side": "buy", "size": "329.00000000", "price": "0.19226000", "time": "2025-07-12T15:37:22.248763Z", "fetched_at": "2025-07-12T15:39:33.535018+00:00", "symbol": "DOGE-USD"}, {"trade_id": 138724646, "side": "buy", "size": "1.40000000", "price": "0.19226000", "time": "2025-07-12T15:37:22.248763Z", "fetched_at": "2025-07-12T15:39:33.535018+00:00", "symbol": "DOGE-USD"}, {"trade_id": 138724645, "side": "buy", "size": "344.20000000", "price": "0.19226000", "time": "2025-07-12T15:37:22.248763Z", "fetched_at": "2025-07-12T15:39:33.535018+00:00", "symbol": "DOGE-USD"}, {"trade_id": 138724644, "side": "buy", "size": "823.50000000", "price": "0.19227000", "time": "2025-07-12T15:37:22.248763Z", "fetched_at": "2025-07-12T15:39:33.535018+00:00", "symbol": "DOGE-USD"}, {"trade_id": 138724643, "side": "buy", "size": "2223.10000000", "price": "0.19228000", "time": "2025-07-12T15:37:22.248763Z", "fetched_at": "2025-07-12T15:39:33.535018+00:00", "symbol": "DOGE-USD"}, {"trade_id": 138724642, "side": "buy", "size": "2776.90000000", "price": "0.19228000", "time": "2025-07-12T15:37:22.248206Z", "fetched_at": "2025-07-12T15:39:33.535018+00:00", "symbol": "DOGE-USD"}, {"trade_id": 138724641, "side": "buy", "size": "2500.00000000", "price": "0.19228000", "time": "2025-07-12T15:37:22.248206Z", "fetched_at": "2025-07-12T15:39:33.535018+00:00", "symbol": "DOGE-USD"}, {"trade_id": 138724640, "side": "buy", "size": "10000.00000000", "price": "0.19228000", "time": "2025-07-12T15:37:22.248206Z", "fetched_at": "2025-07-12T15:39:33.535018+00:00", "symbol": "DOGE-USD"}, {"trade_id": 138724639, "side": "buy", "size": "541.10000000", "price": "0.19228000", "time": "2025-07-12T15:37:22.248206Z", "fetched_at": "2025-07-12T15:39:33.535018+00:00", "symbol": "DOGE-USD"}, {"trade_id": 138724638, "side": "buy", "size": "5.80000000", "price": "0.19228000", "time": "2025-07-12T15:37:22.248206Z", "fetched_at": "2025-07-12T15:39:33.535018+00:00", "symbol": "DOGE-USD"}, {"trade_id": 138724637, "side": "buy", "size": "500.00000000", "price": "0.19229000", "time": "2025-07-12T15:37:22.248206Z", "fetched_at": "2025-07-12T15:39:33.535018+00:00", "symbol": "DOGE-USD"}, {"trade_id": 138724636, "side": "buy", "size": "823.50000000", "price": "0.19229000", "time": "2025-07-12T15:37:22.248206Z", "fetched_at": "2025-07-12T15:39:33.535018+00:00", "symbol": "DOGE-USD"}, {"trade_id": 138724635, "side": "buy", "size": "126.90000000", "price": "0.19229000", "time": "2025-07-12T15:37:22.248206Z", "fetched_at": "2025-07-12T15:39:33.535018+00:00", "symbol": "DOGE-USD"}, {"trade_id": 138724634, "side": "buy", "size": "119.70000000", "price": "0.19229000", "time": "2025-07-12T15:37:22.248206Z", "fetched_at": "2025-07-12T15:39:33.535018+00:00", "symbol": "DOGE-USD"}, {"trade_id": 138724633, "side": "buy", "size": "5.80000000", "price": "0.19230000", "time": "2025-07-12T15:37:22.248206Z", "fetched_at": "2025-07-12T15:39:33.535018+00:00", "symbol": "DOGE-USD"}, {"trade_id": 138724632, "side": "buy", "size": "259.10000000", "price": "0.19230000", "time": "2025-07-12T15:37:22.248206Z", "fetched_at": "2025-07-12T15:39:33.535018+00:00", "symbol": "DOGE-USD"}, {"trade_id": 138724631, "side": "buy", "size": "388.10000000", "price": "0.19231000", "time": "2025-07-12T15:37:22.248206Z", "fetched_at": "2025-07-12T15:39:33.535018+00:00", "symbol": "DOGE-USD"}, {"trade_id": 138724630, "side": "buy", "size": "5.80000000", "price": "0.19232000", "time": "2025-07-12T15:37:22.247939Z", "fetched_at": "2025-07-12T15:39:33.535018+00:00", "symbol": "DOGE-USD"}, {"trade_id": 138724629, "side": "buy", "size": "7.80000000", "price": "0.19233000", "time": "2025-07-12T15:37:22.247939Z", "fetched_at": "2025-07-12T15:39:33.535018+00:00", "symbol": "DOGE-USD"}, {"trade_id": 138724628, "side": "buy", "size": "652.00000000", "price": "0.19233000", "time": "2025-07-12T15:37:22.246960Z", "fetched_at": "2025-07-12T15:39:33.535018+00:00", "symbol": "DOGE-USD"}, {"trade_id": 138724627, "side": "buy", "size": "659.80000000", "price": "0.19234000", "time": "2025-07-12T15:37:22.246960Z", "fetched_at": "2025-07-12T15:39:33.535018+00:00", "symbol": "DOGE-USD"}, {"trade_id": 138724626, "side": "buy", "size": "39.90000000", "price": "0.19235000", "time": "2025-07-12T15:37:22.246960Z", "fetched_at": "2025-07-12T15:39:33.535018+00:00", "symbol": "DOGE-USD"}, {"trade_id": 138724625, "side": "buy", "size": "10.80000000", "price": "0.19236000", "time": "2025-07-12T15:37:22.246960Z", "fetched_at": "2025-07-12T15:39:33.535018+00:00", "symbol": "DOGE-USD"}, {"trade_id": 138724624, "side": "sell", "size": "789.70000000", "price": "0.19237000", "time": "2025-07-12T15:37:21.832863Z", "fetched_at": "2025-07-12T15:39:33.535018+00:00", "symbol": "DOGE-USD"}, {"trade_id": 138724623, "side": "buy", "size": "5.80000000", "price": "0.19234000", "time": "2025-07-12T15:37:21.456297Z", "fetched_at": "2025-07-12T15:39:33.535018+00:00", "symbol": "DOGE-USD"}, {"trade_id": 138724622, "side": "buy", "size": "55.70000000", "price": "0.19235000", "time": "2025-07-12T15:37:21.456297Z", "fetched_at": "2025-07-12T15:39:33.535018+00:00", "symbol": "DOGE-USD"}, {"trade_id": 138724621, "side": "buy", "size": "38.60000000", "price": "0.19236000", "time": "2025-07-12T15:37:21.444848Z", "fetched_at": "2025-07-12T15:39:33.535018+00:00", "symbol": "DOGE-USD"}, {"trade_id": 138724620, "side": "sell", "size": "138.60000000", "price": "0.19236000", "time": "2025-07-12T15:37:20.532383Z", "fetched_at": "2025-07-12T15:39:33.535018+00:00", "symbol": "DOGE-USD"}, {"trade_id": 138724619, "side": "buy", "size": "246.10000000", "price": "0.19236000", "time": "2025-07-12T15:37:20.112261Z", "fetched_at": "2025-07-12T15:39:33.535018+00:00", "symbol": "DOGE-USD"}, {"trade_id": 138724618, "side": "buy", "size": "1933.10000000", "price": "0.19236000", "time": "2025-07-12T15:37:19.057871Z", "fetched_at": "2025-07-12T15:39:33.535018+00:00", "symbol": "DOGE-USD"}, {"trade_id": 138724617, "side": "buy", "size": "561.70000000", "price": "0.19236000", "time": "2025-07-12T15:37:19.057871Z", "fetched_at": "2025-07-12T15:39:33.535018+00:00", "symbol": "DOGE-USD"}, {"trade_id": 138724616, "side": "buy", "size": "5.80000000", "price": "0.19236000", "time": "2025-07-12T15:37:19.057871Z", "fetched_at": "2025-07-12T15:39:33.535018+00:00", "symbol": "DOGE-USD"}, {"trade_id": 138724615, "side": "buy", "size": "2105.40000000", "price": "0.19238000", "time": "2025-07-12T15:37:19.049566Z", "fetched_at": "2025-07-12T15:39:33.535018+00:00", "symbol": "DOGE-USD"}, {"trade_id": 138724614, "side": "buy", "size": "8039.40000000", "price": "0.19238000", "time": "2025-07-12T15:37:19.049442Z", "fetched_at": "2025-07-12T15:39:33.535018+00:00", "symbol": "DOGE-USD"}, {"trade_id": 138724613, "side": "buy", "size": "6034.50000000", "price": "0.19238000", "time": "2025-07-12T15:37:19.049342Z", "fetched_at": "2025-07-12T15:39:33.535018+00:00", "symbol": "DOGE-USD"}, {"trade_id": 138724612, "side": "buy", "size": "2500.00000000", "price": "0.19238000", "time": "2025-07-12T15:37:19.048148Z", "fetched_at": "2025-07-12T15:39:33.535018+00:00", "symbol": "DOGE-USD"}, {"trade_id": 138724611, "side": "buy", "size": "4775.10000000", "price": "0.19238000", "time": "2025-07-12T15:37:19.047976Z", "fetched_at": "2025-07-12T15:39:33.535018+00:00", "symbol": "DOGE-USD"}, {"trade_id": 138724610, "side": "buy", "size": "2494.20000000", "price": "0.19238000", "time": "2025-07-12T15:37:19.047887Z", "fetched_at": "2025-07-12T15:39:33.535018+00:00", "symbol": "DOGE-USD"}, {"trade_id": 138724609, "side": "buy", "size": "5.80000000", "price": "0.19238000", "time": "2025-07-12T15:37:19.047887Z", "fetched_at": "2025-07-12T15:39:33.535018+00:00", "symbol": "DOGE-USD"}, {"trade_id": 138724608, "side": "buy", "size": "6513.80000000", "price": "0.19239000", "time": "2025-07-12T15:37:19.046558Z", "fetched_at": "2025-07-12T15:39:33.535018+00:00", "symbol": "DOGE-USD"}, {"trade_id": 138724607, "side": "buy", "size": "6533.30000000", "price": "0.19239000", "time": "2025-07-12T15:37:19.046558Z", "fetched_at": "2025-07-12T15:39:33.535018+00:00", "symbol": "DOGE-USD"}, {"trade_id": 138724606, "side": "buy", "size": "1519.00000000", "price": "0.19239000", "time": "2025-07-12T15:37:19.046558Z", "fetched_at": "2025-07-12T15:39:33.535018+00:00", "symbol": "DOGE-USD"}, {"trade_id": 138724605, "side": "buy", "size": "39.70000000", "price": "0.19240000", "time": "2025-07-12T15:37:19.046558Z", "fetched_at": "2025-07-12T15:39:33.535018+00:00", "symbol": "DOGE-USD"}, {"trade_id": 138724604, "side": "buy", "size": "5.80000000", "price": "0.19240000", "time": "2025-07-12T15:37:19.046558Z", "fetched_at": "2025-07-12T15:39:33.535018+00:00", "symbol": "DOGE-USD"}, {"trade_id": 138724603, "side": "buy", "size": "0.10000000", "price": "0.19241000", "time": "2025-07-12T15:37:18.176065Z", "fetched_at": "2025-07-12T15:39:33.535018+00:00", "symbol": "DOGE-USD"}, {"trade_id": 138724602, "side": "buy", "size": "5.80000000", "price": "0.19242000", "time": "2025-07-12T15:37:18.088Z", "fetched_at": "2025-07-12T15:39:33.535018+00:00", "symbol": "DOGE-USD"}, {"trade_id": 138724601, "side": "buy", "size": "659.80000000", "price": "0.19250000", "time": "2025-07-12T15:37:14.362320Z", "fetched_at": "2025-07-12T15:39:33.535018+00:00", "symbol": "DOGE-USD"}, {"trade_id": 138724600, "side": "buy", "size": "659.80000000", "price": "0.19250000", "time": "2025-07-12T15:37:14.282206Z", "fetched_at": "2025-07-12T15:39:33.535018+00:00", "symbol": "DOGE-USD"}, {"trade_id": 138724599, "side": "buy", "size": "19.10000000", "price": "0.19251000", "time": "2025-07-12T15:37:14.282206Z", "fetched_at": "2025-07-12T15:39:33.535018+00:00", "symbol": "DOGE-USD"}, {"trade_id": 138724598, "side": "buy", "size": "412.70000000", "price": "0.19248000", "time": "2025-07-12T15:37:13.931114Z", "fetched_at": "2025-07-12T15:39:33.535018+00:00", "symbol": "DOGE-USD"}, {"trade_id": 138724597, "side": "buy", "size": "183.00000000", "price": "0.19249000", "time": "2025-07-12T15:37:13.931114Z", "fetched_at": "2025-07-12T15:39:33.535018+00:00", "symbol": "DOGE-USD"}, {"trade_id": 138724596, "side": "buy", "size": "1322.80000000", "price": "0.19247000", "time": "2025-07-12T15:37:13.427415Z", "fetched_at": "2025-07-12T15:39:33.535018+00:00", "symbol": "DOGE-USD"}, {"trade_id": 138724595, "side": "buy", "size": "659.80000000", "price": "0.19247000", "time": "2025-07-12T15:37:13.427415Z", "fetched_at": "2025-07-12T15:39:33.535018+00:00", "symbol": "DOGE-USD"}, {"trade_id": 138724594, "side": "buy", "size": "24.00000000", "price": "0.19248000", "time": "2025-07-12T15:37:13.427415Z", "fetched_at": "2025-07-12T15:39:33.535018+00:00", "symbol": "DOGE-USD"}, {"trade_id": 138724593, "side": "buy", "size": "1386.20000000", "price": "0.19244000", "time": "2025-07-12T15:37:12.764781Z", "fetched_at": "2025-07-12T15:39:33.535018+00:00", "symbol": "DOGE-USD"}, {"trade_id": 138724592, "side": "buy", "size": "24.30000000", "price": "0.19245000", "time": "2025-07-12T15:37:12.764781Z", "fetched_at": "2025-07-12T15:39:33.535018+00:00", "symbol": "DOGE-USD"}, {"trade_id": 138724591, "side": "buy", "size": "1202.10000000", "price": "0.19246000", "time": "2025-07-12T15:37:12.764781Z", "fetched_at": "2025-07-12T15:39:33.535018+00:00", "symbol": "DOGE-USD"}, {"trade_id": 138724590, "side": "buy", "size": "659.80000000", "price": "0.19246000", "time": "2025-07-12T15:37:12.764781Z", "fetched_at": "2025-07-12T15:39:33.535018+00:00", "symbol": "DOGE-USD"}, {"trade_id": 138724589, "side": "sell", "size": "0.10000000", "price": "0.19247000", "time": "2025-07-12T15:37:12.188073Z", "fetched_at": "2025-07-12T15:39:33.535018+00:00", "symbol": "DOGE-USD"}, {"trade_id": 138724588, "side": "buy", "size": "1089.90000000", "price": "0.19243000", "time": "2025-07-12T15:37:10.916265Z", "fetched_at": "2025-07-12T15:39:33.535018+00:00", "symbol": "DOGE-USD"}, {"trade_id": 138724587, "side": "buy", "size": "1970.90000000", "price": "0.19244000", "time": "2025-07-12T15:37:10.916265Z", "fetched_at": "2025-07-12T15:39:33.535018+00:00", "symbol": "DOGE-USD"}, {"trade_id": 138724586, "side": "buy", "size": "1519.00000000", "price": "0.19244000", "time": "2025-07-12T15:37:10.916265Z", "fetched_at": "2025-07-12T15:39:33.535018+00:00", "symbol": "DOGE-USD"}, {"trade_id": 138724585, "side": "buy", "size": "659.80000000", "price": "0.19246000", "time": "2025-07-12T15:37:10.916265Z", "fetched_at": "2025-07-12T15:39:33.535018+00:00", "symbol": "DOGE-USD"}, {"trade_id": 138724584, "side": "buy", "size": "659.80000000", "price": "0.19247000", "time": "2025-07-12T15:37:10.916265Z", "fetched_at": "2025-07-12T15:39:33.535018+00:00", "symbol": "DOGE-USD"}, {"trade_id": 138724583, "side": "buy", "size": "1414.40000000", "price": "0.19247000", "time": "2025-07-12T15:37:10.916265Z", "fetched_at": "2025-07-12T15:39:33.535018+00:00", "symbol": "DOGE-USD"}, {"trade_id": 138724582, "side": "buy", "size": "1439.50000000", "price": "0.19247000", "time": "2025-07-12T15:37:10.916265Z", "fetched_at": "2025-07-12T15:39:33.535018+00:00", "symbol": "DOGE-USD"}, {"trade_id": 138724581, "side": "buy", "size": "26.40000000", "price": "0.19248000", "time": "2025-07-12T15:37:10.916265Z", "fetched_at": "2025-07-12T15:39:33.535018+00:00", "symbol": "DOGE-USD"}, {"trade_id": 138724580, "side": "buy", "size": "1930.90000000", "price": "0.19249000", "time": "2025-07-12T15:37:09.347562Z", "fetched_at": "2025-07-12T15:39:33.535018+00:00", "symbol": "DOGE-USD"}, {"trade_id": 138724579, "side": "buy", "size": "4737.90000000", "price": "0.19251000", "time": "2025-07-12T15:37:09.331700Z", "fetched_at": "2025-07-12T15:39:33.535018+00:00", "symbol": "DOGE-USD"}, {"trade_id": 138724578, "side": "buy", "size": "6579.60000000", "price": "0.19248000", "time": "2025-07-12T15:37:09.324799Z", "fetched_at": "2025-07-12T15:39:33.535018+00:00", "symbol": "DOGE-USD"}, {"trade_id": 138724577, "side": "buy", "size": "5.80000000", "price": "0.19248000", "time": "2025-07-12T15:37:09.324799Z", "fetched_at": "2025-07-12T15:39:33.535018+00:00", "symbol": "DOGE-USD"}, {"trade_id": 138724576, "side": "buy", "size": "2000.00000000", "price": "0.19248000", "time": "2025-07-12T15:37:09.324799Z", "fetched_at": "2025-07-12T15:39:33.535018+00:00", "symbol": "DOGE-USD"}, {"trade_id": 138724575, "side": "buy", "size": "13791.50000000", "price": "0.19248000", "time": "2025-07-12T15:37:09.324799Z", "fetched_at": "2025-07-12T15:39:33.535018+00:00", "symbol": "DOGE-USD"}, {"trade_id": 138724574, "side": "buy", "size": "1618.70000000", "price": "0.19248000", "time": "2025-07-12T15:37:09.324799Z", "fetched_at": "2025-07-12T15:39:33.535018+00:00", "symbol": "DOGE-USD"}, {"trade_id": 138724573, "side": "buy", "size": "2500.00000000", "price": "0.19249000", "time": "2025-07-12T15:37:09.323494Z", "fetched_at": "2025-07-12T15:39:33.535018+00:00", "symbol": "DOGE-USD"}, {"trade_id": 138724572, "side": "buy", "size": "1500.00000000", "price": "0.19250000", "time": "2025-07-12T15:37:09.323494Z", "fetched_at": "2025-07-12T15:39:33.535018+00:00", "symbol": "DOGE-USD"}, {"trade_id": 138724571, "side": "buy", "size": "28.80000000", "price": "0.19254000", "time": "2025-07-12T15:37:09.323494Z", "fetched_at": "2025-07-12T15:39:33.535018+00:00", "symbol": "DOGE-USD"}, {"trade_id": 138724570, "side": "buy", "size": "659.80000000", "price": "0.19255000", "time": "2025-07-12T15:37:09.323494Z", "fetched_at": "2025-07-12T15:39:33.535018+00:00", "symbol": "DOGE-USD"}, {"trade_id": 138724569, "side": "sell", "size": "5.80000000", "price": "0.19260000", "time": "2025-07-12T15:37:07.579384Z", "fetched_at": "2025-07-12T15:39:33.535018+00:00", "symbol": "DOGE-USD"}, {"trade_id": 138724568, "side": "sell", "size": "5.80000000", "price": "0.19256000", "time": "2025-07-12T15:37:07.486543Z", "fetched_at": "2025-07-12T15:39:33.535018+00:00", "symbol": "DOGE-USD"}, {"trade_id": 138724567, "side": "sell", "size": "4977.00000000", "price": "0.19255000", "time": "2025-07-12T15:37:07.486531Z", "fetched_at": "2025-07-12T15:39:33.535018+00:00", "symbol": "DOGE-USD"}, {"trade_id": 138724566, "side": "sell", "size": "116.70000000", "price": "0.19253000", "time": "2025-07-12T15:37:07.396777Z", "fetched_at": "2025-07-12T15:39:33.535018+00:00", "symbol": "DOGE-USD"}, {"trade_id": 138724565, "side": "sell", "size": "1375.30000000", "price": "0.19253000", "time": "2025-07-12T15:37:07.385944Z", "fetched_at": "2025-07-12T15:39:33.535018+00:00", "symbol": "DOGE-USD"}, {"trade_id": 138724564, "side": "sell", "size": "1993.00000000", "price": "0.19252000", "time": "2025-07-12T15:37:07.375625Z", "fetched_at": "2025-07-12T15:39:33.535018+00:00", "symbol": "DOGE-USD"}, {"trade_id": 138724563, "side": "sell", "size": "116.70000000", "price": "0.19251000", "time": "2025-07-12T15:37:07.364865Z", "fetched_at": "2025-07-12T15:39:33.535018+00:00", "symbol": "DOGE-USD"}, {"trade_id": 138724562, "side": "sell", "size": "1118.10000000", "price": "0.19251000", "time": "2025-07-12T15:37:07.364865Z", "fetched_at": "2025-07-12T15:39:33.535018+00:00", "symbol": "DOGE-USD"}, {"trade_id": 138724561, "side": "buy", "size": "5.80000000", "price": "0.19244000", "time": "2025-07-12T15:37:05.856876Z", "fetched_at": "2025-07-12T15:39:33.535018+00:00", "symbol": "DOGE-USD"}, {"trade_id": 138724560, "side": "sell", "size": "47.70000000", "price": "0.19245000", "time": "2025-07-12T15:37:05.640064Z", "fetched_at": "2025-07-12T15:39:33.535018+00:00", "symbol": "DOGE-USD"}, {"trade_id": 138724559, "side": "buy", "size": "5.80000000", "price": "0.19246000", "time": "2025-07-12T15:37:05.591507Z", "fetched_at": "2025-07-12T15:39:33.535018+00:00", "symbol": "DOGE-USD"}, {"trade_id": 138724558, "side": "sell", "size": "124.70000000", "price": "0.19247000", "time": "2025-07-12T15:37:05.192044Z", "fetched_at": "2025-07-12T15:39:33.535018+00:00", "symbol": "DOGE-USD"}, {"trade_id": 138724557, "side": "sell", "size": "145.50000000", "price": "0.19251000", "time": "2025-07-12T15:37:05.118155Z", "fetched_at": "2025-07-12T15:39:33.535018+00:00", "symbol": "DOGE-USD"}, {"trade_id": 138724556, "side": "sell", "size": "57.50000000", "price": "0.19251000", "time": "2025-07-12T15:37:05.114894Z", "fetched_at": "2025-07-12T15:39:33.535018+00:00", "symbol": "DOGE-USD"}, {"trade_id": 138724555, "side": "sell", "size": "2407.30000000", "price": "0.19251000", "time": "2025-07-12T15:37:05.114770Z", "fetched_at": "2025-07-12T15:39:33.535018+00:00", "symbol": "DOGE-USD"}, {"trade_id": 138724554, "side": "sell", "size": "1618.70000000", "price": "0.19251000", "time": "2025-07-12T15:37:05.114770Z", "fetched_at": "2025-07-12T15:39:33.535018+00:00", "symbol": "DOGE-USD"}, {"trade_id": 138724553, "side": "sell", "size": "28.50000000", "price": "0.19250000", "time": "2025-07-12T15:37:05.114770Z", "fetched_at": "2025-07-12T15:39:33.535018+00:00", "symbol": "DOGE-USD"}, {"trade_id": 138724552, "side": "sell", "size": "823.50000000", "price": "0.19250000", "time": "2025-07-12T15:37:05.114770Z", "fetched_at": "2025-07-12T15:39:33.535018+00:00", "symbol": "DOGE-USD"}, {"trade_id": 138724551, "side": "sell", "size": "1266.40000000", "price": "0.19249000", "time": "2025-07-12T15:37:05.114770Z", "fetched_at": "2025-07-12T15:39:33.535018+00:00", "symbol": "DOGE-USD"}, {"trade_id": 138724550, "side": "sell", "size": "1369.50000000", "price": "0.19247000", "time": "2025-07-12T15:37:05.114770Z", "fetched_at": "2025-07-12T15:39:33.535018+00:00", "symbol": "DOGE-USD"}, {"trade_id": 138724549, "side": "sell", "size": "272.60000000", "price": "0.19247000", "time": "2025-07-12T15:37:05.114770Z", "fetched_at": "2025-07-12T15:39:33.535018+00:00", "symbol": "DOGE-USD"}, {"trade_id": 138724548, "side": "sell", "size": "4.50000000", "price": "0.19247000", "time": "2025-07-12T15:37:05.114770Z", "fetched_at": "2025-07-12T15:39:33.535018+00:00", "symbol": "DOGE-USD"}, {"trade_id": 138724547, "side": "sell", "size": "52.00000000", "price": "0.19247000", "time": "2025-07-12T15:37:05.114522Z", "fetched_at": "2025-07-12T15:39:33.535018+00:00", "symbol": "DOGE-USD"}, {"trade_id": 138724546, "side": "sell", "size": "112.40000000", "price": "0.19247000", "time": "2025-07-12T15:37:05.095785Z", "fetched_at": "2025-07-12T15:39:33.535018+00:00", "symbol": "DOGE-USD"}, {"trade_id": 138724545, "side": "sell", "size": "94.00000000", "price": "0.19247000", "time": "2025-07-12T15:37:05.094214Z", "fetched_at": "2025-07-12T15:39:33.535018+00:00", "symbol": "DOGE-USD"}, {"trade_id": 138724544, "side": "buy", "size": "1618.70000000", "price": "0.19247000", "time": "2025-07-12T15:37:04.091422Z", "fetched_at": "2025-07-12T15:39:33.535018+00:00", "symbol": "DOGE-USD"}, {"trade_id": 138724543, "side": "buy", "size": "5.80000000", "price": "0.19248000", "time": "2025-07-12T15:37:04.091422Z", "fetched_at": "2025-07-12T15:39:33.535018+00:00", "symbol": "DOGE-USD"}, {"trade_id": 138724542, "side": "buy", "size": "659.80000000", "price": "0.19249000", "time": "2025-07-12T15:37:04.091422Z", "fetched_at": "2025-07-12T15:39:33.535018+00:00", "symbol": "DOGE-USD"}, {"trade_id": 138724541, "side": "buy", "size": "25.00000000", "price": "0.19251000", "time": "2025-07-12T15:37:04.091422Z", "fetched_at": "2025-07-12T15:39:33.535018+00:00", "symbol": "DOGE-USD"}, {"trade_id": 138724540, "side": "sell", "size": "20972.40000000", "price": "0.19255000", "time": "2025-07-12T15:37:02.628346Z", "fetched_at": "2025-07-12T15:39:33.535018+00:00", "symbol": "DOGE-USD"}, {"trade_id": 138724539, "side": "buy", "size": "31.90000000", "price": "0.19250000", "time": "2025-07-12T15:37:01.463735Z", "fetched_at": "2025-07-12T15:39:33.535018+00:00", "symbol": "DOGE-USD"}, {"trade_id": 138724538, "side": "buy", "size": "5.80000000", "price": "0.19250000", "time": "2025-07-12T15:37:01.463735Z", "fetched_at": "2025-07-12T15:39:33.535018+00:00", "symbol": "DOGE-USD"}, {"trade_id": 138724537, "side": "buy", "size": "5.80000000", "price": "0.19252000", "time": "2025-07-12T15:37:01.231858Z", "fetched_at": "2025-07-12T15:39:33.535018+00:00", "symbol": "DOGE-USD"}, {"trade_id": 138724536, "side": "buy", "size": "5.80000000", "price": "0.19256000", "time": "2025-07-12T15:37:01.033084Z", "fetched_at": "2025-07-12T15:39:33.535018+00:00", "symbol": "DOGE-USD"}, {"trade_id": 138724535, "side": "buy", "size": "5.80000000", "price": "0.19260000", "time": "2025-07-12T15:37:00.836087Z", "fetched_at": "2025-07-12T15:39:33.535018+00:00", "symbol": "DOGE-USD"}, {"trade_id": 138724534, "side": "sell", "size": "5.80000000", "price": "0.19270000", "time": "2025-07-12T15:36:59.373191Z", "fetched_at": "2025-07-12T15:39:33.535018+00:00", "symbol": "DOGE-USD"}, {"trade_id": 138724533, "side": "sell", "size": "789.70000000", "price": "0.19267000", "time": "2025-07-12T15:36:58.433247Z", "fetched_at": "2025-07-12T15:39:33.535018+00:00", "symbol": "DOGE-USD"}, {"trade_id": 138724532, "side": "sell", "size": "5.80000000", "price": "0.19268000", "time": "2025-07-12T15:36:57.875841Z", "fetched_at": "2025-07-12T15:39:33.535018+00:00", "symbol": "DOGE-USD"}, {"trade_id": 138724531, "side": "sell", "size": "5.80000000", "price": "0.19266000", "time": "2025-07-12T15:36:57.146088Z", "fetched_at": "2025-07-12T15:39:33.535018+00:00", "symbol": "DOGE-USD"}, {"trade_id": 138724530, "side": "sell", "size": "659.80000000", "price": "0.19265000", "time": "2025-07-12T15:36:56.187244Z", "fetched_at": "2025-07-12T15:39:33.535018+00:00", "symbol": "DOGE-USD"}, {"trade_id": 138724529, "side": "sell", "size": "5.80000000", "price": "0.19264000", "time": "2025-07-12T15:36:56.187244Z", "fetched_at": "2025-07-12T15:39:33.535018+00:00", "symbol": "DOGE-USD"}, {"trade_id": 138724528, "side": "sell", "size": "5024.40000000", "price": "0.19263000", "time": "2025-07-12T15:36:56.184273Z", "fetched_at": "2025-07-12T15:39:33.535018+00:00", "symbol": "DOGE-USD"}, {"trade_id": 138724527, "side": "sell", "size": "5.80000000", "price": "0.19262000", "time": "2025-07-12T15:36:56.184273Z", "fetched_at": "2025-07-12T15:39:33.535018+00:00", "symbol": "DOGE-USD"}, {"trade_id": 138724526, "side": "sell", "size": "5.80000000", "price": "0.19260000", "time": "2025-07-12T15:36:56.184273Z", "fetched_at": "2025-07-12T15:39:33.535018+00:00", "symbol": "DOGE-USD"}, {"trade_id": 138724525, "side": "sell", "size": "70.20000000", "price": "0.19253000", "time": "2025-07-12T15:36:55.730969Z", "fetched_at": "2025-07-12T15:39:33.535018+00:00", "symbol": "DOGE-USD"}, {"trade_id": 138724524, "side": "sell", "size": "192.70000000", "price": "0.19252000", "time": "2025-07-12T15:36:55.730969Z", "fetched_at": "2025-07-12T15:39:33.535018+00:00", "symbol": "DOGE-USD"}, {"trade_id": 138724523, "side": "sell", "size": "79.90000000", "price": "0.19252000", "time": "2025-07-12T15:36:55.729443Z", "fetched_at": "2025-07-12T15:39:33.535018+00:00", "symbol": "DOGE-USD"}, {"trade_id": 138724522, "side": "sell", "size": "183.00000000", "price": "0.19252000", "time": "2025-07-12T15:36:55.729443Z", "fetched_at": "2025-07-12T15:39:33.535018+00:00", "symbol": "DOGE-USD"}, {"trade_id": 138724521, "side": "sell", "size": "25.60000000", "price": "0.19258000", "time": "2025-07-12T15:36:55.086229Z", "fetched_at": "2025-07-12T15:39:33.535018+00:00", "symbol": "DOGE-USD"}, {"trade_id": 138724520, "side": "sell", "size": "994.20000000", "price": "0.19258000", "time": "2025-07-12T15:36:53.668653Z", "fetched_at": "2025-07-12T15:39:33.535018+00:00", "symbol": "DOGE-USD"}, {"trade_id": 138724519, "side": "sell", "size": "5.80000000", "price": "0.19258000", "time": "2025-07-12T15:36:53.668653Z", "fetched_at": "2025-07-12T15:39:33.535018+00:00", "symbol": "DOGE-USD"}, {"trade_id": 138724518, "side": "sell", "size": "5.80000000", "price": "0.19256000", "time": "2025-07-12T15:36:50.105111Z", "fetched_at": "2025-07-12T15:39:33.535018+00:00", "symbol": "DOGE-USD"}, {"trade_id": 138724517, "side": "sell", "size": "5.80000000", "price": "0.19254000", "time": "2025-07-12T15:36:50.060468Z", "fetched_at": "2025-07-12T15:39:33.535018+00:00", "symbol": "DOGE-USD"}, {"trade_id": 138724516, "side": "sell", "size": "5.80000000", "price": "0.19252000", "time": "2025-07-12T15:36:49.795976Z", "fetched_at": "2025-07-12T15:39:33.535018+00:00", "symbol": "DOGE-USD"}, {"trade_id": 138724515, "side": "sell", "size": "0.70000000", "price": "0.19250000", "time": "2025-07-12T15:36:49.353427Z", "fetched_at": "2025-07-12T15:39:33.535018+00:00", "symbol": "DOGE-USD"}