[{"trade_id": 138713525, "side": "sell", "size": "436.80000000", "price": "0.19775000", "time": "2025-07-12T14:10:48.116055Z", "fetched_at": "2025-07-12T14:10:51.330456+00:00", "symbol": "DOGE-USD"}, {"trade_id": 138713524, "side": "sell", "size": "292.70000000", "price": "0.19773000", "time": "2025-07-12T14:10:48.116055Z", "fetched_at": "2025-07-12T14:10:51.330456+00:00", "symbol": "DOGE-USD"}, {"trade_id": 138713523, "side": "sell", "size": "34.60000000", "price": "0.19773000", "time": "2025-07-12T14:10:48.116055Z", "fetched_at": "2025-07-12T14:10:51.330456+00:00", "symbol": "DOGE-USD"}, {"trade_id": 138713522, "side": "sell", "size": "20.00000000", "price": "0.19773000", "time": "2025-07-12T14:10:48.116055Z", "fetched_at": "2025-07-12T14:10:51.330456+00:00", "symbol": "DOGE-USD"}, {"trade_id": 138713521, "side": "sell", "size": "5.60000000", "price": "0.19772000", "time": "2025-07-12T14:10:48.116055Z", "fetched_at": "2025-07-12T14:10:51.330456+00:00", "symbol": "DOGE-USD"}, {"trade_id": 138713520, "side": "sell", "size": "789.70000000", "price": "0.19765000", "time": "2025-07-12T14:10:46.384548Z", "fetched_at": "2025-07-12T14:10:51.330456+00:00", "symbol": "DOGE-USD"}, {"trade_id": 138713519, "side": "buy", "size": "117509.20000000", "price": "0.19759000", "time": "2025-07-12T14:10:45.336807Z", "fetched_at": "2025-07-12T14:10:51.330456+00:00", "symbol": "DOGE-USD"}, {"trade_id": 138713518, "side": "buy", "size": "1548.30000000", "price": "0.19759000", "time": "2025-07-12T14:10:45.336807Z", "fetched_at": "2025-07-12T14:10:51.330456+00:00", "symbol": "DOGE-USD"}, {"trade_id": 138713517, "side": "buy", "size": "2141.20000000", "price": "0.19761000", "time": "2025-07-12T14:10:45.322405Z", "fetched_at": "2025-07-12T14:10:51.330456+00:00", "symbol": "DOGE-USD"}, {"trade_id": 138713516, "side": "buy", "size": "4737.90000000", "price": "0.19763000", "time": "2025-07-12T14:10:45.189481Z", "fetched_at": "2025-07-12T14:10:51.330456+00:00", "symbol": "DOGE-USD"}, {"trade_id": 138713515, "side": "buy", "size": "89.90000000", "price": "0.19763000", "time": "2025-07-12T14:10:44.854822Z", "fetched_at": "2025-07-12T14:10:51.330456+00:00", "symbol": "DOGE-USD"}, {"trade_id": 138713514, "side": "buy", "size": "10000.00000000", "price": "0.19761000", "time": "2025-07-12T14:10:44.185879Z", "fetched_at": "2025-07-12T14:10:51.330456+00:00", "symbol": "DOGE-USD"}, {"trade_id": 138713513, "side": "buy", "size": "2141.20000000", "price": "0.19761000", "time": "2025-07-12T14:10:44.185879Z", "fetched_at": "2025-07-12T14:10:51.330456+00:00", "symbol": "DOGE-USD"}, {"trade_id": 138713512, "side": "buy", "size": "1548.30000000", "price": "0.19761000", "time": "2025-07-12T14:10:44.185879Z", "fetched_at": "2025-07-12T14:10:51.330456+00:00", "symbol": "DOGE-USD"}, {"trade_id": 138713511, "side": "sell", "size": "12003.80000000", "price": "0.19769000", "time": "2025-07-12T14:10:43.844487Z", "fetched_at": "2025-07-12T14:10:51.330456+00:00", "symbol": "DOGE-USD"}, {"trade_id": 138713510, "side": "sell", "size": "2752.30000000", "price": "0.19769000", "time": "2025-07-12T14:10:43.844487Z", "fetched_at": "2025-07-12T14:10:51.330456+00:00", "symbol": "DOGE-USD"}, {"trade_id": 138713509, "side": "sell", "size": "1548.30000000", "price": "0.19769000", "time": "2025-07-12T14:10:43.844487Z", "fetched_at": "2025-07-12T14:10:51.330456+00:00", "symbol": "DOGE-USD"}, {"trade_id": 138713508, "side": "sell", "size": "2748.20000000", "price": "0.19768000", "time": "2025-07-12T14:10:43.844487Z", "fetched_at": "2025-07-12T14:10:51.330456+00:00", "symbol": "DOGE-USD"}, {"trade_id": 138713507, "side": "sell", "size": "1548.30000000", "price": "0.19768000", "time": "2025-07-12T14:10:43.844487Z", "fetched_at": "2025-07-12T14:10:51.330456+00:00", "symbol": "DOGE-USD"}, {"trade_id": 138713506, "side": "sell", "size": "7160.80000000", "price": "0.19768000", "time": "2025-07-12T14:10:43.844487Z", "fetched_at": "2025-07-12T14:10:51.330456+00:00", "symbol": "DOGE-USD"}, {"trade_id": 138713505, "side": "sell", "size": "627.60000000", "price": "0.19767000", "time": "2025-07-12T14:10:43.844487Z", "fetched_at": "2025-07-12T14:10:51.330456+00:00", "symbol": "DOGE-USD"}, {"trade_id": 138713504, "side": "sell", "size": "2748.20000000", "price": "0.19767000", "time": "2025-07-12T14:10:43.844487Z", "fetched_at": "2025-07-12T14:10:51.330456+00:00", "symbol": "DOGE-USD"}, {"trade_id": 138713503, "side": "sell", "size": "1548.30000000", "price": "0.19767000", "time": "2025-07-12T14:10:43.844487Z", "fetched_at": "2025-07-12T14:10:51.330456+00:00", "symbol": "DOGE-USD"}, {"trade_id": 138713502, "side": "sell", "size": "7160.80000000", "price": "0.19767000", "time": "2025-07-12T14:10:43.844487Z", "fetched_at": "2025-07-12T14:10:51.330456+00:00", "symbol": "DOGE-USD"}, {"trade_id": 138713501, "side": "sell", "size": "2748.20000000", "price": "0.19766000", "time": "2025-07-12T14:10:43.844487Z", "fetched_at": "2025-07-12T14:10:51.330456+00:00", "symbol": "DOGE-USD"}, {"trade_id": 138713500, "side": "sell", "size": "1548.30000000", "price": "0.19766000", "time": "2025-07-12T14:10:43.844487Z", "fetched_at": "2025-07-12T14:10:51.330456+00:00", "symbol": "DOGE-USD"}, {"trade_id": 138713499, "side": "sell", "size": "7160.80000000", "price": "0.19766000", "time": "2025-07-12T14:10:43.844487Z", "fetched_at": "2025-07-12T14:10:51.330456+00:00", "symbol": "DOGE-USD"}, {"trade_id": 138713498, "side": "sell", "size": "2748.20000000", "price": "0.19765000", "time": "2025-07-12T14:10:43.844487Z", "fetched_at": "2025-07-12T14:10:51.330456+00:00", "symbol": "DOGE-USD"}, {"trade_id": 138713497, "side": "sell", "size": "1548.30000000", "price": "0.19765000", "time": "2025-07-12T14:10:43.844487Z", "fetched_at": "2025-07-12T14:10:51.330456+00:00", "symbol": "DOGE-USD"}, {"trade_id": 138713496, "side": "sell", "size": "7160.80000000", "price": "0.19765000", "time": "2025-07-12T14:10:43.844487Z", "fetched_at": "2025-07-12T14:10:51.330456+00:00", "symbol": "DOGE-USD"}, {"trade_id": 138713495, "side": "sell", "size": "5.60000000", "price": "0.19764000", "time": "2025-07-12T14:10:43.844487Z", "fetched_at": "2025-07-12T14:10:51.330456+00:00", "symbol": "DOGE-USD"}, {"trade_id": 138713494, "side": "sell", "size": "2554.60000000", "price": "0.19764000", "time": "2025-07-12T14:10:43.844487Z", "fetched_at": "2025-07-12T14:10:51.330456+00:00", "symbol": "DOGE-USD"}, {"trade_id": 138713493, "side": "sell", "size": "7160.80000000", "price": "0.19764000", "time": "2025-07-12T14:10:43.844487Z", "fetched_at": "2025-07-12T14:10:51.330456+00:00", "symbol": "DOGE-USD"}, {"trade_id": 138713492, "side": "sell", "size": "1548.30000000", "price": "0.19764000", "time": "2025-07-12T14:10:43.844487Z", "fetched_at": "2025-07-12T14:10:51.330456+00:00", "symbol": "DOGE-USD"}, {"trade_id": 138713491, "side": "sell", "size": "7159.20000000", "price": "0.19763000", "time": "2025-07-12T14:10:43.844487Z", "fetched_at": "2025-07-12T14:10:51.330456+00:00", "symbol": "DOGE-USD"}, {"trade_id": 138713490, "side": "sell", "size": "3764.20000000", "price": "0.19763000", "time": "2025-07-12T14:10:43.844487Z", "fetched_at": "2025-07-12T14:10:51.330456+00:00", "symbol": "DOGE-USD"}, {"trade_id": 138713489, "side": "sell", "size": "1548.30000000", "price": "0.19763000", "time": "2025-07-12T14:10:43.844487Z", "fetched_at": "2025-07-12T14:10:51.330456+00:00", "symbol": "DOGE-USD"}, {"trade_id": 138713488, "side": "sell", "size": "3624.00000000", "price": "0.19762000", "time": "2025-07-12T14:10:43.844487Z", "fetched_at": "2025-07-12T14:10:51.330456+00:00", "symbol": "DOGE-USD"}, {"trade_id": 138713487, "side": "sell", "size": "3619.50000000", "price": "0.19762000", "time": "2025-07-12T14:10:43.844487Z", "fetched_at": "2025-07-12T14:10:51.330456+00:00", "symbol": "DOGE-USD"}, {"trade_id": 138713486, "side": "sell", "size": "2747.20000000", "price": "0.19762000", "time": "2025-07-12T14:10:43.844487Z", "fetched_at": "2025-07-12T14:10:51.330456+00:00", "symbol": "DOGE-USD"}, {"trade_id": 138713485, "side": "sell", "size": "1548.30000000", "price": "0.19762000", "time": "2025-07-12T14:10:43.844487Z", "fetched_at": "2025-07-12T14:10:51.330456+00:00", "symbol": "DOGE-USD"}, {"trade_id": 138713484, "side": "sell", "size": "7159.20000000", "price": "0.19762000", "time": "2025-07-12T14:10:43.844487Z", "fetched_at": "2025-07-12T14:10:51.330456+00:00", "symbol": "DOGE-USD"}, {"trade_id": 138713483, "side": "sell", "size": "312.50000000", "price": "0.19761000", "time": "2025-07-12T14:10:43.844487Z", "fetched_at": "2025-07-12T14:10:51.330456+00:00", "symbol": "DOGE-USD"}, {"trade_id": 138713482, "side": "sell", "size": "21632.40000000", "price": "0.19761000", "time": "2025-07-12T14:10:43.844487Z", "fetched_at": "2025-07-12T14:10:51.330456+00:00", "symbol": "DOGE-USD"}, {"trade_id": 138713481, "side": "sell", "size": "1205.40000000", "price": "0.19760000", "time": "2025-07-12T14:10:43.844487Z", "fetched_at": "2025-07-12T14:10:51.330456+00:00", "symbol": "DOGE-USD"}, {"trade_id": 138713480, "side": "sell", "size": "5.60000000", "price": "0.19760000", "time": "2025-07-12T14:10:43.844487Z", "fetched_at": "2025-07-12T14:10:51.330456+00:00", "symbol": "DOGE-USD"}, {"trade_id": 138713479, "side": "sell", "size": "1325.20000000", "price": "0.19759000", "time": "2025-07-12T14:10:43.844487Z", "fetched_at": "2025-07-12T14:10:51.330456+00:00", "symbol": "DOGE-USD"}, {"trade_id": 138713478, "side": "sell", "size": "1435.10000000", "price": "0.19759000", "time": "2025-07-12T14:10:43.844487Z", "fetched_at": "2025-07-12T14:10:51.330456+00:00", "symbol": "DOGE-USD"}, {"trade_id": 138713477, "side": "sell", "size": "2000.00000000", "price": "0.19757000", "time": "2025-07-12T14:10:43.636465Z", "fetched_at": "2025-07-12T14:10:51.330456+00:00", "symbol": "DOGE-USD"}, {"trade_id": 138713476, "side": "sell", "size": "3396.80000000", "price": "0.19757000", "time": "2025-07-12T14:10:43.636196Z", "fetched_at": "2025-07-12T14:10:51.330456+00:00", "symbol": "DOGE-USD"}, {"trade_id": 138713475, "side": "sell", "size": "5.60000000", "price": "0.19756000", "time": "2025-07-12T14:10:43.636196Z", "fetched_at": "2025-07-12T14:10:51.330456+00:00", "symbol": "DOGE-USD"}, {"trade_id": 138713474, "side": "sell", "size": "5.60000000", "price": "0.19752000", "time": "2025-07-12T14:10:43.633884Z", "fetched_at": "2025-07-12T14:10:51.330456+00:00", "symbol": "DOGE-USD"}, {"trade_id": 138713473, "side": "buy", "size": "218.40000000", "price": "0.19751000", "time": "2025-07-12T14:10:43.307735Z", "fetched_at": "2025-07-12T14:10:51.330456+00:00", "symbol": "DOGE-USD"}, {"trade_id": 138713472, "side": "sell", "size": "1240.00000000", "price": "0.19745000", "time": "2025-07-12T14:10:41.619294Z", "fetched_at": "2025-07-12T14:10:51.330456+00:00", "symbol": "DOGE-USD"}, {"trade_id": 138713471, "side": "sell", "size": "1205.10000000", "price": "0.19744000", "time": "2025-07-12T14:10:41.619294Z", "fetched_at": "2025-07-12T14:10:51.330456+00:00", "symbol": "DOGE-USD"}, {"trade_id": 138713470, "side": "sell", "size": "1346.90000000", "price": "0.19745000", "time": "2025-07-12T14:10:41.505255Z", "fetched_at": "2025-07-12T14:10:51.330456+00:00", "symbol": "DOGE-USD"}, {"trade_id": 138713469, "side": "sell", "size": "1808.90000000", "price": "0.19744000", "time": "2025-07-12T14:10:41.448202Z", "fetched_at": "2025-07-12T14:10:51.330456+00:00", "symbol": "DOGE-USD"}, {"trade_id": 138713468, "side": "sell", "size": "1266.30000000", "price": "0.19742000", "time": "2025-07-12T14:10:41.442669Z", "fetched_at": "2025-07-12T14:10:51.330456+00:00", "symbol": "DOGE-USD"}, {"trade_id": 138713467, "side": "sell", "size": "913.90000000", "price": "0.19744000", "time": "2025-07-12T14:10:40.830678Z", "fetched_at": "2025-07-12T14:10:51.330456+00:00", "symbol": "DOGE-USD"}, {"trade_id": 138713466, "side": "sell", "size": "183.00000000", "price": "0.19742000", "time": "2025-07-12T14:10:40.830678Z", "fetched_at": "2025-07-12T14:10:51.330456+00:00", "symbol": "DOGE-USD"}, {"trade_id": 138713465, "side": "sell", "size": "20.70000000", "price": "0.19745000", "time": "2025-07-12T14:10:40.808761Z", "fetched_at": "2025-07-12T14:10:51.330456+00:00", "symbol": "DOGE-USD"}, {"trade_id": 138713464, "side": "sell", "size": "330.20000000", "price": "0.19743000", "time": "2025-07-12T14:10:40.808761Z", "fetched_at": "2025-07-12T14:10:51.330456+00:00", "symbol": "DOGE-USD"}, {"trade_id": 138713463, "side": "sell", "size": "1349.90000000", "price": "0.19744000", "time": "2025-07-12T14:10:40.745912Z", "fetched_at": "2025-07-12T14:10:51.330456+00:00", "symbol": "DOGE-USD"}, {"trade_id": 138713462, "side": "sell", "size": "20.70000000", "price": "0.19744000", "time": "2025-07-12T14:10:40.725134Z", "fetched_at": "2025-07-12T14:10:51.330456+00:00", "symbol": "DOGE-USD"}, {"trade_id": 138713461, "side": "sell", "size": "1188.20000000", "price": "0.19744000", "time": "2025-07-12T14:10:40.725134Z", "fetched_at": "2025-07-12T14:10:51.330456+00:00", "symbol": "DOGE-USD"}, {"trade_id": 138713460, "side": "sell", "size": "330.20000000", "price": "0.19742000", "time": "2025-07-12T14:10:40.725134Z", "fetched_at": "2025-07-12T14:10:51.330456+00:00", "symbol": "DOGE-USD"}, {"trade_id": 138713459, "side": "sell", "size": "20.70000000", "price": "0.19745000", "time": "2025-07-12T14:10:40.704240Z", "fetched_at": "2025-07-12T14:10:51.330456+00:00", "symbol": "DOGE-USD"}, {"trade_id": 138713458, "side": "sell", "size": "330.20000000", "price": "0.19743000", "time": "2025-07-12T14:10:40.704240Z", "fetched_at": "2025-07-12T14:10:51.330456+00:00", "symbol": "DOGE-USD"}, {"trade_id": 138713457, "side": "sell", "size": "350.90000000", "price": "0.19743000", "time": "2025-07-12T14:10:40.702891Z", "fetched_at": "2025-07-12T14:10:51.330456+00:00", "symbol": "DOGE-USD"}, {"trade_id": 138713456, "side": "sell", "size": "350.90000000", "price": "0.19744000", "time": "2025-07-12T14:10:40.681885Z", "fetched_at": "2025-07-12T14:10:51.330456+00:00", "symbol": "DOGE-USD"}, {"trade_id": 138713455, "side": "sell", "size": "350.90000000", "price": "0.19743000", "time": "2025-07-12T14:10:40.660541Z", "fetched_at": "2025-07-12T14:10:51.330456+00:00", "symbol": "DOGE-USD"}, {"trade_id": 138713454, "side": "sell", "size": "350.90000000", "price": "0.19742000", "time": "2025-07-12T14:10:40.619429Z", "fetched_at": "2025-07-12T14:10:51.330456+00:00", "symbol": "DOGE-USD"}, {"trade_id": 138713453, "side": "sell", "size": "350.90000000", "price": "0.19744000", "time": "2025-07-12T14:10:40.610362Z", "fetched_at": "2025-07-12T14:10:51.330456+00:00", "symbol": "DOGE-USD"}, {"trade_id": 138713452, "side": "sell", "size": "350.90000000", "price": "0.19741000", "time": "2025-07-12T14:10:40.610362Z", "fetched_at": "2025-07-12T14:10:51.330456+00:00", "symbol": "DOGE-USD"}, {"trade_id": 138713451, "side": "buy", "size": "1421.30000000", "price": "0.19743000", "time": "2025-07-12T14:10:40.605583Z", "fetched_at": "2025-07-12T14:10:51.330456+00:00", "symbol": "DOGE-USD"}, {"trade_id": 138713450, "side": "buy", "size": "43329.50000000", "price": "0.19745000", "time": "2025-07-12T14:10:40.602343Z", "fetched_at": "2025-07-12T14:10:51.330456+00:00", "symbol": "DOGE-USD"}, {"trade_id": 138713449, "side": "buy", "size": "3037.30000000", "price": "0.19746000", "time": "2025-07-12T14:10:40.545049Z", "fetched_at": "2025-07-12T14:10:51.330456+00:00", "symbol": "DOGE-USD"}, {"trade_id": 138713448, "side": "buy", "size": "24860.20000000", "price": "0.19746000", "time": "2025-07-12T14:10:40.545049Z", "fetched_at": "2025-07-12T14:10:51.330456+00:00", "symbol": "DOGE-USD"}, {"trade_id": 138713447, "side": "buy", "size": "1227.50000000", "price": "0.19747000", "time": "2025-07-12T14:10:40.511491Z", "fetched_at": "2025-07-12T14:10:51.330456+00:00", "symbol": "DOGE-USD"}, {"trade_id": 138713446, "side": "buy", "size": "7160.80000000", "price": "0.19747000", "time": "2025-07-12T14:10:40.511491Z", "fetched_at": "2025-07-12T14:10:51.330456+00:00", "symbol": "DOGE-USD"}, {"trade_id": 138713445, "side": "buy", "size": "10000.00000000", "price": "0.19749000", "time": "2025-07-12T14:10:40.458249Z", "fetched_at": "2025-07-12T14:10:51.330456+00:00", "symbol": "DOGE-USD"}, {"trade_id": 138713444, "side": "buy", "size": "5000.00000000", "price": "0.19749000", "time": "2025-07-12T14:10:40.458249Z", "fetched_at": "2025-07-12T14:10:51.330456+00:00", "symbol": "DOGE-USD"}, {"trade_id": 138713443, "side": "buy", "size": "2500.00000000", "price": "0.19750000", "time": "2025-07-12T14:10:40.446690Z", "fetched_at": "2025-07-12T14:10:51.330456+00:00", "symbol": "DOGE-USD"}, {"trade_id": 138713442, "side": "buy", "size": "2142.30000000", "price": "0.19751000", "time": "2025-07-12T14:10:40.445266Z", "fetched_at": "2025-07-12T14:10:51.330456+00:00", "symbol": "DOGE-USD"}, {"trade_id": 138713441, "side": "sell", "size": "308.80000000", "price": "0.19753000", "time": "2025-07-12T14:10:40.357076Z", "fetched_at": "2025-07-12T14:10:51.330456+00:00", "symbol": "DOGE-USD"}, {"trade_id": 138713440, "side": "sell", "size": "1347.20000000", "price": "0.19751000", "time": "2025-07-12T14:10:40.357076Z", "fetched_at": "2025-07-12T14:10:51.330456+00:00", "symbol": "DOGE-USD"}, {"trade_id": 138713439, "side": "sell", "size": "1420.10000000", "price": "0.19751000", "time": "2025-07-12T14:10:40.357076Z", "fetched_at": "2025-07-12T14:10:51.330456+00:00", "symbol": "DOGE-USD"}, {"trade_id": 138713438, "side": "sell", "size": "1225.20000000", "price": "0.19751000", "time": "2025-07-12T14:10:39.640903Z", "fetched_at": "2025-07-12T14:10:51.330456+00:00", "symbol": "DOGE-USD"}, {"trade_id": 138713437, "side": "sell", "size": "25.00000000", "price": "0.19751000", "time": "2025-07-12T14:10:39.201623Z", "fetched_at": "2025-07-12T14:10:51.330456+00:00", "symbol": "DOGE-USD"}, {"trade_id": 138713436, "side": "sell", "size": "2029.90000000", "price": "0.19755000", "time": "2025-07-12T14:10:39.052770Z", "fetched_at": "2025-07-12T14:10:51.330456+00:00", "symbol": "DOGE-USD"}, {"trade_id": 138713435, "side": "sell", "size": "1285.30000000", "price": "0.19749000", "time": "2025-07-12T14:10:38.849211Z", "fetched_at": "2025-07-12T14:10:51.330456+00:00", "symbol": "DOGE-USD"}, {"trade_id": 138713434, "side": "sell", "size": "1182.20000000", "price": "0.19748000", "time": "2025-07-12T14:10:38.501928Z", "fetched_at": "2025-07-12T14:10:51.330456+00:00", "symbol": "DOGE-USD"}, {"trade_id": 138713433, "side": "buy", "size": "2304.00000000", "price": "0.19750000", "time": "2025-07-12T14:10:38.276119Z", "fetched_at": "2025-07-12T14:10:51.330456+00:00", "symbol": "DOGE-USD"}, {"trade_id": 138713432, "side": "buy", "size": "196.00000000", "price": "0.19750000", "time": "2025-07-12T14:10:38.274642Z", "fetched_at": "2025-07-12T14:10:51.330456+00:00", "symbol": "DOGE-USD"}, {"trade_id": 138713431, "side": "buy", "size": "8473.20000000", "price": "0.19750000", "time": "2025-07-12T14:10:38.269985Z", "fetched_at": "2025-07-12T14:10:51.330456+00:00", "symbol": "DOGE-USD"}, {"trade_id": 138713430, "side": "sell", "size": "1306.10000000", "price": "0.19751000", "time": "2025-07-12T14:10:38.172390Z", "fetched_at": "2025-07-12T14:10:51.330456+00:00", "symbol": "DOGE-USD"}, {"trade_id": 138713429, "side": "sell", "size": "1309.50000000", "price": "0.19752000", "time": "2025-07-12T14:10:38.163584Z", "fetched_at": "2025-07-12T14:10:51.330456+00:00", "symbol": "DOGE-USD"}, {"trade_id": 138713428, "side": "sell", "size": "1167.00000000", "price": "0.19751000", "time": "2025-07-12T14:10:38.070210Z", "fetched_at": "2025-07-12T14:10:51.330456+00:00", "symbol": "DOGE-USD"}, {"trade_id": 138713427, "side": "sell", "size": "1297.90000000", "price": "0.19751000", "time": "2025-07-12T14:10:38.070210Z", "fetched_at": "2025-07-12T14:10:51.330456+00:00", "symbol": "DOGE-USD"}, {"trade_id": 138713426, "side": "sell", "size": "1374.40000000", "price": "0.19750000", "time": "2025-07-12T14:10:38.005012Z", "fetched_at": "2025-07-12T14:10:51.330456+00:00", "symbol": "DOGE-USD"}, {"trade_id": 138713425, "side": "sell", "size": "1273.80000000", "price": "0.19749000", "time": "2025-07-12T14:10:37.995530Z", "fetched_at": "2025-07-12T14:10:51.330456+00:00", "symbol": "DOGE-USD"}, {"trade_id": 138713424, "side": "sell", "size": "1312.50000000", "price": "0.19750000", "time": "2025-07-12T14:10:37.876847Z", "fetched_at": "2025-07-12T14:10:51.330456+00:00", "symbol": "DOGE-USD"}, {"trade_id": 138713423, "side": "buy", "size": "41470.30000000", "price": "0.19751000", "time": "2025-07-12T14:10:37.841872Z", "fetched_at": "2025-07-12T14:10:51.330456+00:00", "symbol": "DOGE-USD"}, {"trade_id": 138713422, "side": "sell", "size": "1391.10000000", "price": "0.19754000", "time": "2025-07-12T14:10:37.691726Z", "fetched_at": "2025-07-12T14:10:51.330456+00:00", "symbol": "DOGE-USD"}, {"trade_id": 138713421, "side": "sell", "size": "1416.90000000", "price": "0.19753000", "time": "2025-07-12T14:10:37.645926Z", "fetched_at": "2025-07-12T14:10:51.330456+00:00", "symbol": "DOGE-USD"}, {"trade_id": 138713420, "side": "sell", "size": "1359.60000000", "price": "0.19752000", "time": "2025-07-12T14:10:37.641237Z", "fetched_at": "2025-07-12T14:10:51.330456+00:00", "symbol": "DOGE-USD"}, {"trade_id": 138713419, "side": "sell", "size": "2498.10000000", "price": "0.19756000", "time": "2025-07-12T14:10:37.506096Z", "fetched_at": "2025-07-12T14:10:51.330456+00:00", "symbol": "DOGE-USD"}, {"trade_id": 138713418, "side": "sell", "size": "1548.30000000", "price": "0.19756000", "time": "2025-07-12T14:10:37.506096Z", "fetched_at": "2025-07-12T14:10:51.330456+00:00", "symbol": "DOGE-USD"}, {"trade_id": 138713417, "side": "sell", "size": "2752.30000000", "price": "0.19755000", "time": "2025-07-12T14:10:37.506096Z", "fetched_at": "2025-07-12T14:10:51.330456+00:00", "symbol": "DOGE-USD"}, {"trade_id": 138713416, "side": "sell", "size": "1548.30000000", "price": "0.19755000", "time": "2025-07-12T14:10:37.506096Z", "fetched_at": "2025-07-12T14:10:51.330456+00:00", "symbol": "DOGE-USD"}, {"trade_id": 138713415, "side": "sell", "size": "7167.70000000", "price": "0.19755000", "time": "2025-07-12T14:10:37.506096Z", "fetched_at": "2025-07-12T14:10:51.330456+00:00", "symbol": "DOGE-USD"}, {"trade_id": 138713414, "side": "sell", "size": "1251.60000000", "price": "0.19749000", "time": "2025-07-12T14:10:37.506096Z", "fetched_at": "2025-07-12T14:10:51.330456+00:00", "symbol": "DOGE-USD"}, {"trade_id": 138713413, "side": "buy", "size": "1195.50000000", "price": "0.19749000", "time": "2025-07-12T14:10:37.292433Z", "fetched_at": "2025-07-12T14:10:51.330456+00:00", "symbol": "DOGE-USD"}, {"trade_id": 138713412, "side": "buy", "size": "40651.60000000", "price": "0.19750000", "time": "2025-07-12T14:10:37.282845Z", "fetched_at": "2025-07-12T14:10:51.330456+00:00", "symbol": "DOGE-USD"}, {"trade_id": 138713411, "side": "buy", "size": "2752.30000000", "price": "0.19750000", "time": "2025-07-12T14:10:37.282845Z", "fetched_at": "2025-07-12T14:10:51.330456+00:00", "symbol": "DOGE-USD"}, {"trade_id": 138713410, "side": "buy", "size": "1548.30000000", "price": "0.19750000", "time": "2025-07-12T14:10:37.282845Z", "fetched_at": "2025-07-12T14:10:51.330456+00:00", "symbol": "DOGE-USD"}, {"trade_id": 138713409, "side": "buy", "size": "1303.20000000", "price": "0.19753000", "time": "2025-07-12T14:10:37.277477Z", "fetched_at": "2025-07-12T14:10:51.330456+00:00", "symbol": "DOGE-USD"}, {"trade_id": 138713408, "side": "buy", "size": "183.00000000", "price": "0.19754000", "time": "2025-07-12T14:10:37.210885Z", "fetched_at": "2025-07-12T14:10:51.330456+00:00", "symbol": "DOGE-USD"}, {"trade_id": 138713407, "side": "buy", "size": "3337.00000000", "price": "0.19754000", "time": "2025-07-12T14:10:37.210885Z", "fetched_at": "2025-07-12T14:10:51.330456+00:00", "symbol": "DOGE-USD"}, {"trade_id": 138713406, "side": "buy", "size": "2000.00000000", "price": "0.19754000", "time": "2025-07-12T14:10:37.161863Z", "fetched_at": "2025-07-12T14:10:51.330456+00:00", "symbol": "DOGE-USD"}, {"trade_id": 138713405, "side": "buy", "size": "183.00000000", "price": "0.19759000", "time": "2025-07-12T14:10:37.106304Z", "fetched_at": "2025-07-12T14:10:51.330456+00:00", "symbol": "DOGE-USD"}, {"trade_id": 138713404, "side": "buy", "size": "6761.50000000", "price": "0.19758000", "time": "2025-07-12T14:10:37.008728Z", "fetched_at": "2025-07-12T14:10:51.330456+00:00", "symbol": "DOGE-USD"}, {"trade_id": 138713403, "side": "buy", "size": "4451.70000000", "price": "0.19759000", "time": "2025-07-12T14:10:37.008728Z", "fetched_at": "2025-07-12T14:10:51.330456+00:00", "symbol": "DOGE-USD"}, {"trade_id": 138713402, "side": "buy", "size": "1548.30000000", "price": "0.19759000", "time": "2025-07-12T14:10:37.008728Z", "fetched_at": "2025-07-12T14:10:51.330456+00:00", "symbol": "DOGE-USD"}, {"trade_id": 138713401, "side": "buy", "size": "189.30000000", "price": "0.19760000", "time": "2025-07-12T14:10:37.008728Z", "fetched_at": "2025-07-12T14:10:51.330456+00:00", "symbol": "DOGE-USD"}, {"trade_id": 138713400, "side": "sell", "size": "1313.60000000", "price": "0.19764000", "time": "2025-07-12T14:10:36.829198Z", "fetched_at": "2025-07-12T14:10:51.330456+00:00", "symbol": "DOGE-USD"}, {"trade_id": 138713399, "side": "sell", "size": "1183.60000000", "price": "0.19764000", "time": "2025-07-12T14:10:36.829198Z", "fetched_at": "2025-07-12T14:10:51.330456+00:00", "symbol": "DOGE-USD"}, {"trade_id": 138713398, "side": "buy", "size": "3043.80000000", "price": "0.19761000", "time": "2025-07-12T14:10:36.739093Z", "fetched_at": "2025-07-12T14:10:51.330456+00:00", "symbol": "DOGE-USD"}, {"trade_id": 138713397, "side": "buy", "size": "1362.90000000", "price": "0.19763000", "time": "2025-07-12T14:10:36.739093Z", "fetched_at": "2025-07-12T14:10:51.330456+00:00", "symbol": "DOGE-USD"}, {"trade_id": 138713396, "side": "buy", "size": "189.30000000", "price": "0.19764000", "time": "2025-07-12T14:10:36.739093Z", "fetched_at": "2025-07-12T14:10:51.330456+00:00", "symbol": "DOGE-USD"}, {"trade_id": 138713395, "side": "buy", "size": "1500.00000000", "price": "0.19755000", "time": "2025-07-12T14:10:36.214533Z", "fetched_at": "2025-07-12T14:10:51.330456+00:00", "symbol": "DOGE-USD"}, {"trade_id": 138713394, "side": "buy", "size": "309.00000000", "price": "0.19755000", "time": "2025-07-12T14:10:36.206314Z", "fetched_at": "2025-07-12T14:10:51.330456+00:00", "symbol": "DOGE-USD"}, {"trade_id": 138713393, "side": "buy", "size": "8198.00000000", "price": "0.19755000", "time": "2025-07-12T14:10:36.201932Z", "fetched_at": "2025-07-12T14:10:51.330456+00:00", "symbol": "DOGE-USD"}, {"trade_id": 138713392, "side": "buy", "size": "1266.90000000", "price": "0.19756000", "time": "2025-07-12T14:10:36.172066Z", "fetched_at": "2025-07-12T14:10:51.330456+00:00", "symbol": "DOGE-USD"}, {"trade_id": 138713391, "side": "buy", "size": "1283.90000000", "price": "0.19756000", "time": "2025-07-12T14:10:36.099820Z", "fetched_at": "2025-07-12T14:10:51.330456+00:00", "symbol": "DOGE-USD"}, {"trade_id": 138713390, "side": "buy", "size": "1808.90000000", "price": "0.19756000", "time": "2025-07-12T14:10:36.099820Z", "fetched_at": "2025-07-12T14:10:51.330456+00:00", "symbol": "DOGE-USD"}, {"trade_id": 138713389, "side": "buy", "size": "1317.40000000", "price": "0.19756000", "time": "2025-07-12T14:10:36.099820Z", "fetched_at": "2025-07-12T14:10:51.330456+00:00", "symbol": "DOGE-USD"}, {"trade_id": 138713388, "side": "sell", "size": "823.50000000", "price": "0.19768000", "time": "2025-07-12T14:10:36.093111Z", "fetched_at": "2025-07-12T14:10:51.330456+00:00", "symbol": "DOGE-USD"}, {"trade_id": 138713387, "side": "sell", "size": "1244.60000000", "price": "0.19767000", "time": "2025-07-12T14:10:36.093111Z", "fetched_at": "2025-07-12T14:10:51.330456+00:00", "symbol": "DOGE-USD"}, {"trade_id": 138713386, "side": "sell", "size": "32.00000000", "price": "0.19767000", "time": "2025-07-12T14:10:36.093111Z", "fetched_at": "2025-07-12T14:10:51.330456+00:00", "symbol": "DOGE-USD"}, {"trade_id": 138713385, "side": "buy", "size": "189.30000000", "price": "0.19756000", "time": "2025-07-12T14:10:36.089048Z", "fetched_at": "2025-07-12T14:10:51.330456+00:00", "symbol": "DOGE-USD"}, {"trade_id": 138713384, "side": "buy", "size": "189.30000000", "price": "0.19757000", "time": "2025-07-12T14:10:36.070430Z", "fetched_at": "2025-07-12T14:10:51.330456+00:00", "symbol": "DOGE-USD"}, {"trade_id": 138713383, "side": "sell", "size": "5.60000000", "price": "0.19764000", "time": "2025-07-12T14:10:36.061786Z", "fetched_at": "2025-07-12T14:10:51.330456+00:00", "symbol": "DOGE-USD"}, {"trade_id": 138713382, "side": "sell", "size": "103.40000000", "price": "0.19763000", "time": "2025-07-12T14:10:36.061786Z", "fetched_at": "2025-07-12T14:10:51.330456+00:00", "symbol": "DOGE-USD"}, {"trade_id": 138713381, "side": "buy", "size": "723.10000000", "price": "0.19756000", "time": "2025-07-12T14:10:36.058835Z", "fetched_at": "2025-07-12T14:10:51.330456+00:00", "symbol": "DOGE-USD"}, {"trade_id": 138713380, "side": "buy", "size": "189.30000000", "price": "0.19757000", "time": "2025-07-12T14:10:36.058835Z", "fetched_at": "2025-07-12T14:10:51.330456+00:00", "symbol": "DOGE-USD"}, {"trade_id": 138713379, "side": "sell", "size": "5402.10000000", "price": "0.19761000", "time": "2025-07-12T14:10:36.045372Z", "fetched_at": "2025-07-12T14:10:51.330456+00:00", "symbol": "DOGE-USD"}, {"trade_id": 138713378, "side": "sell", "size": "1170.80000000", "price": "0.19760000", "time": "2025-07-12T14:10:36.045372Z", "fetched_at": "2025-07-12T14:10:51.330456+00:00", "symbol": "DOGE-USD"}, {"trade_id": 138713377, "side": "sell", "size": "15.70000000", "price": "0.19757000", "time": "2025-07-12T14:10:35.926597Z", "fetched_at": "2025-07-12T14:10:51.330456+00:00", "symbol": "DOGE-USD"}, {"trade_id": 138713376, "side": "sell", "size": "5256.30000000", "price": "0.19755000", "time": "2025-07-12T14:10:35.842513Z", "fetched_at": "2025-07-12T14:10:51.330456+00:00", "symbol": "DOGE-USD"}, {"trade_id": 138713375, "side": "sell", "size": "1845.60000000", "price": "0.19755000", "time": "2025-07-12T14:10:35.840774Z", "fetched_at": "2025-07-12T14:10:51.330456+00:00", "symbol": "DOGE-USD"}, {"trade_id": 138713374, "side": "sell", "size": "558.00000000", "price": "0.19754000", "time": "2025-07-12T14:10:35.769977Z", "fetched_at": "2025-07-12T14:10:51.330456+00:00", "symbol": "DOGE-USD"}, {"trade_id": 138713373, "side": "sell", "size": "48.90000000", "price": "0.19754000", "time": "2025-07-12T14:10:35.769977Z", "fetched_at": "2025-07-12T14:10:51.330456+00:00", "symbol": "DOGE-USD"}, {"trade_id": 138713372, "side": "sell", "size": "5.60000000", "price": "0.19752000", "time": "2025-07-12T14:10:35.769977Z", "fetched_at": "2025-07-12T14:10:51.330456+00:00", "symbol": "DOGE-USD"}, {"trade_id": 138713371, "side": "buy", "size": "1207.50000000", "price": "0.19740000", "time": "2025-07-12T14:10:35.678461Z", "fetched_at": "2025-07-12T14:10:51.330456+00:00", "symbol": "DOGE-USD"}, {"trade_id": 138713370, "side": "buy", "size": "823.50000000", "price": "0.19748000", "time": "2025-07-12T14:10:35.678461Z", "fetched_at": "2025-07-12T14:10:51.330456+00:00", "symbol": "DOGE-USD"}, {"trade_id": 138713369, "side": "sell", "size": "159.00000000", "price": "0.19750000", "time": "2025-07-12T14:10:35.666592Z", "fetched_at": "2025-07-12T14:10:51.330456+00:00", "symbol": "DOGE-USD"}, {"trade_id": 138713368, "side": "sell", "size": "108.30000000", "price": "0.19748000", "time": "2025-07-12T14:10:35.631957Z", "fetched_at": "2025-07-12T14:10:51.330456+00:00", "symbol": "DOGE-USD"}, {"trade_id": 138713367, "side": "sell", "size": "2470.50000000", "price": "0.19749000", "time": "2025-07-12T14:10:35.624678Z", "fetched_at": "2025-07-12T14:10:51.330456+00:00", "symbol": "DOGE-USD"}, {"trade_id": 138713366, "side": "sell", "size": "2037.40000000", "price": "0.19749000", "time": "2025-07-12T14:10:35.618243Z", "fetched_at": "2025-07-12T14:10:51.330456+00:00", "symbol": "DOGE-USD"}, {"trade_id": 138713365, "side": "sell", "size": "4672.70000000", "price": "0.19749000", "time": "2025-07-12T14:10:35.568583Z", "fetched_at": "2025-07-12T14:10:51.330456+00:00", "symbol": "DOGE-USD"}, {"trade_id": 138713364, "side": "sell", "size": "3130.60000000", "price": "0.19749000", "time": "2025-07-12T14:10:35.560818Z", "fetched_at": "2025-07-12T14:10:51.330456+00:00", "symbol": "DOGE-USD"}, {"trade_id": 138713363, "side": "sell", "size": "8713.50000000", "price": "0.19749000", "time": "2025-07-12T14:10:35.558231Z", "fetched_at": "2025-07-12T14:10:51.330456+00:00", "symbol": "DOGE-USD"}, {"trade_id": 138713362, "side": "buy", "size": "694.80000000", "price": "0.19736000", "time": "2025-07-12T14:10:35.546605Z", "fetched_at": "2025-07-12T14:10:51.330456+00:00", "symbol": "DOGE-USD"}, {"trade_id": 138713361, "side": "buy", "size": "1191.60000000", "price": "0.19736000", "time": "2025-07-12T14:10:35.546605Z", "fetched_at": "2025-07-12T14:10:51.330456+00:00", "symbol": "DOGE-USD"}, {"trade_id": 138713360, "side": "buy", "size": "128.70000000", "price": "0.19737000", "time": "2025-07-12T14:10:35.546605Z", "fetched_at": "2025-07-12T14:10:51.330456+00:00", "symbol": "DOGE-USD"}, {"trade_id": 138713359, "side": "buy", "size": "2015.10000000", "price": "0.19737000", "time": "2025-07-12T14:10:35.535057Z", "fetched_at": "2025-07-12T14:10:51.330456+00:00", "symbol": "DOGE-USD"}, {"trade_id": 138713358, "side": "sell", "size": "1885.80000000", "price": "0.19749000", "time": "2025-07-12T14:10:35.517872Z", "fetched_at": "2025-07-12T14:10:51.330456+00:00", "symbol": "DOGE-USD"}, {"trade_id": 138713357, "side": "buy", "size": "823.50000000", "price": "0.19746000", "time": "2025-07-12T14:10:35.512772Z", "fetched_at": "2025-07-12T14:10:51.330456+00:00", "symbol": "DOGE-USD"}, {"trade_id": 138713356, "side": "sell", "size": "216.50000000", "price": "0.19747000", "time": "2025-07-12T14:10:35.503301Z", "fetched_at": "2025-07-12T14:10:51.330456+00:00", "symbol": "DOGE-USD"}, {"trade_id": 138713355, "side": "sell", "size": "433.10000000", "price": "0.19748000", "time": "2025-07-12T14:10:35.488956Z", "fetched_at": "2025-07-12T14:10:51.330456+00:00", "symbol": "DOGE-USD"}, {"trade_id": 138713354, "side": "sell", "size": "2470.50000000", "price": "0.19749000", "time": "2025-07-12T14:10:35.477486Z", "fetched_at": "2025-07-12T14:10:51.330456+00:00", "symbol": "DOGE-USD"}, {"trade_id": 138713353, "side": "sell", "size": "5286.00000000", "price": "0.19749000", "time": "2025-07-12T14:10:35.475435Z", "fetched_at": "2025-07-12T14:10:51.330456+00:00", "symbol": "DOGE-USD"}, {"trade_id": 138713352, "side": "sell", "size": "4941.00000000", "price": "0.19749000", "time": "2025-07-12T14:10:35.471787Z", "fetched_at": "2025-07-12T14:10:51.330456+00:00", "symbol": "DOGE-USD"}, {"trade_id": 138713351, "side": "sell", "size": "1152.10000000", "price": "0.19749000", "time": "2025-07-12T14:10:35.468869Z", "fetched_at": "2025-07-12T14:10:51.330456+00:00", "symbol": "DOGE-USD"}, {"trade_id": 138713350, "side": "sell", "size": "19.60000000", "price": "0.19749000", "time": "2025-07-12T14:10:35.468869Z", "fetched_at": "2025-07-12T14:10:51.330456+00:00", "symbol": "DOGE-USD"}, {"trade_id": 138713349, "side": "sell", "size": "3769.30000000", "price": "0.19748000", "time": "2025-07-12T14:10:35.468869Z", "fetched_at": "2025-07-12T14:10:51.330456+00:00", "symbol": "DOGE-USD"}, {"trade_id": 138713348, "side": "sell", "size": "6200.40000000", "price": "0.19748000", "time": "2025-07-12T14:10:35.466748Z", "fetched_at": "2025-07-12T14:10:51.330456+00:00", "symbol": "DOGE-USD"}, {"trade_id": 138713347, "side": "sell", "size": "866.10000000", "price": "0.19745000", "time": "2025-07-12T14:10:35.466748Z", "fetched_at": "2025-07-12T14:10:51.330456+00:00", "symbol": "DOGE-USD"}, {"trade_id": 138713346, "side": "sell", "size": "4941.00000000", "price": "0.19748000", "time": "2025-07-12T14:10:35.458562Z", "fetched_at": "2025-07-12T14:10:51.330456+00:00", "symbol": "DOGE-USD"}, {"trade_id": 138713345, "side": "sell", "size": "5.60000000", "price": "0.19744000", "time": "2025-07-12T14:10:35.352519Z", "fetched_at": "2025-07-12T14:10:51.330456+00:00", "symbol": "DOGE-USD"}, {"trade_id": 138713344, "side": "sell", "size": "8.20000000", "price": "0.19741000", "time": "2025-07-12T14:10:35.352519Z", "fetched_at": "2025-07-12T14:10:51.330456+00:00", "symbol": "DOGE-USD"}, {"trade_id": 138713343, "side": "sell", "size": "5.60000000", "price": "0.19740000", "time": "2025-07-12T14:10:35.352519Z", "fetched_at": "2025-07-12T14:10:51.330456+00:00", "symbol": "DOGE-USD"}, {"trade_id": 138713342, "side": "sell", "size": "2967.50000000", "price": "0.19736000", "time": "2025-07-12T14:10:35.340957Z", "fetched_at": "2025-07-12T14:10:51.330456+00:00", "symbol": "DOGE-USD"}, {"trade_id": 138713341, "side": "sell", "size": "4769.60000000", "price": "0.19736000", "time": "2025-07-12T14:10:35.339594Z", "fetched_at": "2025-07-12T14:10:51.330456+00:00", "symbol": "DOGE-USD"}, {"trade_id": 138713340, "side": "sell", "size": "5.60000000", "price": "0.19736000", "time": "2025-07-12T14:10:35.339594Z", "fetched_at": "2025-07-12T14:10:51.330456+00:00", "symbol": "DOGE-USD"}, {"trade_id": 138713339, "side": "sell", "size": "9.00000000", "price": "0.19736000", "time": "2025-07-12T14:10:35.339594Z", "fetched_at": "2025-07-12T14:10:51.330456+00:00", "symbol": "DOGE-USD"}, {"trade_id": 138713338, "side": "buy", "size": "1168.30000000", "price": "0.19725000", "time": "2025-07-12T14:10:35.305931Z", "fetched_at": "2025-07-12T14:10:51.330456+00:00", "symbol": "DOGE-USD"}, {"trade_id": 138713337, "side": "buy", "size": "189.30000000", "price": "0.19724000", "time": "2025-07-12T14:10:35.289917Z", "fetched_at": "2025-07-12T14:10:51.330456+00:00", "symbol": "DOGE-USD"}, {"trade_id": 138713336, "side": "buy", "size": "4014.20000000", "price": "0.19724000", "time": "2025-07-12T14:10:35.289917Z", "fetched_at": "2025-07-12T14:10:51.330456+00:00", "symbol": "DOGE-USD"}, {"trade_id": 138713335, "side": "buy", "size": "189.30000000", "price": "0.19726000", "time": "2025-07-12T14:10:35.289917Z", "fetched_at": "2025-07-12T14:10:51.330456+00:00", "symbol": "DOGE-USD"}, {"trade_id": 138713334, "side": "sell", "size": "27.90000000", "price": "0.19735000", "time": "2025-07-12T14:10:35.285189Z", "fetched_at": "2025-07-12T14:10:51.330456+00:00", "symbol": "DOGE-USD"}, {"trade_id": 138713333, "side": "sell", "size": "10.90000000", "price": "0.19734000", "time": "2025-07-12T14:10:35.285189Z", "fetched_at": "2025-07-12T14:10:51.330456+00:00", "symbol": "DOGE-USD"}, {"trade_id": 138713332, "side": "sell", "size": "2982.20000000", "price": "0.19730000", "time": "2025-07-12T14:10:35.285189Z", "fetched_at": "2025-07-12T14:10:51.330456+00:00", "symbol": "DOGE-USD"}, {"trade_id": 138713331, "side": "sell", "size": "206.50000000", "price": "0.19733000", "time": "2025-07-12T14:10:35.259909Z", "fetched_at": "2025-07-12T14:10:51.330456+00:00", "symbol": "DOGE-USD"}, {"trade_id": 138713330, "side": "sell", "size": "5.60000000", "price": "0.19732000", "time": "2025-07-12T14:10:35.259909Z", "fetched_at": "2025-07-12T14:10:51.330456+00:00", "symbol": "DOGE-USD"}, {"trade_id": 138713329, "side": "sell", "size": "5.60000000", "price": "0.19728000", "time": "2025-07-12T14:10:35.236285Z", "fetched_at": "2025-07-12T14:10:51.330456+00:00", "symbol": "DOGE-USD"}, {"trade_id": 138713328, "side": "sell", "size": "144.40000000", "price": "0.19728000", "time": "2025-07-12T14:10:35.236285Z", "fetched_at": "2025-07-12T14:10:51.330456+00:00", "symbol": "DOGE-USD"}, {"trade_id": 138713327, "side": "sell", "size": "23227.00000000", "price": "0.19727000", "time": "2025-07-12T14:10:35.209716Z", "fetched_at": "2025-07-12T14:10:51.330456+00:00", "symbol": "DOGE-USD"}, {"trade_id": 138713326, "side": "sell", "size": "68501.20000000", "price": "0.19725000", "time": "2025-07-12T14:10:35.111094Z", "fetched_at": "2025-07-12T14:10:51.330456+00:00", "symbol": "DOGE-USD"}, {"trade_id": 138713325, "side": "sell", "size": "5.60000000", "price": "0.19724000", "time": "2025-07-12T14:10:35.111094Z", "fetched_at": "2025-07-12T14:10:51.330456+00:00", "symbol": "DOGE-USD"}, {"trade_id": 138713324, "side": "sell", "size": "4557.10000000", "price": "0.19723000", "time": "2025-07-12T14:10:35.097199Z", "fetched_at": "2025-07-12T14:10:51.330456+00:00", "symbol": "DOGE-USD"}, {"trade_id": 138713323, "side": "sell", "size": "24860.20000000", "price": "0.19722000", "time": "2025-07-12T14:10:35.097199Z", "fetched_at": "2025-07-12T14:10:51.330456+00:00", "symbol": "DOGE-USD"}, {"trade_id": 138713322, "side": "sell", "size": "4079.70000000", "price": "0.19721000", "time": "2025-07-12T14:10:35.097199Z", "fetched_at": "2025-07-12T14:10:51.330456+00:00", "symbol": "DOGE-USD"}, {"trade_id": 138713321, "side": "sell", "size": "676.70000000", "price": "0.19721000", "time": "2025-07-12T14:10:35.097199Z", "fetched_at": "2025-07-12T14:10:51.330456+00:00", "symbol": "DOGE-USD"}, {"trade_id": 138713320, "side": "sell", "size": "5.60000000", "price": "0.19720000", "time": "2025-07-12T14:10:35.097199Z", "fetched_at": "2025-07-12T14:10:51.330456+00:00", "symbol": "DOGE-USD"}, {"trade_id": 138713319, "side": "sell", "size": "20545.70000000", "price": "0.19718000", "time": "2025-07-12T14:10:35.094885Z", "fetched_at": "2025-07-12T14:10:51.330456+00:00", "symbol": "DOGE-USD"}, {"trade_id": 138713318, "side": "sell", "size": "77549.40000000", "price": "0.19718000", "time": "2025-07-12T14:10:35.093070Z", "fetched_at": "2025-07-12T14:10:51.330456+00:00", "symbol": "DOGE-USD"}, {"trade_id": 138713317, "side": "sell", "size": "369.90000000", "price": "0.19718000", "time": "2025-07-12T14:10:35.092191Z", "fetched_at": "2025-07-12T14:10:51.330456+00:00", "symbol": "DOGE-USD"}, {"trade_id": 138713316, "side": "sell", "size": "25557.80000000", "price": "0.19718000", "time": "2025-07-12T14:10:35.077818Z", "fetched_at": "2025-07-12T14:10:51.330456+00:00", "symbol": "DOGE-USD"}, {"trade_id": 138713315, "side": "sell", "size": "3643.50000000", "price": "0.19717000", "time": "2025-07-12T14:10:35.077818Z", "fetched_at": "2025-07-12T14:10:51.330456+00:00", "symbol": "DOGE-USD"}, {"trade_id": 138713314, "side": "sell", "size": "3641.20000000", "price": "0.19717000", "time": "2025-07-12T14:10:35.077818Z", "fetched_at": "2025-07-12T14:10:51.330456+00:00", "symbol": "DOGE-USD"}, {"trade_id": 138713313, "side": "sell", "size": "199.50000000", "price": "0.19718000", "time": "2025-07-12T14:10:35.069482Z", "fetched_at": "2025-07-12T14:10:51.330456+00:00", "symbol": "DOGE-USD"}, {"trade_id": 138713312, "side": "sell", "size": "26679.80000000", "price": "0.19718000", "time": "2025-07-12T14:10:35.055330Z", "fetched_at": "2025-07-12T14:10:51.330456+00:00", "symbol": "DOGE-USD"}, {"trade_id": 138713311, "side": "sell", "size": "18654.00000000", "price": "0.19718000", "time": "2025-07-12T14:10:35.053586Z", "fetched_at": "2025-07-12T14:10:51.330456+00:00", "symbol": "DOGE-USD"}, {"trade_id": 138713310, "side": "sell", "size": "1256.60000000", "price": "0.19718000", "time": "2025-07-12T14:10:35.053159Z", "fetched_at": "2025-07-12T14:10:51.330456+00:00", "symbol": "DOGE-USD"}, {"trade_id": 138713309, "side": "sell", "size": "49224.60000000", "price": "0.19718000", "time": "2025-07-12T14:10:35.053129Z", "fetched_at": "2025-07-12T14:10:51.330456+00:00", "symbol": "DOGE-USD"}, {"trade_id": 138713308, "side": "sell", "size": "33614.20000000", "price": "0.19718000", "time": "2025-07-12T14:10:35.052132Z", "fetched_at": "2025-07-12T14:10:51.330456+00:00", "symbol": "DOGE-USD"}, {"trade_id": 138713307, "side": "sell", "size": "54936.70000000", "price": "0.19718000", "time": "2025-07-12T14:10:35.050482Z", "fetched_at": "2025-07-12T14:10:51.330456+00:00", "symbol": "DOGE-USD"}, {"trade_id": 138713306, "side": "sell", "size": "6895.00000000", "price": "0.19718000", "time": "2025-07-12T14:10:35.050482Z", "fetched_at": "2025-07-12T14:10:51.330456+00:00", "symbol": "DOGE-USD"}, {"trade_id": 138713305, "side": "sell", "size": "10591.50000000", "price": "0.19717000", "time": "2025-07-12T14:10:35.050482Z", "fetched_at": "2025-07-12T14:10:51.330456+00:00", "symbol": "DOGE-USD"}, {"trade_id": 138713304, "side": "sell", "size": "14268.70000000", "price": "0.19717000", "time": "2025-07-12T14:10:35.049467Z", "fetched_at": "2025-07-12T14:10:51.330456+00:00", "symbol": "DOGE-USD"}, {"trade_id": 138713303, "side": "sell", "size": "1522.50000000", "price": "0.19717000", "time": "2025-07-12T14:10:35.029402Z", "fetched_at": "2025-07-12T14:10:51.330456+00:00", "symbol": "DOGE-USD"}, {"trade_id": 138713302, "side": "sell", "size": "6895.00000000", "price": "0.19717000", "time": "2025-07-12T14:10:35.029402Z", "fetched_at": "2025-07-12T14:10:51.330456+00:00", "symbol": "DOGE-USD"}, {"trade_id": 138713301, "side": "sell", "size": "3045.90000000", "price": "0.19716000", "time": "2025-07-12T14:10:35.029402Z", "fetched_at": "2025-07-12T14:10:51.330456+00:00", "symbol": "DOGE-USD"}, {"trade_id": 138713300, "side": "sell", "size": "5.60000000", "price": "0.19716000", "time": "2025-07-12T14:10:35.029402Z", "fetched_at": "2025-07-12T14:10:51.330456+00:00", "symbol": "DOGE-USD"}, {"trade_id": 138713299, "side": "sell", "size": "6895.00000000", "price": "0.19716000", "time": "2025-07-12T14:10:35.029402Z", "fetched_at": "2025-07-12T14:10:51.330456+00:00", "symbol": "DOGE-USD"}, {"trade_id": 138713298, "side": "sell", "size": "2031.00000000", "price": "0.19715000", "time": "2025-07-12T14:10:35.029402Z", "fetched_at": "2025-07-12T14:10:51.330456+00:00", "symbol": "DOGE-USD"}, {"trade_id": 138713297, "side": "sell", "size": "6872.00000000", "price": "0.19715000", "time": "2025-07-12T14:10:35.029402Z", "fetched_at": "2025-07-12T14:10:51.330456+00:00", "symbol": "DOGE-USD"}, {"trade_id": 138713296, "side": "sell", "size": "55.20000000", "price": "0.19715000", "time": "2025-07-12T14:10:35.029402Z", "fetched_at": "2025-07-12T14:10:51.330456+00:00", "symbol": "DOGE-USD"}, {"trade_id": 138713295, "side": "sell", "size": "5881.70000000", "price": "0.19714000", "time": "2025-07-12T14:10:35.015465Z", "fetched_at": "2025-07-12T14:10:51.330456+00:00", "symbol": "DOGE-USD"}, {"trade_id": 138713294, "side": "sell", "size": "5.60000000", "price": "0.19714000", "time": "2025-07-12T14:10:35.015465Z", "fetched_at": "2025-07-12T14:10:51.330456+00:00", "symbol": "DOGE-USD"}, {"trade_id": 138713293, "side": "sell", "size": "4059.20000000", "price": "0.19714000", "time": "2025-07-12T14:10:35.015465Z", "fetched_at": "2025-07-12T14:10:51.330456+00:00", "symbol": "DOGE-USD"}, {"trade_id": 138713292, "side": "sell", "size": "23622.00000000", "price": "0.19714000", "time": "2025-07-12T14:10:35.010086Z", "fetched_at": "2025-07-12T14:10:51.330456+00:00", "symbol": "DOGE-USD"}, {"trade_id": 138713291, "side": "sell", "size": "7435.80000000", "price": "0.19714000", "time": "2025-07-12T14:10:35.005624Z", "fetched_at": "2025-07-12T14:10:51.330456+00:00", "symbol": "DOGE-USD"}, {"trade_id": 138713290, "side": "sell", "size": "154.50000000", "price": "0.19714000", "time": "2025-07-12T14:10:35.005624Z", "fetched_at": "2025-07-12T14:10:51.330456+00:00", "symbol": "DOGE-USD"}, {"trade_id": 138713289, "side": "sell", "size": "6869.20000000", "price": "0.19714000", "time": "2025-07-12T14:10:35.005624Z", "fetched_at": "2025-07-12T14:10:51.330456+00:00", "symbol": "DOGE-USD"}, {"trade_id": 138713288, "side": "sell", "size": "2500.00000000", "price": "0.19713000", "time": "2025-07-12T14:10:35.005624Z", "fetched_at": "2025-07-12T14:10:51.330456+00:00", "symbol": "DOGE-USD"}, {"trade_id": 138713287, "side": "sell", "size": "27.60000000", "price": "0.19713000", "time": "2025-07-12T14:10:35.005624Z", "fetched_at": "2025-07-12T14:10:51.330456+00:00", "symbol": "DOGE-USD"}, {"trade_id": 138713286, "side": "sell", "size": "6869.20000000", "price": "0.19713000", "time": "2025-07-12T14:10:35.005624Z", "fetched_at": "2025-07-12T14:10:51.330456+00:00", "symbol": "DOGE-USD"}, {"trade_id": 138713285, "side": "sell", "size": "823.50000000", "price": "0.19713000", "time": "2025-07-12T14:10:35.005624Z", "fetched_at": "2025-07-12T14:10:51.330456+00:00", "symbol": "DOGE-USD"}, {"trade_id": 138713284, "side": "sell", "size": "9.30000000", "price": "0.19713000", "time": "2025-07-12T14:10:35.005624Z", "fetched_at": "2025-07-12T14:10:51.330456+00:00", "symbol": "DOGE-USD"}, {"trade_id": 138713283, "side": "sell", "size": "5353.40000000", "price": "0.19712000", "time": "2025-07-12T14:10:35.005624Z", "fetched_at": "2025-07-12T14:10:51.330456+00:00", "symbol": "DOGE-USD"}, {"trade_id": 138713282, "side": "sell", "size": "37.80000000", "price": "0.19712000", "time": "2025-07-12T14:10:35.005624Z", "fetched_at": "2025-07-12T14:10:51.330456+00:00", "symbol": "DOGE-USD"}, {"trade_id": 138713281, "side": "sell", "size": "5.60000000", "price": "0.19712000", "time": "2025-07-12T14:10:35.005624Z", "fetched_at": "2025-07-12T14:10:51.330456+00:00", "symbol": "DOGE-USD"}, {"trade_id": 138713280, "side": "sell", "size": "6851.60000000", "price": "0.19712000", "time": "2025-07-12T14:10:35.005624Z", "fetched_at": "2025-07-12T14:10:51.330456+00:00", "symbol": "DOGE-USD"}, {"trade_id": 138713279, "side": "sell", "size": "7746.90000000", "price": "0.19711000", "time": "2025-07-12T14:10:35.005624Z", "fetched_at": "2025-07-12T14:10:51.330456+00:00", "symbol": "DOGE-USD"}, {"trade_id": 138713278, "side": "sell", "size": "78.50000000", "price": "0.19711000", "time": "2025-07-12T14:10:35.005624Z", "fetched_at": "2025-07-12T14:10:51.330456+00:00", "symbol": "DOGE-USD"}, {"trade_id": 138713277, "side": "sell", "size": "823.50000000", "price": "0.19711000", "time": "2025-07-12T14:10:35.005624Z", "fetched_at": "2025-07-12T14:10:51.330456+00:00", "symbol": "DOGE-USD"}, {"trade_id": 138713276, "side": "sell", "size": "2500.00000000", "price": "0.19710000", "time": "2025-07-12T14:10:35.005624Z", "fetched_at": "2025-07-12T14:10:51.330456+00:00", "symbol": "DOGE-USD"}, {"trade_id": 138713275, "side": "sell", "size": "80000.00000000", "price": "0.19710000", "time": "2025-07-12T14:10:35.005624Z", "fetched_at": "2025-07-12T14:10:51.330456+00:00", "symbol": "DOGE-USD"}, {"trade_id": 138713274, "side": "sell", "size": "5415.60000000", "price": "0.19710000", "time": "2025-07-12T14:10:35.005624Z", "fetched_at": "2025-07-12T14:10:51.330456+00:00", "symbol": "DOGE-USD"}, {"trade_id": 138713273, "side": "sell", "size": "5.60000000", "price": "0.19710000", "time": "2025-07-12T14:10:35.005624Z", "fetched_at": "2025-07-12T14:10:51.330456+00:00", "symbol": "DOGE-USD"}, {"trade_id": 138713272, "side": "sell", "size": "32.50000000", "price": "0.19710000", "time": "2025-07-12T14:10:35.005624Z", "fetched_at": "2025-07-12T14:10:51.330456+00:00", "symbol": "DOGE-USD"}, {"trade_id": 138713271, "side": "sell", "size": "184.70000000", "price": "0.19709000", "time": "2025-07-12T14:10:35.005624Z", "fetched_at": "2025-07-12T14:10:51.330456+00:00", "symbol": "DOGE-USD"}, {"trade_id": 138713270, "side": "sell", "size": "4784.20000000", "price": "0.19708000", "time": "2025-07-12T14:10:35.004822Z", "fetched_at": "2025-07-12T14:10:51.330456+00:00", "symbol": "DOGE-USD"}, {"trade_id": 138713269, "side": "sell", "size": "7659.90000000", "price": "0.19708000", "time": "2025-07-12T14:10:34.998029Z", "fetched_at": "2025-07-12T14:10:51.330456+00:00", "symbol": "DOGE-USD"}, {"trade_id": 138713268, "side": "sell", "size": "242.90000000", "price": "0.19708000", "time": "2025-07-12T14:10:34.993897Z", "fetched_at": "2025-07-12T14:10:51.330456+00:00", "symbol": "DOGE-USD"}, {"trade_id": 138713267, "side": "sell", "size": "47.90000000", "price": "0.19708000", "time": "2025-07-12T14:10:34.993897Z", "fetched_at": "2025-07-12T14:10:51.330456+00:00", "symbol": "DOGE-USD"}, {"trade_id": 138713266, "side": "sell", "size": "5.60000000", "price": "0.19708000", "time": "2025-07-12T14:10:34.993897Z", "fetched_at": "2025-07-12T14:10:51.330456+00:00", "symbol": "DOGE-USD"}, {"trade_id": 138713265, "side": "sell", "size": "4132.80000000", "price": "0.19708000", "time": "2025-07-12T14:10:34.993897Z", "fetched_at": "2025-07-12T14:10:51.330456+00:00", "symbol": "DOGE-USD"}, {"trade_id": 138713264, "side": "sell", "size": "2713.70000000", "price": "0.19708000", "time": "2025-07-12T14:10:34.993476Z", "fetched_at": "2025-07-12T14:10:51.330456+00:00", "symbol": "DOGE-USD"}, {"trade_id": 138713263, "side": "sell", "size": "7725.90000000", "price": "0.19707000", "time": "2025-07-12T14:10:34.993476Z", "fetched_at": "2025-07-12T14:10:51.330456+00:00", "symbol": "DOGE-USD"}, {"trade_id": 138713262, "side": "sell", "size": "2274.10000000", "price": "0.19707000", "time": "2025-07-12T14:10:34.993032Z", "fetched_at": "2025-07-12T14:10:51.330456+00:00", "symbol": "DOGE-USD"}, {"trade_id": 138713261, "side": "sell", "size": "2500.00000000", "price": "0.19707000", "time": "2025-07-12T14:10:34.993032Z", "fetched_at": "2025-07-12T14:10:51.330456+00:00", "symbol": "DOGE-USD"}, {"trade_id": 138713260, "side": "sell", "size": "3213.50000000", "price": "0.19707000", "time": "2025-07-12T14:10:34.993032Z", "fetched_at": "2025-07-12T14:10:51.330456+00:00", "symbol": "DOGE-USD"}, {"trade_id": 138713259, "side": "sell", "size": "1786.50000000", "price": "0.19707000", "time": "2025-07-12T14:10:34.992670Z", "fetched_at": "2025-07-12T14:10:51.330456+00:00", "symbol": "DOGE-USD"}, {"trade_id": 138713258, "side": "sell", "size": "7168.50000000", "price": "0.19707000", "time": "2025-07-12T14:10:34.992670Z", "fetched_at": "2025-07-12T14:10:51.330456+00:00", "symbol": "DOGE-USD"}, {"trade_id": 138713257, "side": "sell", "size": "11831.40000000", "price": "0.19707000", "time": "2025-07-12T14:10:34.992670Z", "fetched_at": "2025-07-12T14:10:51.330456+00:00", "symbol": "DOGE-USD"}, {"trade_id": 138713256, "side": "sell", "size": "6498.20000000", "price": "0.19707000", "time": "2025-07-12T14:10:34.990042Z", "fetched_at": "2025-07-12T14:10:51.330456+00:00", "symbol": "DOGE-USD"}, {"trade_id": 138713255, "side": "sell", "size": "1897.70000000", "price": "0.19707000", "time": "2025-07-12T14:10:34.990042Z", "fetched_at": "2025-07-12T14:10:51.330456+00:00", "symbol": "DOGE-USD"}, {"trade_id": 138713254, "side": "sell", "size": "10789.90000000", "price": "0.19707000", "time": "2025-07-12T14:10:34.987369Z", "fetched_at": "2025-07-12T14:10:51.330456+00:00", "symbol": "DOGE-USD"}, {"trade_id": 138713253, "side": "sell", "size": "144.40000000", "price": "0.19707000", "time": "2025-07-12T14:10:34.987369Z", "fetched_at": "2025-07-12T14:10:51.330456+00:00", "symbol": "DOGE-USD"}, {"trade_id": 138713252, "side": "sell", "size": "823.50000000", "price": "0.19707000", "time": "2025-07-12T14:10:34.987369Z", "fetched_at": "2025-07-12T14:10:51.330456+00:00", "symbol": "DOGE-USD"}, {"trade_id": 138713251, "side": "sell", "size": "1996.20000000", "price": "0.19706000", "time": "2025-07-12T14:10:34.987369Z", "fetched_at": "2025-07-12T14:10:51.330456+00:00", "symbol": "DOGE-USD"}, {"trade_id": 138713250, "side": "sell", "size": "4875.60000000", "price": "0.19706000", "time": "2025-07-12T14:10:34.987369Z", "fetched_at": "2025-07-12T14:10:51.330456+00:00", "symbol": "DOGE-USD"}, {"trade_id": 138713249, "side": "sell", "size": "2292.90000000", "price": "0.19706000", "time": "2025-07-12T14:10:34.982039Z", "fetched_at": "2025-07-12T14:10:51.330456+00:00", "symbol": "DOGE-USD"}, {"trade_id": 138713248, "side": "sell", "size": "5.60000000", "price": "0.19706000", "time": "2025-07-12T14:10:34.982039Z", "fetched_at": "2025-07-12T14:10:51.330456+00:00", "symbol": "DOGE-USD"}, {"trade_id": 138713247, "side": "sell", "size": "200.00000000", "price": "0.19706000", "time": "2025-07-12T14:10:34.982039Z", "fetched_at": "2025-07-12T14:10:51.330456+00:00", "symbol": "DOGE-USD"}, {"trade_id": 138713246, "side": "sell", "size": "1411.70000000", "price": "0.19705000", "time": "2025-07-12T14:10:34.982039Z", "fetched_at": "2025-07-12T14:10:51.330456+00:00", "symbol": "DOGE-USD"}, {"trade_id": 138713245, "side": "sell", "size": "3372.50000000", "price": "0.19705000", "time": "2025-07-12T14:10:34.982039Z", "fetched_at": "2025-07-12T14:10:51.330456+00:00", "symbol": "DOGE-USD"}, {"trade_id": 138713244, "side": "sell", "size": "3798.60000000", "price": "0.19705000", "time": "2025-07-12T14:10:34.978938Z", "fetched_at": "2025-07-12T14:10:51.330456+00:00", "symbol": "DOGE-USD"}, {"trade_id": 138713243, "side": "sell", "size": "823.50000000", "price": "0.19705000", "time": "2025-07-12T14:10:34.978938Z", "fetched_at": "2025-07-12T14:10:51.330456+00:00", "symbol": "DOGE-USD"}, {"trade_id": 138713242, "side": "sell", "size": "7171.10000000", "price": "0.19704000", "time": "2025-07-12T14:10:34.978897Z", "fetched_at": "2025-07-12T14:10:51.330456+00:00", "symbol": "DOGE-USD"}, {"trade_id": 138713241, "side": "sell", "size": "3639.10000000", "price": "0.19703000", "time": "2025-07-12T14:10:34.978286Z", "fetched_at": "2025-07-12T14:10:51.330456+00:00", "symbol": "DOGE-USD"}, {"trade_id": 138713240, "side": "sell", "size": "416.10000000", "price": "0.19703000", "time": "2025-07-12T14:10:34.978286Z", "fetched_at": "2025-07-12T14:10:51.330456+00:00", "symbol": "DOGE-USD"}, {"trade_id": 138713239, "side": "sell", "size": "3225.50000000", "price": "0.19703000", "time": "2025-07-12T14:10:34.977923Z", "fetched_at": "2025-07-12T14:10:51.330456+00:00", "symbol": "DOGE-USD"}, {"trade_id": 138713238, "side": "sell", "size": "7171.10000000", "price": "0.19703000", "time": "2025-07-12T14:10:34.977923Z", "fetched_at": "2025-07-12T14:10:51.330456+00:00", "symbol": "DOGE-USD"}, {"trade_id": 138713237, "side": "sell", "size": "631.40000000", "price": "0.19703000", "time": "2025-07-12T14:10:34.977923Z", "fetched_at": "2025-07-12T14:10:51.330456+00:00", "symbol": "DOGE-USD"}, {"trade_id": 138713236, "side": "sell", "size": "431.00000000", "price": "0.19702000", "time": "2025-07-12T14:10:34.977923Z", "fetched_at": "2025-07-12T14:10:51.330456+00:00", "symbol": "DOGE-USD"}, {"trade_id": 138713235, "side": "sell", "size": "823.50000000", "price": "0.19702000", "time": "2025-07-12T14:10:34.977923Z", "fetched_at": "2025-07-12T14:10:51.330456+00:00", "symbol": "DOGE-USD"}, {"trade_id": 138713234, "side": "sell", "size": "386.30000000", "price": "0.19701000", "time": "2025-07-12T14:10:34.797203Z", "fetched_at": "2025-07-12T14:10:51.330456+00:00", "symbol": "DOGE-USD"}, {"trade_id": 138713233, "side": "sell", "size": "330.20000000", "price": "0.19700000", "time": "2025-07-12T14:10:34.797203Z", "fetched_at": "2025-07-12T14:10:51.330456+00:00", "symbol": "DOGE-USD"}, {"trade_id": 138713232, "side": "sell", "size": "189.30000000", "price": "0.19700000", "time": "2025-07-12T14:10:34.797203Z", "fetched_at": "2025-07-12T14:10:51.330456+00:00", "symbol": "DOGE-USD"}, {"trade_id": 138713231, "side": "sell", "size": "350.90000000", "price": "0.19700000", "time": "2025-07-12T14:10:34.797203Z", "fetched_at": "2025-07-12T14:10:51.330456+00:00", "symbol": "DOGE-USD"}, {"trade_id": 138713230, "side": "sell", "size": "516.80000000", "price": "0.19705000", "time": "2025-07-12T14:10:32.856382Z", "fetched_at": "2025-07-12T14:10:51.330456+00:00", "symbol": "DOGE-USD"}, {"trade_id": 138713229, "side": "sell", "size": "3639.00000000", "price": "0.19705000", "time": "2025-07-12T14:10:32.856382Z", "fetched_at": "2025-07-12T14:10:51.330456+00:00", "symbol": "DOGE-USD"}, {"trade_id": 138713228, "side": "sell", "size": "631.40000000", "price": "0.19705000", "time": "2025-07-12T14:10:32.856382Z", "fetched_at": "2025-07-12T14:10:51.330456+00:00", "symbol": "DOGE-USD"}, {"trade_id": 138713227, "side": "sell", "size": "3636.50000000", "price": "0.19705000", "time": "2025-07-12T14:10:32.856382Z", "fetched_at": "2025-07-12T14:10:51.330456+00:00", "symbol": "DOGE-USD"}, {"trade_id": 138713226, "side": "sell", "size": "1548.30000000", "price": "0.19705000", "time": "2025-07-12T14:10:32.856382Z", "fetched_at": "2025-07-12T14:10:51.330456+00:00", "symbol": "DOGE-USD"}, {"trade_id": 138713225, "side": "sell", "size": "185.10000000", "price": "0.19705000", "time": "2025-07-12T14:10:32.856382Z", "fetched_at": "2025-07-12T14:10:51.330456+00:00", "symbol": "DOGE-USD"}, {"trade_id": 138713224, "side": "sell", "size": "1251.80000000", "price": "0.19704000", "time": "2025-07-12T14:10:32.856382Z", "fetched_at": "2025-07-12T14:10:51.330456+00:00", "symbol": "DOGE-USD"}, {"trade_id": 138713223, "side": "sell", "size": "5.60000000", "price": "0.19704000", "time": "2025-07-12T14:10:32.856382Z", "fetched_at": "2025-07-12T14:10:51.330456+00:00", "symbol": "DOGE-USD"}, {"trade_id": 138713222, "side": "sell", "size": "1233.60000000", "price": "0.19703000", "time": "2025-07-12T14:10:32.856382Z", "fetched_at": "2025-07-12T14:10:51.330456+00:00", "symbol": "DOGE-USD"}, {"trade_id": 138713221, "side": "sell", "size": "2148.10000000", "price": "0.19703000", "time": "2025-07-12T14:10:32.856382Z", "fetched_at": "2025-07-12T14:10:51.330456+00:00", "symbol": "DOGE-USD"}, {"trade_id": 138713220, "side": "sell", "size": "5.60000000", "price": "0.19702000", "time": "2025-07-12T14:10:32.856382Z", "fetched_at": "2025-07-12T14:10:51.330456+00:00", "symbol": "DOGE-USD"}, {"trade_id": 138713219, "side": "sell", "size": "784.10000000", "price": "0.19700000", "time": "2025-07-12T14:10:31.398034Z", "fetched_at": "2025-07-12T14:10:51.330456+00:00", "symbol": "DOGE-USD"}, {"trade_id": 138713218, "side": "sell", "size": "5.60000000", "price": "0.19700000", "time": "2025-07-12T14:10:31.398034Z", "fetched_at": "2025-07-12T14:10:51.330456+00:00", "symbol": "DOGE-USD"}, {"trade_id": 138713217, "side": "buy", "size": "66.90000000", "price": "0.19697000", "time": "2025-07-12T14:10:30.885534Z", "fetched_at": "2025-07-12T14:10:51.330456+00:00", "symbol": "DOGE-USD"}, {"trade_id": 138713216, "side": "sell", "size": "93.10000000", "price": "0.19698000", "time": "2025-07-12T14:10:30.515858Z", "fetched_at": "2025-07-12T14:10:51.330456+00:00", "symbol": "DOGE-USD"}, {"trade_id": 138713215, "side": "sell", "size": "5.60000000", "price": "0.19698000", "time": "2025-07-12T14:10:30.515858Z", "fetched_at": "2025-07-12T14:10:51.330456+00:00", "symbol": "DOGE-USD"}, {"trade_id": 138713214, "side": "buy", "size": "2000.00000000", "price": "0.19696000", "time": "2025-07-12T14:10:28.781530Z", "fetched_at": "2025-07-12T14:10:51.330456+00:00", "symbol": "DOGE-USD"}, {"trade_id": 138713213, "side": "buy", "size": "25.60000000", "price": "0.19697000", "time": "2025-07-12T14:10:23.809361Z", "fetched_at": "2025-07-12T14:10:51.330456+00:00", "symbol": "DOGE-USD"}, {"trade_id": 138713212, "side": "buy", "size": "1481.50000000", "price": "0.19692000", "time": "2025-07-12T14:10:22.107424Z", "fetched_at": "2025-07-12T14:10:51.330456+00:00", "symbol": "DOGE-USD"}, {"trade_id": 138713211, "side": "buy", "size": "331.80000000", "price": "0.19693000", "time": "2025-07-12T14:10:22.107424Z", "fetched_at": "2025-07-12T14:10:51.330456+00:00", "symbol": "DOGE-USD"}, {"trade_id": 138713210, "side": "sell", "size": "250.80000000", "price": "0.19694000", "time": "2025-07-12T14:10:22.049140Z", "fetched_at": "2025-07-12T14:10:51.330456+00:00", "symbol": "DOGE-USD"}, {"trade_id": 138713209, "side": "sell", "size": "3.80000000", "price": "0.19694000", "time": "2025-07-12T14:10:16.900954Z", "fetched_at": "2025-07-12T14:10:51.330456+00:00", "symbol": "DOGE-USD"}, {"trade_id": 138713208, "side": "buy", "size": "50.80000000", "price": "0.19690000", "time": "2025-07-12T14:10:10.315025Z", "fetched_at": "2025-07-12T14:10:51.330456+00:00", "symbol": "DOGE-USD"}, {"trade_id": 138713207, "side": "sell", "size": "123.40000000", "price": "0.19691000", "time": "2025-07-12T14:10:08.724255Z", "fetched_at": "2025-07-12T14:10:51.330456+00:00", "symbol": "DOGE-USD"}, {"trade_id": 138713206, "side": "buy", "size": "4082.20000000", "price": "0.19690000", "time": "2025-07-12T14:10:08.133930Z", "fetched_at": "2025-07-12T14:10:51.330456+00:00", "symbol": "DOGE-USD"}, {"trade_id": 138713205, "side": "buy", "size": "18365.60000000", "price": "0.19694000", "time": "2025-07-12T14:10:04.042984Z", "fetched_at": "2025-07-12T14:10:51.330456+00:00", "symbol": "DOGE-USD"}, {"trade_id": 138713204, "side": "buy", "size": "2351.00000000", "price": "0.19695000", "time": "2025-07-12T14:10:03.978844Z", "fetched_at": "2025-07-12T14:10:51.330456+00:00", "symbol": "DOGE-USD"}, {"trade_id": 138713203, "side": "sell", "size": "10687.60000000", "price": "0.19698000", "time": "2025-07-12T14:10:03.651902Z", "fetched_at": "2025-07-12T14:10:51.330456+00:00", "symbol": "DOGE-USD"}, {"trade_id": 138713202, "side": "sell", "size": "7678.10000000", "price": "0.19698000", "time": "2025-07-12T14:10:03.651732Z", "fetched_at": "2025-07-12T14:10:51.330456+00:00", "symbol": "DOGE-USD"}, {"trade_id": 138713201, "side": "sell", "size": "5.60000000", "price": "0.19698000", "time": "2025-07-12T14:10:03.651732Z", "fetched_at": "2025-07-12T14:10:51.330456+00:00", "symbol": "DOGE-USD"}, {"trade_id": 138713200, "side": "sell", "size": "557.90000000", "price": "0.19697000", "time": "2025-07-12T14:10:03.651732Z", "fetched_at": "2025-07-12T14:10:51.330456+00:00", "symbol": "DOGE-USD"}, {"trade_id": 138713199, "side": "sell", "size": "5.60000000", "price": "0.19696000", "time": "2025-07-12T14:10:03.651732Z", "fetched_at": "2025-07-12T14:10:51.330456+00:00", "symbol": "DOGE-USD"}, {"trade_id": 138713198, "side": "sell", "size": "5.60000000", "price": "0.19694000", "time": "2025-07-12T14:10:03.651732Z", "fetched_at": "2025-07-12T14:10:51.330456+00:00", "symbol": "DOGE-USD"}, {"trade_id": 138713197, "side": "sell", "size": "5.60000000", "price": "0.19692000", "time": "2025-07-12T14:09:59.295460Z", "fetched_at": "2025-07-12T14:10:51.330456+00:00", "symbol": "DOGE-USD"}, {"trade_id": 138713196, "side": "sell", "size": "632.80000000", "price": "0.19691000", "time": "2025-07-12T14:09:59.206719Z", "fetched_at": "2025-07-12T14:10:51.330456+00:00", "symbol": "DOGE-USD"}, {"trade_id": 138713195, "side": "sell", "size": "123.90000000", "price": "0.19691000", "time": "2025-07-12T14:09:59.206719Z", "fetched_at": "2025-07-12T14:10:51.330456+00:00", "symbol": "DOGE-USD"}, {"trade_id": 138713194, "side": "sell", "size": "823.50000000", "price": "0.19691000", "time": "2025-07-12T14:09:59.206719Z", "fetched_at": "2025-07-12T14:10:51.330456+00:00", "symbol": "DOGE-USD"}, {"trade_id": 138713193, "side": "sell", "size": "2352.20000000", "price": "0.19690000", "time": "2025-07-12T14:09:59.206719Z", "fetched_at": "2025-07-12T14:10:51.330456+00:00", "symbol": "DOGE-USD"}, {"trade_id": 138713192, "side": "sell", "size": "5.60000000", "price": "0.19690000", "time": "2025-07-12T14:09:59.206719Z", "fetched_at": "2025-07-12T14:10:51.330456+00:00", "symbol": "DOGE-USD"}, {"trade_id": 138713191, "side": "sell", "size": "362.60000000", "price": "0.19690000", "time": "2025-07-12T14:09:59.206719Z", "fetched_at": "2025-07-12T14:10:51.330456+00:00", "symbol": "DOGE-USD"}, {"trade_id": 138713190, "side": "sell", "size": "316.90000000", "price": "0.19689000", "time": "2025-07-12T14:09:59.206719Z", "fetched_at": "2025-07-12T14:10:51.330456+00:00", "symbol": "DOGE-USD"}, {"trade_id": 138713189, "side": "sell", "size": "139.30000000", "price": "0.19688000", "time": "2025-07-12T14:09:59.161205Z", "fetched_at": "2025-07-12T14:10:51.330456+00:00", "symbol": "DOGE-USD"}, {"trade_id": 138713188, "side": "sell", "size": "5.60000000", "price": "0.19688000", "time": "2025-07-12T14:09:59.161205Z", "fetched_at": "2025-07-12T14:10:51.330456+00:00", "symbol": "DOGE-USD"}, {"trade_id": 138713187, "side": "buy", "size": "254.00000000", "price": "0.19685000", "time": "2025-07-12T14:09:57.487237Z", "fetched_at": "2025-07-12T14:10:51.330456+00:00", "symbol": "DOGE-USD"}, {"trade_id": 138713186, "side": "buy", "size": "567.80000000", "price": "0.19686000", "time": "2025-07-12T14:09:56.480696Z", "fetched_at": "2025-07-12T14:10:51.330456+00:00", "symbol": "DOGE-USD"}, {"trade_id": 138713185, "side": "buy", "size": "2000.00000000", "price": "0.19686000", "time": "2025-07-12T14:09:56.480696Z", "fetched_at": "2025-07-12T14:10:51.330456+00:00", "symbol": "DOGE-USD"}, {"trade_id": 138713184, "side": "sell", "size": "88.70000000", "price": "0.19687000", "time": "2025-07-12T14:09:55.343072Z", "fetched_at": "2025-07-12T14:10:51.330456+00:00", "symbol": "DOGE-USD"}, {"trade_id": 138713183, "side": "sell", "size": "5.60000000", "price": "0.19686000", "time": "2025-07-12T14:09:54.670545Z", "fetched_at": "2025-07-12T14:10:51.330456+00:00", "symbol": "DOGE-USD"}, {"trade_id": 138713182, "side": "sell", "size": "37.60000000", "price": "0.19686000", "time": "2025-07-12T14:09:54.670545Z", "fetched_at": "2025-07-12T14:10:51.330456+00:00", "symbol": "DOGE-USD"}, {"trade_id": 138713181, "side": "sell", "size": "61.50000000", "price": "0.19685000", "time": "2025-07-12T14:09:53.999428Z", "fetched_at": "2025-07-12T14:10:51.330456+00:00", "symbol": "DOGE-USD"}, {"trade_id": 138713180, "side": "sell", "size": "73.30000000", "price": "0.19685000", "time": "2025-07-12T14:09:53.999428Z", "fetched_at": "2025-07-12T14:10:51.330456+00:00", "symbol": "DOGE-USD"}, {"trade_id": 138713179, "side": "sell", "size": "5.60000000", "price": "0.19684000", "time": "2025-07-12T14:09:53.999428Z", "fetched_at": "2025-07-12T14:10:51.330456+00:00", "symbol": "DOGE-USD"}, {"trade_id": 138713178, "side": "sell", "size": "5.60000000", "price": "0.19682000", "time": "2025-07-12T14:09:52.113306Z", "fetched_at": "2025-07-12T14:10:51.330456+00:00", "symbol": "DOGE-USD"}, {"trade_id": 138713177, "side": "sell", "size": "5.60000000", "price": "0.19680000", "time": "2025-07-12T14:09:51.706863Z", "fetched_at": "2025-07-12T14:10:51.330456+00:00", "symbol": "DOGE-USD"}, {"trade_id": 138713176, "side": "sell", "size": "789.70000000", "price": "0.19678000", "time": "2025-07-12T14:09:51.653117Z", "fetched_at": "2025-07-12T14:10:51.330456+00:00", "symbol": "DOGE-USD"}, {"trade_id": 138713175, "side": "sell", "size": "1257.10000000", "price": "0.19679000", "time": "2025-07-12T14:09:51.650160Z", "fetched_at": "2025-07-12T14:10:51.330456+00:00", "symbol": "DOGE-USD"}, {"trade_id": 138713174, "side": "sell", "size": "2353.50000000", "price": "0.19678000", "time": "2025-07-12T14:09:51.650160Z", "fetched_at": "2025-07-12T14:10:51.330456+00:00", "symbol": "DOGE-USD"}, {"trade_id": 138713173, "side": "sell", "size": "5.60000000", "price": "0.19678000", "time": "2025-07-12T14:09:51.650160Z", "fetched_at": "2025-07-12T14:10:51.330456+00:00", "symbol": "DOGE-USD"}, {"trade_id": 138713172, "side": "sell", "size": "1.50000000", "price": "0.19678000", "time": "2025-07-12T14:09:51.650160Z", "fetched_at": "2025-07-12T14:10:51.330456+00:00", "symbol": "DOGE-USD"}, {"trade_id": 138713171, "side": "sell", "size": "5.60000000", "price": "0.19676000", "time": "2025-07-12T14:09:51.376912Z", "fetched_at": "2025-07-12T14:10:51.330456+00:00", "symbol": "DOGE-USD"}, {"trade_id": 138713170, "side": "sell", "size": "12.80000000", "price": "0.19675000", "time": "2025-07-12T14:09:50.652038Z", "fetched_at": "2025-07-12T14:10:51.330456+00:00", "symbol": "DOGE-USD"}, {"trade_id": 138713169, "side": "sell", "size": "12.70000000", "price": "0.19674000", "time": "2025-07-12T14:09:50.124951Z", "fetched_at": "2025-07-12T14:10:51.330456+00:00", "symbol": "DOGE-USD"}, {"trade_id": 138713168, "side": "sell", "size": "6.90000000", "price": "0.19674000", "time": "2025-07-12T14:09:49.763170Z", "fetched_at": "2025-07-12T14:10:51.330456+00:00", "symbol": "DOGE-USD"}, {"trade_id": 138713167, "side": "sell", "size": "5.60000000", "price": "0.19674000", "time": "2025-07-12T14:09:49.763170Z", "fetched_at": "2025-07-12T14:10:51.330456+00:00", "symbol": "DOGE-USD"}, {"trade_id": 138713166, "side": "sell", "size": "5.60000000", "price": "0.19672000", "time": "2025-07-12T14:09:49.326111Z", "fetched_at": "2025-07-12T14:10:51.330456+00:00", "symbol": "DOGE-USD"}, {"trade_id": 138713165, "side": "sell", "size": "13.00000000", "price": "0.19668000", "time": "2025-07-12T14:09:48.865557Z", "fetched_at": "2025-07-12T14:10:51.330456+00:00", "symbol": "DOGE-USD"}, {"trade_id": 138713164, "side": "buy", "size": "19.50000000", "price": "0.19668000", "time": "2025-07-12T14:09:48.243756Z", "fetched_at": "2025-07-12T14:10:51.330456+00:00", "symbol": "DOGE-USD"}, {"trade_id": 138713163, "side": "sell", "size": "11.90000000", "price": "0.19669000", "time": "2025-07-12T14:09:48.158030Z", "fetched_at": "2025-07-12T14:10:51.330456+00:00", "symbol": "DOGE-USD"}, {"trade_id": 138713162, "side": "sell", "size": "11.80000000", "price": "0.19668000", "time": "2025-07-12T14:09:48.012684Z", "fetched_at": "2025-07-12T14:10:51.330456+00:00", "symbol": "DOGE-USD"}, {"trade_id": 138713161, "side": "sell", "size": "12.90000000", "price": "0.19668000", "time": "2025-07-12T14:09:47.859682Z", "fetched_at": "2025-07-12T14:10:51.330456+00:00", "symbol": "DOGE-USD"}, {"trade_id": 138713160, "side": "sell", "size": "920.40000000", "price": "0.19668000", "time": "2025-07-12T14:09:47.683282Z", "fetched_at": "2025-07-12T14:10:51.330456+00:00", "symbol": "DOGE-USD"}, {"trade_id": 138713159, "side": "sell", "size": "337.60000000", "price": "0.19668000", "time": "2025-07-12T14:09:47.683282Z", "fetched_at": "2025-07-12T14:10:51.330456+00:00", "symbol": "DOGE-USD"}, {"trade_id": 138713158, "side": "sell", "size": "13.30000000", "price": "0.19668000", "time": "2025-07-12T14:09:47.488236Z", "fetched_at": "2025-07-12T14:10:51.330456+00:00", "symbol": "DOGE-USD"}, {"trade_id": 138713157, "side": "sell", "size": "493.60000000", "price": "0.19669000", "time": "2025-07-12T14:09:47.243427Z", "fetched_at": "2025-07-12T14:10:51.330456+00:00", "symbol": "DOGE-USD"}, {"trade_id": 138713156, "side": "buy", "size": "7.70000000", "price": "0.19667000", "time": "2025-07-12T14:09:47.016409Z", "fetched_at": "2025-07-12T14:10:51.330456+00:00", "symbol": "DOGE-USD"}, {"trade_id": 138713155, "side": "buy", "size": "5.60000000", "price": "0.19668000", "time": "2025-07-12T14:09:47.016409Z", "fetched_at": "2025-07-12T14:10:51.330456+00:00", "symbol": "DOGE-USD"}, {"trade_id": 138713154, "side": "buy", "size": "2354.10000000", "price": "0.19670000", "time": "2025-07-12T14:09:46.854598Z", "fetched_at": "2025-07-12T14:10:51.330456+00:00", "symbol": "DOGE-USD"}, {"trade_id": 138713153, "side": "buy", "size": "632.80000000", "price": "0.19670000", "time": "2025-07-12T14:09:46.854598Z", "fetched_at": "2025-07-12T14:10:51.330456+00:00", "symbol": "DOGE-USD"}, {"trade_id": 138713152, "side": "sell", "size": "3069.10000000", "price": "0.19671000", "time": "2025-07-12T14:09:44.960012Z", "fetched_at": "2025-07-12T14:10:51.330456+00:00", "symbol": "DOGE-USD"}, {"trade_id": 138713151, "side": "sell", "size": "1548.30000000", "price": "0.19671000", "time": "2025-07-12T14:09:44.960012Z", "fetched_at": "2025-07-12T14:10:51.330456+00:00", "symbol": "DOGE-USD"}, {"trade_id": 138713150, "side": "sell", "size": "2353.90000000", "price": "0.19670000", "time": "2025-07-12T14:09:44.960012Z", "fetched_at": "2025-07-12T14:10:51.330456+00:00", "symbol": "DOGE-USD"}, {"trade_id": 138713149, "side": "sell", "size": "1391.60000000", "price": "0.19670000", "time": "2025-07-12T14:09:44.960012Z", "fetched_at": "2025-07-12T14:10:51.330456+00:00", "symbol": "DOGE-USD"}, {"trade_id": 138713148, "side": "sell", "size": "1406.60000000", "price": "0.19669000", "time": "2025-07-12T14:09:44.960012Z", "fetched_at": "2025-07-12T14:10:51.330456+00:00", "symbol": "DOGE-USD"}, {"trade_id": 138713147, "side": "sell", "size": "350.90000000", "price": "0.19669000", "time": "2025-07-12T14:09:44.960012Z", "fetched_at": "2025-07-12T14:10:51.330456+00:00", "symbol": "DOGE-USD"}, {"trade_id": 138713146, "side": "sell", "size": "12.30000000", "price": "0.19670000", "time": "2025-07-12T14:09:44.264089Z", "fetched_at": "2025-07-12T14:10:51.330456+00:00", "symbol": "DOGE-USD"}, {"trade_id": 138713145, "side": "sell", "size": "498.10000000", "price": "0.19671000", "time": "2025-07-12T14:09:44.237029Z", "fetched_at": "2025-07-12T14:10:51.330456+00:00", "symbol": "DOGE-USD"}, {"trade_id": 138713144, "side": "sell", "size": "12.10000000", "price": "0.19670000", "time": "2025-07-12T14:09:43.827877Z", "fetched_at": "2025-07-12T14:10:51.330456+00:00", "symbol": "DOGE-USD"}, {"trade_id": 138713143, "side": "sell", "size": "12.20000000", "price": "0.19672000", "time": "2025-07-12T14:09:43.544425Z", "fetched_at": "2025-07-12T14:10:51.330456+00:00", "symbol": "DOGE-USD"}, {"trade_id": 138713142, "side": "buy", "size": "1548.30000000", "price": "0.19672000", "time": "2025-07-12T14:09:42.650320Z", "fetched_at": "2025-07-12T14:10:51.330456+00:00", "symbol": "DOGE-USD"}, {"trade_id": 138713141, "side": "buy", "size": "20.30000000", "price": "0.19672000", "time": "2025-07-12T14:09:42.650320Z", "fetched_at": "2025-07-12T14:10:51.330456+00:00", "symbol": "DOGE-USD"}, {"trade_id": 138713140, "side": "buy", "size": "189.30000000", "price": "0.19673000", "time": "2025-07-12T14:09:42.650320Z", "fetched_at": "2025-07-12T14:10:51.330456+00:00", "symbol": "DOGE-USD"}, {"trade_id": 138713139, "side": "sell", "size": "14.30000000", "price": "0.19675000", "time": "2025-07-12T14:09:42.627856Z", "fetched_at": "2025-07-12T14:10:51.330456+00:00", "symbol": "DOGE-USD"}, {"trade_id": 138713138, "side": "buy", "size": "1793.60000000", "price": "0.19669000", "time": "2025-07-12T14:09:42.498890Z", "fetched_at": "2025-07-12T14:10:51.330456+00:00", "symbol": "DOGE-USD"}, {"trade_id": 138713137, "side": "buy", "size": "11627.40000000", "price": "0.19669000", "time": "2025-07-12T14:09:42.498890Z", "fetched_at": "2025-07-12T14:10:51.330456+00:00", "symbol": "DOGE-USD"}, {"trade_id": 138713136, "side": "buy", "size": "2980.60000000", "price": "0.19669000", "time": "2025-07-12T14:09:42.498890Z", "fetched_at": "2025-07-12T14:10:51.330456+00:00", "symbol": "DOGE-USD"}, {"trade_id": 138713135, "side": "buy", "size": "1548.30000000", "price": "0.19669000", "time": "2025-07-12T14:09:42.498890Z", "fetched_at": "2025-07-12T14:10:51.330456+00:00", "symbol": "DOGE-USD"}, {"trade_id": 138713134, "side": "buy", "size": "1000.00000000", "price": "0.19670000", "time": "2025-07-12T14:09:42.498890Z", "fetched_at": "2025-07-12T14:10:51.330456+00:00", "symbol": "DOGE-USD"}, {"trade_id": 138713133, "side": "buy", "size": "2500.00000000", "price": "0.19670000", "time": "2025-07-12T14:09:42.498890Z", "fetched_at": "2025-07-12T14:10:51.330456+00:00", "symbol": "DOGE-USD"}, {"trade_id": 138713132, "side": "buy", "size": "5.60000000", "price": "0.19670000", "time": "2025-07-12T14:09:42.498890Z", "fetched_at": "2025-07-12T14:10:51.330456+00:00", "symbol": "DOGE-USD"}, {"trade_id": 138713131, "side": "buy", "size": "632.80000000", "price": "0.19671000", "time": "2025-07-12T14:09:42.498890Z", "fetched_at": "2025-07-12T14:10:51.330456+00:00", "symbol": "DOGE-USD"}, {"trade_id": 138713130, "side": "buy", "size": "1548.30000000", "price": "0.19671000", "time": "2025-07-12T14:09:42.498890Z", "fetched_at": "2025-07-12T14:10:51.330456+00:00", "symbol": "DOGE-USD"}, {"trade_id": 138713129, "side": "buy", "size": "633.50000000", "price": "0.19671000", "time": "2025-07-12T14:09:42.498890Z", "fetched_at": "2025-07-12T14:10:51.330456+00:00", "symbol": "DOGE-USD"}, {"trade_id": 138713128, "side": "buy", "size": "2133.20000000", "price": "0.19672000", "time": "2025-07-12T14:09:42.498890Z", "fetched_at": "2025-07-12T14:10:51.330456+00:00", "symbol": "DOGE-USD"}, {"trade_id": 138713127, "side": "buy", "size": "20.30000000", "price": "0.19673000", "time": "2025-07-12T14:09:42.498890Z", "fetched_at": "2025-07-12T14:10:51.330456+00:00", "symbol": "DOGE-USD"}, {"trade_id": 138713126, "side": "buy", "size": "1334.10000000", "price": "0.19673000", "time": "2025-07-12T14:09:42.498890Z", "fetched_at": "2025-07-12T14:10:51.330456+00:00", "symbol": "DOGE-USD"}, {"trade_id": 138713125, "side": "sell", "size": "12.00000000", "price": "0.19675000", "time": "2025-07-12T14:09:42.238263Z", "fetched_at": "2025-07-12T14:10:51.330456+00:00", "symbol": "DOGE-USD"}, {"trade_id": 138713124, "side": "sell", "size": "13.20000000", "price": "0.19675000", "time": "2025-07-12T14:09:41.477765Z", "fetched_at": "2025-07-12T14:10:51.330456+00:00", "symbol": "DOGE-USD"}, {"trade_id": 138713123, "side": "sell", "size": "12.40000000", "price": "0.19675000", "time": "2025-07-12T14:09:41.225834Z", "fetched_at": "2025-07-12T14:10:51.330456+00:00", "symbol": "DOGE-USD"}, {"trade_id": 138713122, "side": "buy", "size": "5.60000000", "price": "0.19672000", "time": "2025-07-12T14:09:37.421655Z", "fetched_at": "2025-07-12T14:10:51.330456+00:00", "symbol": "DOGE-USD"}, {"trade_id": 138713121, "side": "buy", "size": "5.60000000", "price": "0.19674000", "time": "2025-07-12T14:09:37.358958Z", "fetched_at": "2025-07-12T14:10:51.330456+00:00", "symbol": "DOGE-USD"}, {"trade_id": 138713120, "side": "buy", "size": "5.60000000", "price": "0.19676000", "time": "2025-07-12T14:09:36.545564Z", "fetched_at": "2025-07-12T14:10:51.330456+00:00", "symbol": "DOGE-USD"}, {"trade_id": 138713119, "side": "buy", "size": "3048.00000000", "price": "0.19678000", "time": "2025-07-12T14:09:36.513647Z", "fetched_at": "2025-07-12T14:10:51.330456+00:00", "symbol": "DOGE-USD"}, {"trade_id": 138713118, "side": "buy", "size": "2352.90000000", "price": "0.19680000", "time": "2025-07-12T14:09:36.500573Z", "fetched_at": "2025-07-12T14:10:51.330456+00:00", "symbol": "DOGE-USD"}, {"trade_id": 138713117, "side": "buy", "size": "5.60000000", "price": "0.19680000", "time": "2025-07-12T14:09:36.500573Z", "fetched_at": "2025-07-12T14:10:51.330456+00:00", "symbol": "DOGE-USD"}, {"trade_id": 138713116, "side": "buy", "size": "2000.00000000", "price": "0.19683000", "time": "2025-07-12T14:09:36.348703Z", "fetched_at": "2025-07-12T14:10:51.330456+00:00", "symbol": "DOGE-USD"}, {"trade_id": 138713115, "side": "sell", "size": "20.30000000", "price": "0.19685000", "time": "2025-07-12T14:09:33.363064Z", "fetched_at": "2025-07-12T14:10:51.330456+00:00", "symbol": "DOGE-USD"}, {"trade_id": 138713114, "side": "sell", "size": "5.60000000", "price": "0.19684000", "time": "2025-07-12T14:09:32.178029Z", "fetched_at": "2025-07-12T14:10:51.330456+00:00", "symbol": "DOGE-USD"}, {"trade_id": 138713113, "side": "sell", "size": "17.70000000", "price": "0.19684000", "time": "2025-07-12T14:09:32.178029Z", "fetched_at": "2025-07-12T14:10:51.330456+00:00", "symbol": "DOGE-USD"}, {"trade_id": 138713112, "side": "sell", "size": "2226.90000000", "price": "0.19683000", "time": "2025-07-12T14:09:31.882903Z", "fetched_at": "2025-07-12T14:10:51.330456+00:00", "symbol": "DOGE-USD"}, {"trade_id": 138713111, "side": "sell", "size": "169.70000000", "price": "0.19683000", "time": "2025-07-12T14:09:31.882903Z", "fetched_at": "2025-07-12T14:10:51.330456+00:00", "symbol": "DOGE-USD"}, {"trade_id": 138713110, "side": "sell", "size": "5.60000000", "price": "0.19682000", "time": "2025-07-12T14:09:31.882903Z", "fetched_at": "2025-07-12T14:10:51.330456+00:00", "symbol": "DOGE-USD"}, {"trade_id": 138713109, "side": "sell", "size": "108.80000000", "price": "0.19682000", "time": "2025-07-12T14:09:31.882903Z", "fetched_at": "2025-07-12T14:10:51.330456+00:00", "symbol": "DOGE-USD"}, {"trade_id": 138713108, "side": "sell", "size": "19.60000000", "price": "0.19680000", "time": "2025-07-12T14:09:30.114621Z", "fetched_at": "2025-07-12T14:10:51.330456+00:00", "symbol": "DOGE-USD"}, {"trade_id": 138713107, "side": "sell", "size": "5.60000000", "price": "0.19680000", "time": "2025-07-12T14:09:30.114621Z", "fetched_at": "2025-07-12T14:10:51.330456+00:00", "symbol": "DOGE-USD"}, {"trade_id": 138713106, "side": "buy", "size": "2000.00000000", "price": "0.19679000", "time": "2025-07-12T14:09:28.716917Z", "fetched_at": "2025-07-12T14:10:51.330456+00:00", "symbol": "DOGE-USD"}, {"trade_id": 138713105, "side": "sell", "size": "5.60000000", "price": "0.19678000", "time": "2025-07-12T14:09:28.169300Z", "fetched_at": "2025-07-12T14:10:51.330456+00:00", "symbol": "DOGE-USD"}, {"trade_id": 138713104, "side": "sell", "size": "5.60000000", "price": "0.19676000", "time": "2025-07-12T14:09:27.918910Z", "fetched_at": "2025-07-12T14:10:51.330456+00:00", "symbol": "DOGE-USD"}, {"trade_id": 138713103, "side": "sell", "size": "5.60000000", "price": "0.19674000", "time": "2025-07-12T14:09:26.853520Z", "fetched_at": "2025-07-12T14:10:51.330456+00:00", "symbol": "DOGE-USD"}, {"trade_id": 138713102, "side": "sell", "size": "5.60000000", "price": "0.19672000", "time": "2025-07-12T14:09:25.779147Z", "fetched_at": "2025-07-12T14:10:51.330456+00:00", "symbol": "DOGE-USD"}, {"trade_id": 138713101, "side": "sell", "size": "2354.40000000", "price": "0.19671000", "time": "2025-07-12T14:09:25.676378Z", "fetched_at": "2025-07-12T14:10:51.330456+00:00", "symbol": "DOGE-USD"}, {"trade_id": 138713100, "side": "sell", "size": "10343.30000000", "price": "0.19671000", "time": "2025-07-12T14:09:25.676378Z", "fetched_at": "2025-07-12T14:10:51.330456+00:00", "symbol": "DOGE-USD"}, {"trade_id": 138713099, "side": "sell", "size": "1548.30000000", "price": "0.19671000", "time": "2025-07-12T14:09:25.676378Z", "fetched_at": "2025-07-12T14:10:51.330456+00:00", "symbol": "DOGE-USD"}, {"trade_id": 138713098, "side": "sell", "size": "5.60000000", "price": "0.19670000", "time": "2025-07-12T14:09:25.676378Z", "fetched_at": "2025-07-12T14:10:51.330456+00:00", "symbol": "DOGE-USD"}, {"trade_id": 138713097, "side": "sell", "size": "5.60000000", "price": "0.19668000", "time": "2025-07-12T14:09:23.068027Z", "fetched_at": "2025-07-12T14:10:51.330456+00:00", "symbol": "DOGE-USD"}, {"trade_id": 138713096, "side": "sell", "size": "5.60000000", "price": "0.19664000", "time": "2025-07-12T14:09:20.989978Z", "fetched_at": "2025-07-12T14:10:51.330456+00:00", "symbol": "DOGE-USD"}, {"trade_id": 138713095, "side": "buy", "size": "20.30000000", "price": "0.19660000", "time": "2025-07-12T14:09:16.286910Z", "fetched_at": "2025-07-12T14:10:51.330456+00:00", "symbol": "DOGE-USD"}, {"trade_id": 138713094, "side": "buy", "size": "4038.30000000", "price": "0.19660000", "time": "2025-07-12T14:09:16.285203Z", "fetched_at": "2025-07-12T14:10:51.330456+00:00", "symbol": "DOGE-USD"}, {"trade_id": 138713093, "side": "buy", "size": "1548.30000000", "price": "0.19660000", "time": "2025-07-12T14:09:16.285203Z", "fetched_at": "2025-07-12T14:10:51.330456+00:00", "symbol": "DOGE-USD"}, {"trade_id": 138713092, "side": "buy", "size": "633.50000000", "price": "0.19661000", "time": "2025-07-12T14:09:16.282932Z", "fetched_at": "2025-07-12T14:10:51.330456+00:00", "symbol": "DOGE-USD"}, {"trade_id": 138713091, "side": "buy", "size": "2355.20000000", "price": "0.19661000", "time": "2025-07-12T14:09:16.282932Z", "fetched_at": "2025-07-12T14:10:51.330456+00:00", "symbol": "DOGE-USD"}, {"trade_id": 138713090, "side": "buy", "size": "2000.00000000", "price": "0.19662000", "time": "2025-07-12T14:09:16.282427Z", "fetched_at": "2025-07-12T14:10:51.330456+00:00", "symbol": "DOGE-USD"}, {"trade_id": 138713089, "side": "buy", "size": "2354.80000000", "price": "0.19664000", "time": "2025-07-12T14:09:11.951566Z", "fetched_at": "2025-07-12T14:10:51.330456+00:00", "symbol": "DOGE-USD"}, {"trade_id": 138713088, "side": "sell", "size": "5.60000000", "price": "0.19666000", "time": "2025-07-12T14:09:11.881383Z", "fetched_at": "2025-07-12T14:10:51.330456+00:00", "symbol": "DOGE-USD"}, {"trade_id": 138713087, "side": "sell", "size": "1027.30000000", "price": "0.19664000", "time": "2025-07-12T14:09:09.934532Z", "fetched_at": "2025-07-12T14:10:51.330456+00:00", "symbol": "DOGE-USD"}, {"trade_id": 138713086, "side": "sell", "size": "1338.60000000", "price": "0.19664000", "time": "2025-07-12T14:09:09.934532Z", "fetched_at": "2025-07-12T14:10:51.330456+00:00", "symbol": "DOGE-USD"}, {"trade_id": 138713085, "side": "sell", "size": "1548.30000000", "price": "0.19664000", "time": "2025-07-12T14:09:09.934532Z", "fetched_at": "2025-07-12T14:10:51.330456+00:00", "symbol": "DOGE-USD"}, {"trade_id": 138713084, "side": "sell", "size": "5.60000000", "price": "0.19664000", "time": "2025-07-12T14:09:09.934532Z", "fetched_at": "2025-07-12T14:10:51.330456+00:00", "symbol": "DOGE-USD"}, {"trade_id": 138713083, "side": "sell", "size": "2003.20000000", "price": "0.19663000", "time": "2025-07-12T14:09:09.934532Z", "fetched_at": "2025-07-12T14:10:51.330456+00:00", "symbol": "DOGE-USD"}, {"trade_id": 138713082, "side": "sell", "size": "1548.30000000", "price": "0.19663000", "time": "2025-07-12T14:09:09.934532Z", "fetched_at": "2025-07-12T14:10:51.330456+00:00", "symbol": "DOGE-USD"}, {"trade_id": 138713081, "side": "sell", "size": "1181.00000000", "price": "0.19662000", "time": "2025-07-12T14:09:09.934532Z", "fetched_at": "2025-07-12T14:10:51.330456+00:00", "symbol": "DOGE-USD"}, {"trade_id": 138713080, "side": "sell", "size": "1228.10000000", "price": "0.19662000", "time": "2025-07-12T14:09:09.934532Z", "fetched_at": "2025-07-12T14:10:51.330456+00:00", "symbol": "DOGE-USD"}, {"trade_id": 138713079, "side": "sell", "size": "5.60000000", "price": "0.19662000", "time": "2025-07-12T14:09:09.934532Z", "fetched_at": "2025-07-12T14:10:51.330456+00:00", "symbol": "DOGE-USD"}, {"trade_id": 138713078, "side": "sell", "size": "5.60000000", "price": "0.19660000", "time": "2025-07-12T14:09:09.934532Z", "fetched_at": "2025-07-12T14:10:51.330456+00:00", "symbol": "DOGE-USD"}, {"trade_id": 138713077, "side": "sell", "size": "5.60000000", "price": "0.19658000", "time": "2025-07-12T14:09:09.586701Z", "fetched_at": "2025-07-12T14:10:51.330456+00:00", "symbol": "DOGE-USD"}, {"trade_id": 138713076, "side": "sell", "size": "5.60000000", "price": "0.19656000", "time": "2025-07-12T14:09:09.374350Z", "fetched_at": "2025-07-12T14:10:51.330456+00:00", "symbol": "DOGE-USD"}, {"trade_id": 138713075, "side": "sell", "size": "3381.10000000", "price": "0.19653000", "time": "2025-07-12T14:09:09.105177Z", "fetched_at": "2025-07-12T14:10:51.330456+00:00", "symbol": "DOGE-USD"}, {"trade_id": 138713074, "side": "sell", "size": "4949.10000000", "price": "0.19653000", "time": "2025-07-12T14:09:09.104917Z", "fetched_at": "2025-07-12T14:10:51.330456+00:00", "symbol": "DOGE-USD"}, {"trade_id": 138713073, "side": "sell", "size": "1181.50000000", "price": "0.19653000", "time": "2025-07-12T14:09:09.104917Z", "fetched_at": "2025-07-12T14:10:51.330456+00:00", "symbol": "DOGE-USD"}, {"trade_id": 138713072, "side": "sell", "size": "2587.70000000", "price": "0.19652000", "time": "2025-07-12T14:09:09.104917Z", "fetched_at": "2025-07-12T14:10:51.330456+00:00", "symbol": "DOGE-USD"}, {"trade_id": 138713071, "side": "sell", "size": "1865.50000000", "price": "0.19652000", "time": "2025-07-12T14:09:09.104917Z", "fetched_at": "2025-07-12T14:10:51.330456+00:00", "symbol": "DOGE-USD"}, {"trade_id": 138713070, "side": "sell", "size": "1548.30000000", "price": "0.19652000", "time": "2025-07-12T14:09:09.104917Z", "fetched_at": "2025-07-12T14:10:51.330456+00:00", "symbol": "DOGE-USD"}, {"trade_id": 138713069, "side": "buy", "size": "3054.10000000", "price": "0.19652000", "time": "2025-07-12T14:09:08.934946Z", "fetched_at": "2025-07-12T14:10:51.330456+00:00", "symbol": "DOGE-USD"}, {"trade_id": 138713068, "side": "sell", "size": "350.90000000", "price": "0.19653000", "time": "2025-07-12T14:09:08.902993Z", "fetched_at": "2025-07-12T14:10:51.330456+00:00", "symbol": "DOGE-USD"}, {"trade_id": 138713067, "side": "buy", "size": "10000.00000000", "price": "0.19653000", "time": "2025-07-12T14:09:08.894059Z", "fetched_at": "2025-07-12T14:10:51.330456+00:00", "symbol": "DOGE-USD"}, {"trade_id": 138713066, "side": "buy", "size": "1415.90000000", "price": "0.19655000", "time": "2025-07-12T14:09:08.894059Z", "fetched_at": "2025-07-12T14:10:51.330456+00:00", "symbol": "DOGE-USD"}, {"trade_id": 138713065, "side": "buy", "size": "2355.80000000", "price": "0.19656000", "time": "2025-07-12T14:09:08.892748Z", "fetched_at": "2025-07-12T14:10:51.330456+00:00", "symbol": "DOGE-USD"}, {"trade_id": 138713064, "side": "sell", "size": "43.80000000", "price": "0.19657000", "time": "2025-07-12T14:09:06.870666Z", "fetched_at": "2025-07-12T14:10:51.330456+00:00", "symbol": "DOGE-USD"}, {"trade_id": 138713063, "side": "sell", "size": "5.60000000", "price": "0.19656000", "time": "2025-07-12T14:09:06.870666Z", "fetched_at": "2025-07-12T14:10:51.330456+00:00", "symbol": "DOGE-USD"}, {"trade_id": 138713062, "side": "sell", "size": "11896.90000000", "price": "0.19655000", "time": "2025-07-12T14:09:05.832274Z", "fetched_at": "2025-07-12T14:10:51.330456+00:00", "symbol": "DOGE-USD"}, {"trade_id": 138713061, "side": "sell", "size": "2356.30000000", "price": "0.19654000", "time": "2025-07-12T14:09:05.817327Z", "fetched_at": "2025-07-12T14:10:51.330456+00:00", "symbol": "DOGE-USD"}, {"trade_id": 138713060, "side": "sell", "size": "2210.60000000", "price": "0.19654000", "time": "2025-07-12T14:09:05.801104Z", "fetched_at": "2025-07-12T14:10:51.330456+00:00", "symbol": "DOGE-USD"}, {"trade_id": 138713059, "side": "sell", "size": "9527.80000000", "price": "0.19654000", "time": "2025-07-12T14:09:05.801104Z", "fetched_at": "2025-07-12T14:10:51.330456+00:00", "symbol": "DOGE-USD"}, {"trade_id": 138713058, "side": "sell", "size": "2758.60000000", "price": "0.19654000", "time": "2025-07-12T14:09:05.801104Z", "fetched_at": "2025-07-12T14:10:51.330456+00:00", "symbol": "DOGE-USD"}, {"trade_id": 138713057, "side": "sell", "size": "2629.90000000", "price": "0.19654000", "time": "2025-07-12T14:09:05.801104Z", "fetched_at": "2025-07-12T14:10:51.330456+00:00", "symbol": "DOGE-USD"}, {"trade_id": 138713056, "side": "sell", "size": "1548.30000000", "price": "0.19654000", "time": "2025-07-12T14:09:05.801104Z", "fetched_at": "2025-07-12T14:10:51.330456+00:00", "symbol": "DOGE-USD"}, {"trade_id": 138713055, "side": "sell", "size": "1385.70000000", "price": "0.19654000", "time": "2025-07-12T14:09:05.801104Z", "fetched_at": "2025-07-12T14:10:51.330456+00:00", "symbol": "DOGE-USD"}, {"trade_id": 138713054, "side": "buy", "size": "200.60000000", "price": "0.19646000", "time": "2025-07-12T14:09:05.309664Z", "fetched_at": "2025-07-12T14:10:51.330456+00:00", "symbol": "DOGE-USD"}, {"trade_id": 138713053, "side": "buy", "size": "2036.30000000", "price": "0.19646000", "time": "2025-07-12T14:09:05.309664Z", "fetched_at": "2025-07-12T14:10:51.330456+00:00", "symbol": "DOGE-USD"}, {"trade_id": 138713052, "side": "buy", "size": "1547.80000000", "price": "0.19646000", "time": "2025-07-12T14:09:05.309664Z", "fetched_at": "2025-07-12T14:10:51.330456+00:00", "symbol": "DOGE-USD"}, {"trade_id": 138713051, "side": "buy", "size": "5.60000000", "price": "0.19646000", "time": "2025-07-12T14:09:05.309664Z", "fetched_at": "2025-07-12T14:10:51.330456+00:00", "symbol": "DOGE-USD"}, {"trade_id": 138713050, "side": "buy", "size": "2500.00000000", "price": "0.19647000", "time": "2025-07-12T14:09:05.309664Z", "fetched_at": "2025-07-12T14:10:51.330456+00:00", "symbol": "DOGE-USD"}, {"trade_id": 138713049, "side": "buy", "size": "823.50000000", "price": "0.19647000", "time": "2025-07-12T14:09:05.309664Z", "fetched_at": "2025-07-12T14:10:51.330456+00:00", "symbol": "DOGE-USD"}, {"trade_id": 138713048, "side": "buy", "size": "1370.50000000", "price": "0.19647000", "time": "2025-07-12T14:09:05.309664Z", "fetched_at": "2025-07-12T14:10:51.330456+00:00", "symbol": "DOGE-USD"}, {"trade_id": 138713047, "side": "buy", "size": "5.60000000", "price": "0.19648000", "time": "2025-07-12T14:09:05.309664Z", "fetched_at": "2025-07-12T14:10:51.330456+00:00", "symbol": "DOGE-USD"}, {"trade_id": 138713046, "side": "buy", "size": "823.50000000", "price": "0.19649000", "time": "2025-07-12T14:09:05.309664Z", "fetched_at": "2025-07-12T14:10:51.330456+00:00", "symbol": "DOGE-USD"}, {"trade_id": 138713045, "side": "buy", "size": "1251.80000000", "price": "0.19650000", "time": "2025-07-12T14:09:05.309664Z", "fetched_at": "2025-07-12T14:10:51.330456+00:00", "symbol": "DOGE-USD"}, {"trade_id": 138713044, "side": "buy", "size": "1391.00000000", "price": "0.19651000", "time": "2025-07-12T14:09:05.309664Z", "fetched_at": "2025-07-12T14:10:51.330456+00:00", "symbol": "DOGE-USD"}, {"trade_id": 138713043, "side": "buy", "size": "598.40000000", "price": "0.19652000", "time": "2025-07-12T14:09:05.309664Z", "fetched_at": "2025-07-12T14:10:51.330456+00:00", "symbol": "DOGE-USD"}, {"trade_id": 138713042, "side": "buy", "size": "5.60000000", "price": "0.19643000", "time": "2025-07-12T14:08:55.169478Z", "fetched_at": "2025-07-12T14:10:51.330456+00:00", "symbol": "DOGE-USD"}, {"trade_id": 138713041, "side": "buy", "size": "4107.80000000", "price": "0.19643000", "time": "2025-07-12T14:08:55.169469Z", "fetched_at": "2025-07-12T14:10:51.330456+00:00", "symbol": "DOGE-USD"}, {"trade_id": 138713040, "side": "buy", "size": "5.60000000", "price": "0.19644000", "time": "2025-07-12T14:08:55.169469Z", "fetched_at": "2025-07-12T14:10:51.330456+00:00", "symbol": "DOGE-USD"}, {"trade_id": 138713039, "side": "buy", "size": "5.60000000", "price": "0.19648000", "time": "2025-07-12T14:08:54.971802Z", "fetched_at": "2025-07-12T14:10:51.330456+00:00", "symbol": "DOGE-USD"}, {"trade_id": 138713038, "side": "buy", "size": "5.60000000", "price": "0.19652000", "time": "2025-07-12T14:08:54.164148Z", "fetched_at": "2025-07-12T14:10:51.330456+00:00", "symbol": "DOGE-USD"}, {"trade_id": 138713037, "side": "buy", "size": "18379.50000000", "price": "0.19652000", "time": "2025-07-12T14:08:54.164148Z", "fetched_at": "2025-07-12T14:10:51.330456+00:00", "symbol": "DOGE-USD"}, {"trade_id": 138713036, "side": "buy", "size": "2000.00000000", "price": "0.19655000", "time": "2025-07-12T14:08:53.799352Z", "fetched_at": "2025-07-12T14:10:51.330456+00:00", "symbol": "DOGE-USD"}, {"trade_id": 138713035, "side": "buy", "size": "1161.80000000", "price": "0.19656000", "time": "2025-07-12T14:08:53.799352Z", "fetched_at": "2025-07-12T14:10:51.330456+00:00", "symbol": "DOGE-USD"}, {"trade_id": 138713034, "side": "buy", "size": "2355.60000000", "price": "0.19658000", "time": "2025-07-12T14:08:52.599817Z", "fetched_at": "2025-07-12T14:10:51.330456+00:00", "symbol": "DOGE-USD"}, {"trade_id": 138713033, "side": "sell", "size": "5.60000000", "price": "0.19658000", "time": "2025-07-12T14:08:52.546419Z", "fetched_at": "2025-07-12T14:10:51.330456+00:00", "symbol": "DOGE-USD"}, {"trade_id": 138713032, "side": "buy", "size": "330.30000000", "price": "0.19657000", "time": "2025-07-12T14:08:52.459600Z", "fetched_at": "2025-07-12T14:10:51.330456+00:00", "symbol": "DOGE-USD"}, {"trade_id": 138713031, "side": "sell", "size": "210.60000000", "price": "0.19657000", "time": "2025-07-12T14:08:51.127475Z", "fetched_at": "2025-07-12T14:10:51.330456+00:00", "symbol": "DOGE-USD"}, {"trade_id": 138713030, "side": "sell", "size": "38.00000000", "price": "0.19656000", "time": "2025-07-12T14:08:51.060002Z", "fetched_at": "2025-07-12T14:10:51.330456+00:00", "symbol": "DOGE-USD"}, {"trade_id": 138713029, "side": "sell", "size": "5.60000000", "price": "0.19656000", "time": "2025-07-12T14:08:51.060002Z", "fetched_at": "2025-07-12T14:10:51.330456+00:00", "symbol": "DOGE-USD"}, {"trade_id": 138713028, "side": "buy", "size": "110.90000000", "price": "0.19654000", "time": "2025-07-12T14:08:51.053814Z", "fetched_at": "2025-07-12T14:10:51.330456+00:00", "symbol": "DOGE-USD"}, {"trade_id": 138713027, "side": "buy", "size": "1391.50000000", "price": "0.19654000", "time": "2025-07-12T14:08:51.053814Z", "fetched_at": "2025-07-12T14:10:51.330456+00:00", "symbol": "DOGE-USD"}, {"trade_id": 138713026, "side": "buy", "size": "1406.20000000", "price": "0.19655000", "time": "2025-07-12T14:08:51.053814Z", "fetched_at": "2025-07-12T14:10:51.330456+00:00", "symbol": "DOGE-USD"}, {"trade_id": 138713025, "side": "buy", "size": "2000.00000000", "price": "0.19655000", "time": "2025-07-12T14:08:51.053814Z", "fetched_at": "2025-07-12T14:10:51.330456+00:00", "symbol": "DOGE-USD"}, {"trade_id": 138713024, "side": "buy", "size": "189.30000000", "price": "0.19655000", "time": "2025-07-12T14:08:51.053814Z", "fetched_at": "2025-07-12T14:10:51.330456+00:00", "symbol": "DOGE-USD"}