[{"trade_id": 138716692, "side": "sell", "size": "23.90000000", "price": "0.19659000", "time": "2025-07-12T14:39:19.994935Z", "fetched_at": "2025-07-12T14:39:35.053864+00:00", "symbol": "DOGE-USD"}, {"trade_id": 138716691, "side": "buy", "size": "638.00000000", "price": "0.19659000", "time": "2025-07-12T14:39:19.117276Z", "fetched_at": "2025-07-12T14:39:35.053864+00:00", "symbol": "DOGE-USD"}, {"trade_id": 138716690, "side": "buy", "size": "180.80000000", "price": "0.19661000", "time": "2025-07-12T14:39:11.718833Z", "fetched_at": "2025-07-12T14:39:35.053864+00:00", "symbol": "DOGE-USD"}, {"trade_id": 138716689, "side": "buy", "size": "1573.20000000", "price": "0.19661000", "time": "2025-07-12T14:39:11.718833Z", "fetched_at": "2025-07-12T14:39:35.053864+00:00", "symbol": "DOGE-USD"}, {"trade_id": 138716688, "side": "buy", "size": "638.00000000", "price": "0.19664000", "time": "2025-07-12T14:39:11.718833Z", "fetched_at": "2025-07-12T14:39:35.053864+00:00", "symbol": "DOGE-USD"}, {"trade_id": 138716687, "side": "buy", "size": "641.60000000", "price": "0.19665000", "time": "2025-07-12T14:39:10.951169Z", "fetched_at": "2025-07-12T14:39:35.053864+00:00", "symbol": "DOGE-USD"}, {"trade_id": 138716686, "side": "sell", "size": "12714.10000000", "price": "0.19665000", "time": "2025-07-12T14:39:09.380425Z", "fetched_at": "2025-07-12T14:39:35.053864+00:00", "symbol": "DOGE-USD"}, {"trade_id": 138716685, "side": "sell", "size": "50.90000000", "price": "0.19664000", "time": "2025-07-12T14:39:09.380425Z", "fetched_at": "2025-07-12T14:39:35.053864+00:00", "symbol": "DOGE-USD"}, {"trade_id": 138716684, "side": "buy", "size": "50.90000000", "price": "0.19662000", "time": "2025-07-12T14:39:04.225729Z", "fetched_at": "2025-07-12T14:39:35.053864+00:00", "symbol": "DOGE-USD"}, {"trade_id": 138716683, "side": "buy", "size": "3065.30000000", "price": "0.19662000", "time": "2025-07-12T14:39:04.225729Z", "fetched_at": "2025-07-12T14:39:35.053864+00:00", "symbol": "DOGE-USD"}, {"trade_id": 138716682, "side": "buy", "size": "1573.20000000", "price": "0.19662000", "time": "2025-07-12T14:39:04.225729Z", "fetched_at": "2025-07-12T14:39:35.053864+00:00", "symbol": "DOGE-USD"}, {"trade_id": 138716681, "side": "buy", "size": "12344.40000000", "price": "0.19662000", "time": "2025-07-12T14:39:04.225729Z", "fetched_at": "2025-07-12T14:39:35.053864+00:00", "symbol": "DOGE-USD"}, {"trade_id": 138716680, "side": "sell", "size": "5.60000000", "price": "0.19664000", "time": "2025-07-12T14:39:02.876655Z", "fetched_at": "2025-07-12T14:39:35.053864+00:00", "symbol": "DOGE-USD"}, {"trade_id": 138716679, "side": "sell", "size": "5.60000000", "price": "0.19662000", "time": "2025-07-12T14:39:02.740668Z", "fetched_at": "2025-07-12T14:39:35.053864+00:00", "symbol": "DOGE-USD"}, {"trade_id": 138716678, "side": "sell", "size": "5.60000000", "price": "0.19660000", "time": "2025-07-12T14:39:01.159613Z", "fetched_at": "2025-07-12T14:39:35.053864+00:00", "symbol": "DOGE-USD"}, {"trade_id": 138716677, "side": "sell", "size": "2739.50000000", "price": "0.19658000", "time": "2025-07-12T14:39:00.990262Z", "fetched_at": "2025-07-12T14:39:35.053864+00:00", "symbol": "DOGE-USD"}, {"trade_id": 138716676, "side": "sell", "size": "5.60000000", "price": "0.19658000", "time": "2025-07-12T14:39:00.990262Z", "fetched_at": "2025-07-12T14:39:35.053864+00:00", "symbol": "DOGE-USD"}, {"trade_id": 138716675, "side": "sell", "size": "51.00000000", "price": "0.19657000", "time": "2025-07-12T14:39:00.990262Z", "fetched_at": "2025-07-12T14:39:35.053864+00:00", "symbol": "DOGE-USD"}, {"trade_id": 138716674, "side": "sell", "size": "5.60000000", "price": "0.19656000", "time": "2025-07-12T14:39:00.990262Z", "fetched_at": "2025-07-12T14:39:35.053864+00:00", "symbol": "DOGE-USD"}, {"trade_id": 138716673, "side": "sell", "size": "5.60000000", "price": "0.19654000", "time": "2025-07-12T14:39:00.953408Z", "fetched_at": "2025-07-12T14:39:35.053864+00:00", "symbol": "DOGE-USD"}, {"trade_id": 138716672, "side": "sell", "size": "5.60000000", "price": "0.19653000", "time": "2025-07-12T14:39:00.888733Z", "fetched_at": "2025-07-12T14:39:35.053864+00:00", "symbol": "DOGE-USD"}, {"trade_id": 138716671, "side": "sell", "size": "628.50000000", "price": "0.19653000", "time": "2025-07-12T14:39:00.883982Z", "fetched_at": "2025-07-12T14:39:35.053864+00:00", "symbol": "DOGE-USD"}, {"trade_id": 138716670, "side": "sell", "size": "5.60000000", "price": "0.19652000", "time": "2025-07-12T14:39:00.883982Z", "fetched_at": "2025-07-12T14:39:35.053864+00:00", "symbol": "DOGE-USD"}, {"trade_id": 138716669, "side": "sell", "size": "5.60000000", "price": "0.19650000", "time": "2025-07-12T14:39:00.870815Z", "fetched_at": "2025-07-12T14:39:35.053864+00:00", "symbol": "DOGE-USD"}, {"trade_id": 138716668, "side": "sell", "size": "51.00000000", "price": "0.19648000", "time": "2025-07-12T14:39:00.687147Z", "fetched_at": "2025-07-12T14:39:35.053864+00:00", "symbol": "DOGE-USD"}, {"trade_id": 138716667, "side": "buy", "size": "5912.50000000", "price": "0.19644000", "time": "2025-07-12T14:39:00.543312Z", "fetched_at": "2025-07-12T14:39:35.053864+00:00", "symbol": "DOGE-USD"}, {"trade_id": 138716666, "side": "buy", "size": "2656.40000000", "price": "0.19644000", "time": "2025-07-12T14:39:00.543312Z", "fetched_at": "2025-07-12T14:39:35.053864+00:00", "symbol": "DOGE-USD"}, {"trade_id": 138716665, "side": "buy", "size": "1573.20000000", "price": "0.19644000", "time": "2025-07-12T14:39:00.543312Z", "fetched_at": "2025-07-12T14:39:35.053864+00:00", "symbol": "DOGE-USD"}, {"trade_id": 138716664, "side": "buy", "size": "5.60000000", "price": "0.19644000", "time": "2025-07-12T14:39:00.543312Z", "fetched_at": "2025-07-12T14:39:35.053864+00:00", "symbol": "DOGE-USD"}, {"trade_id": 138716663, "side": "buy", "size": "3976.00000000", "price": "0.19645000", "time": "2025-07-12T14:39:00.543312Z", "fetched_at": "2025-07-12T14:39:35.053864+00:00", "symbol": "DOGE-USD"}, {"trade_id": 138716662, "side": "buy", "size": "7038.70000000", "price": "0.19645000", "time": "2025-07-12T14:39:00.543312Z", "fetched_at": "2025-07-12T14:39:35.053864+00:00", "symbol": "DOGE-USD"}, {"trade_id": 138716661, "side": "buy", "size": "1857.30000000", "price": "0.19645000", "time": "2025-07-12T14:39:00.543312Z", "fetched_at": "2025-07-12T14:39:35.053864+00:00", "symbol": "DOGE-USD"}, {"trade_id": 138716660, "side": "buy", "size": "2653.40000000", "price": "0.19645000", "time": "2025-07-12T14:39:00.543312Z", "fetched_at": "2025-07-12T14:39:35.053864+00:00", "symbol": "DOGE-USD"}, {"trade_id": 138716659, "side": "buy", "size": "1573.20000000", "price": "0.19645000", "time": "2025-07-12T14:39:00.543312Z", "fetched_at": "2025-07-12T14:39:35.053864+00:00", "symbol": "DOGE-USD"}, {"trade_id": 138716658, "side": "buy", "size": "51.00000000", "price": "0.19645000", "time": "2025-07-12T14:39:00.543312Z", "fetched_at": "2025-07-12T14:39:35.053864+00:00", "symbol": "DOGE-USD"}, {"trade_id": 138716657, "side": "buy", "size": "1312.60000000", "price": "0.19645000", "time": "2025-07-12T14:39:00.543312Z", "fetched_at": "2025-07-12T14:39:35.053864+00:00", "symbol": "DOGE-USD"}, {"trade_id": 138716656, "side": "buy", "size": "1323.10000000", "price": "0.19647000", "time": "2025-07-12T14:39:00.543312Z", "fetched_at": "2025-07-12T14:39:35.053864+00:00", "symbol": "DOGE-USD"}, {"trade_id": 138716655, "side": "buy", "size": "289.50000000", "price": "0.19648000", "time": "2025-07-12T14:39:00.543312Z", "fetched_at": "2025-07-12T14:39:35.053864+00:00", "symbol": "DOGE-USD"}, {"trade_id": 138716654, "side": "sell", "size": "50.90000000", "price": "0.19645000", "time": "2025-07-12T14:39:00.383964Z", "fetched_at": "2025-07-12T14:39:35.053864+00:00", "symbol": "DOGE-USD"}, {"trade_id": 138716653, "side": "sell", "size": "634.10000000", "price": "0.19645000", "time": "2025-07-12T14:39:00.383964Z", "fetched_at": "2025-07-12T14:39:35.053864+00:00", "symbol": "DOGE-USD"}, {"trade_id": 138716652, "side": "sell", "size": "12727.00000000", "price": "0.19645000", "time": "2025-07-12T14:39:00.383964Z", "fetched_at": "2025-07-12T14:39:35.053864+00:00", "symbol": "DOGE-USD"}, {"trade_id": 138716651, "side": "sell", "size": "84.90000000", "price": "0.19645000", "time": "2025-07-12T14:39:00.290751Z", "fetched_at": "2025-07-12T14:39:35.053864+00:00", "symbol": "DOGE-USD"}, {"trade_id": 138716650, "side": "sell", "size": "50.90000000", "price": "0.19645000", "time": "2025-07-12T14:39:00.290751Z", "fetched_at": "2025-07-12T14:39:35.053864+00:00", "symbol": "DOGE-USD"}, {"trade_id": 138716649, "side": "buy", "size": "5.60000000", "price": "0.19646000", "time": "2025-07-12T14:38:58.237466Z", "fetched_at": "2025-07-12T14:39:35.053864+00:00", "symbol": "DOGE-USD"}, {"trade_id": 138716648, "side": "buy", "size": "1.50000000", "price": "0.19647000", "time": "2025-07-12T14:38:58.057493Z", "fetched_at": "2025-07-12T14:39:35.053864+00:00", "symbol": "DOGE-USD"}, {"trade_id": 138716647, "side": "buy", "size": "5.60000000", "price": "0.19648000", "time": "2025-07-12T14:38:57.810635Z", "fetched_at": "2025-07-12T14:39:35.053864+00:00", "symbol": "DOGE-USD"}, {"trade_id": 138716646, "side": "sell", "size": "4.80000000", "price": "0.19649000", "time": "2025-07-12T14:38:57.521433Z", "fetched_at": "2025-07-12T14:39:35.053864+00:00", "symbol": "DOGE-USD"}, {"trade_id": 138716645, "side": "buy", "size": "4481.40000000", "price": "0.19650000", "time": "2025-07-12T14:38:56.118076Z", "fetched_at": "2025-07-12T14:39:35.053864+00:00", "symbol": "DOGE-USD"}, {"trade_id": 138716644, "side": "buy", "size": "1855.40000000", "price": "0.19650000", "time": "2025-07-12T14:38:56.118076Z", "fetched_at": "2025-07-12T14:39:35.053864+00:00", "symbol": "DOGE-USD"}, {"trade_id": 138716643, "side": "buy", "size": "5.60000000", "price": "0.19650000", "time": "2025-07-12T14:38:56.118076Z", "fetched_at": "2025-07-12T14:39:35.053864+00:00", "symbol": "DOGE-USD"}, {"trade_id": 138716642, "side": "buy", "size": "2642.00000000", "price": "0.19650000", "time": "2025-07-12T14:38:56.118076Z", "fetched_at": "2025-07-12T14:39:35.053864+00:00", "symbol": "DOGE-USD"}, {"trade_id": 138716641, "side": "buy", "size": "1573.20000000", "price": "0.19650000", "time": "2025-07-12T14:38:56.118076Z", "fetched_at": "2025-07-12T14:39:35.053864+00:00", "symbol": "DOGE-USD"}, {"trade_id": 138716640, "side": "buy", "size": "131.50000000", "price": "0.19656000", "time": "2025-07-12T14:38:52.798074Z", "fetched_at": "2025-07-12T14:39:35.053864+00:00", "symbol": "DOGE-USD"}, {"trade_id": 138716639, "side": "buy", "size": "12.90000000", "price": "0.19656000", "time": "2025-07-12T14:38:52.541177Z", "fetched_at": "2025-07-12T14:39:35.053864+00:00", "symbol": "DOGE-USD"}, {"trade_id": 138716638, "side": "sell", "size": "443.30000000", "price": "0.19657000", "time": "2025-07-12T14:38:48.921527Z", "fetched_at": "2025-07-12T14:39:35.053864+00:00", "symbol": "DOGE-USD"}, {"trade_id": 138716637, "side": "sell", "size": "50.90000000", "price": "0.19656000", "time": "2025-07-12T14:38:48.921527Z", "fetched_at": "2025-07-12T14:39:35.053864+00:00", "symbol": "DOGE-USD"}, {"trade_id": 138716636, "side": "sell", "size": "71.00000000", "price": "0.19654000", "time": "2025-07-12T14:38:46.130083Z", "fetched_at": "2025-07-12T14:39:35.053864+00:00", "symbol": "DOGE-USD"}, {"trade_id": 138716635, "side": "sell", "size": "50.90000000", "price": "0.19653000", "time": "2025-07-12T14:38:46.130083Z", "fetched_at": "2025-07-12T14:39:35.053864+00:00", "symbol": "DOGE-USD"}, {"trade_id": 138716634, "side": "buy", "size": "18920.20000000", "price": "0.19656000", "time": "2025-07-12T14:38:45.106116Z", "fetched_at": "2025-07-12T14:39:35.053864+00:00", "symbol": "DOGE-USD"}, {"trade_id": 138716633, "side": "sell", "size": "50.90000000", "price": "0.19659000", "time": "2025-07-12T14:38:41.082846Z", "fetched_at": "2025-07-12T14:39:35.053864+00:00", "symbol": "DOGE-USD"}, {"trade_id": 138716632, "side": "sell", "size": "12719.20000000", "price": "0.19658000", "time": "2025-07-12T14:38:41.052922Z", "fetched_at": "2025-07-12T14:39:35.053864+00:00", "symbol": "DOGE-USD"}, {"trade_id": 138716631, "side": "sell", "size": "5.60000000", "price": "0.19658000", "time": "2025-07-12T14:38:41.052922Z", "fetched_at": "2025-07-12T14:39:35.053864+00:00", "symbol": "DOGE-USD"}, {"trade_id": 138716630, "side": "sell", "size": "190.50000000", "price": "0.19659000", "time": "2025-07-12T14:38:36.949683Z", "fetched_at": "2025-07-12T14:39:35.053864+00:00", "symbol": "DOGE-USD"}, {"trade_id": 138716629, "side": "sell", "size": "50.90000000", "price": "0.19659000", "time": "2025-07-12T14:38:36.949683Z", "fetched_at": "2025-07-12T14:39:35.053864+00:00", "symbol": "DOGE-USD"}, {"trade_id": 138716628, "side": "sell", "size": "17.10000000", "price": "0.19660000", "time": "2025-07-12T14:38:35.298551Z", "fetched_at": "2025-07-12T14:39:35.053864+00:00", "symbol": "DOGE-USD"}, {"trade_id": 138716627, "side": "sell", "size": "5.60000000", "price": "0.19660000", "time": "2025-07-12T14:38:35.298551Z", "fetched_at": "2025-07-12T14:39:35.053864+00:00", "symbol": "DOGE-USD"}, {"trade_id": 138716626, "side": "sell", "size": "634.80000000", "price": "0.19659000", "time": "2025-07-12T14:38:35.038317Z", "fetched_at": "2025-07-12T14:39:35.053864+00:00", "symbol": "DOGE-USD"}, {"trade_id": 138716625, "side": "sell", "size": "50.90000000", "price": "0.19658000", "time": "2025-07-12T14:38:35.033476Z", "fetched_at": "2025-07-12T14:39:35.053864+00:00", "symbol": "DOGE-USD"}, {"trade_id": 138716624, "side": "sell", "size": "5.60000000", "price": "0.19658000", "time": "2025-07-12T14:38:35.033476Z", "fetched_at": "2025-07-12T14:39:35.053864+00:00", "symbol": "DOGE-USD"}, {"trade_id": 138716623, "side": "sell", "size": "5.60000000", "price": "0.19656000", "time": "2025-07-12T14:38:34.910944Z", "fetched_at": "2025-07-12T14:39:35.053864+00:00", "symbol": "DOGE-USD"}, {"trade_id": 138716622, "side": "sell", "size": "5.60000000", "price": "0.19654000", "time": "2025-07-12T14:38:34.876966Z", "fetched_at": "2025-07-12T14:39:35.053864+00:00", "symbol": "DOGE-USD"}, {"trade_id": 138716621, "side": "sell", "size": "36.70000000", "price": "0.19652000", "time": "2025-07-12T14:38:32.442399Z", "fetched_at": "2025-07-12T14:39:35.053864+00:00", "symbol": "DOGE-USD"}, {"trade_id": 138716620, "side": "sell", "size": "5.60000000", "price": "0.19652000", "time": "2025-07-12T14:38:32.442399Z", "fetched_at": "2025-07-12T14:39:35.053864+00:00", "symbol": "DOGE-USD"}, {"trade_id": 138716619, "side": "sell", "size": "51.00000000", "price": "0.19651000", "time": "2025-07-12T14:38:32.442399Z", "fetched_at": "2025-07-12T14:39:35.053864+00:00", "symbol": "DOGE-USD"}, {"trade_id": 138716618, "side": "sell", "size": "5.60000000", "price": "0.19650000", "time": "2025-07-12T14:38:32.442399Z", "fetched_at": "2025-07-12T14:39:35.053864+00:00", "symbol": "DOGE-USD"}, {"trade_id": 138716617, "side": "sell", "size": "12725.70000000", "price": "0.19648000", "time": "2025-07-12T14:38:32.004093Z", "fetched_at": "2025-07-12T14:39:35.053864+00:00", "symbol": "DOGE-USD"}, {"trade_id": 138716616, "side": "sell", "size": "634.80000000", "price": "0.19648000", "time": "2025-07-12T14:38:32.004093Z", "fetched_at": "2025-07-12T14:39:35.053864+00:00", "symbol": "DOGE-USD"}, {"trade_id": 138716615, "side": "sell", "size": "12725.70000000", "price": "0.19647000", "time": "2025-07-12T14:38:32.000600Z", "fetched_at": "2025-07-12T14:39:35.053864+00:00", "symbol": "DOGE-USD"}, {"trade_id": 138716614, "side": "sell", "size": "51.00000000", "price": "0.19646000", "time": "2025-07-12T14:38:31.999593Z", "fetched_at": "2025-07-12T14:39:35.053864+00:00", "symbol": "DOGE-USD"}, {"trade_id": 138716613, "side": "sell", "size": "431.60000000", "price": "0.19647000", "time": "2025-07-12T14:38:31.588750Z", "fetched_at": "2025-07-12T14:39:35.053864+00:00", "symbol": "DOGE-USD"}, {"trade_id": 138716612, "side": "sell", "size": "51.00000000", "price": "0.19647000", "time": "2025-07-12T14:38:31.588750Z", "fetched_at": "2025-07-12T14:39:35.053864+00:00", "symbol": "DOGE-USD"}, {"trade_id": 138716611, "side": "buy", "size": "630.90000000", "price": "0.19649000", "time": "2025-07-12T14:38:27.251626Z", "fetched_at": "2025-07-12T14:39:35.053864+00:00", "symbol": "DOGE-USD"}, {"trade_id": 138716610, "side": "buy", "size": "823.50000000", "price": "0.19649000", "time": "2025-07-12T14:38:27.251626Z", "fetched_at": "2025-07-12T14:39:35.053864+00:00", "symbol": "DOGE-USD"}, {"trade_id": 138716609, "side": "buy", "size": "32.10000000", "price": "0.19650000", "time": "2025-07-12T14:38:27.251626Z", "fetched_at": "2025-07-12T14:39:35.053864+00:00", "symbol": "DOGE-USD"}, {"trade_id": 138716608, "side": "buy", "size": "630.90000000", "price": "0.19650000", "time": "2025-07-12T14:38:27.251626Z", "fetched_at": "2025-07-12T14:39:35.053864+00:00", "symbol": "DOGE-USD"}, {"trade_id": 138716607, "side": "buy", "size": "189.30000000", "price": "0.19653000", "time": "2025-07-12T14:38:27.250936Z", "fetched_at": "2025-07-12T14:39:35.053864+00:00", "symbol": "DOGE-USD"}, {"trade_id": 138716606, "side": "sell", "size": "1860.30000000", "price": "0.19652000", "time": "2025-07-12T14:38:26.518853Z", "fetched_at": "2025-07-12T14:39:35.053864+00:00", "symbol": "DOGE-USD"}, {"trade_id": 138716605, "side": "sell", "size": "15.60000000", "price": "0.19652000", "time": "2025-07-12T14:38:26.518853Z", "fetched_at": "2025-07-12T14:39:35.053864+00:00", "symbol": "DOGE-USD"}, {"trade_id": 138716604, "side": "sell", "size": "5.60000000", "price": "0.19652000", "time": "2025-07-12T14:38:26.518853Z", "fetched_at": "2025-07-12T14:39:35.053864+00:00", "symbol": "DOGE-USD"}, {"trade_id": 138716603, "side": "sell", "size": "630.90000000", "price": "0.19649000", "time": "2025-07-12T14:38:26.511899Z", "fetched_at": "2025-07-12T14:39:35.053864+00:00", "symbol": "DOGE-USD"}, {"trade_id": 138716602, "side": "sell", "size": "18930.80000000", "price": "0.19649000", "time": "2025-07-12T14:38:26.511899Z", "fetched_at": "2025-07-12T14:39:35.053864+00:00", "symbol": "DOGE-USD"}, {"trade_id": 138716601, "side": "sell", "size": "12726.40000000", "price": "0.19648000", "time": "2025-07-12T14:38:26.510836Z", "fetched_at": "2025-07-12T14:39:35.053864+00:00", "symbol": "DOGE-USD"}, {"trade_id": 138716600, "side": "sell", "size": "630.90000000", "price": "0.19648000", "time": "2025-07-12T14:38:26.510836Z", "fetched_at": "2025-07-12T14:39:35.053864+00:00", "symbol": "DOGE-USD"}, {"trade_id": 138716599, "side": "sell", "size": "10533.20000000", "price": "0.19648000", "time": "2025-07-12T14:38:26.510836Z", "fetched_at": "2025-07-12T14:39:35.053864+00:00", "symbol": "DOGE-USD"}, {"trade_id": 138716598, "side": "sell", "size": "1573.20000000", "price": "0.19648000", "time": "2025-07-12T14:38:26.510836Z", "fetched_at": "2025-07-12T14:39:35.053864+00:00", "symbol": "DOGE-USD"}, {"trade_id": 138716597, "side": "sell", "size": "51.00000000", "price": "0.19647000", "time": "2025-07-12T14:38:26.510836Z", "fetched_at": "2025-07-12T14:39:35.053864+00:00", "symbol": "DOGE-USD"}, {"trade_id": 138716596, "side": "sell", "size": "630.90000000", "price": "0.19646000", "time": "2025-07-12T14:38:25.910271Z", "fetched_at": "2025-07-12T14:39:35.053864+00:00", "symbol": "DOGE-USD"}, {"trade_id": 138716595, "side": "sell", "size": "51.00000000", "price": "0.19645000", "time": "2025-07-12T14:38:25.871682Z", "fetched_at": "2025-07-12T14:39:35.053864+00:00", "symbol": "DOGE-USD"}, {"trade_id": 138716594, "side": "buy", "size": "11.30000000", "price": "0.19644000", "time": "2025-07-12T14:38:25.611449Z", "fetched_at": "2025-07-12T14:39:35.053864+00:00", "symbol": "DOGE-USD"}, {"trade_id": 138716593, "side": "sell", "size": "120.40000000", "price": "0.19643000", "time": "2025-07-12T14:38:23.681696Z", "fetched_at": "2025-07-12T14:39:35.053864+00:00", "symbol": "DOGE-USD"}, {"trade_id": 138716592, "side": "buy", "size": "189.30000000", "price": "0.19643000", "time": "2025-07-12T14:38:23.653125Z", "fetched_at": "2025-07-12T14:39:35.053864+00:00", "symbol": "DOGE-USD"}, {"trade_id": 138716591, "side": "buy", "size": "5.60000000", "price": "0.19644000", "time": "2025-07-12T14:38:21.686183Z", "fetched_at": "2025-07-12T14:39:35.053864+00:00", "symbol": "DOGE-USD"}, {"trade_id": 138716590, "side": "buy", "size": "674.50000000", "price": "0.19644000", "time": "2025-07-12T14:38:21.686183Z", "fetched_at": "2025-07-12T14:39:35.053864+00:00", "symbol": "DOGE-USD"}, {"trade_id": 138716589, "side": "buy", "size": "5.60000000", "price": "0.19648000", "time": "2025-07-12T14:38:21.101088Z", "fetched_at": "2025-07-12T14:39:35.053864+00:00", "symbol": "DOGE-USD"}, {"trade_id": 138716588, "side": "sell", "size": "12720.50000000", "price": "0.19655000", "time": "2025-07-12T14:38:20.378412Z", "fetched_at": "2025-07-12T14:39:35.053864+00:00", "symbol": "DOGE-USD"}, {"trade_id": 138716587, "side": "sell", "size": "50.90000000", "price": "0.19654000", "time": "2025-07-12T14:38:20.378412Z", "fetched_at": "2025-07-12T14:39:35.053864+00:00", "symbol": "DOGE-USD"}, {"trade_id": 138716586, "side": "sell", "size": "18896.00000000", "price": "0.19654000", "time": "2025-07-12T14:38:20.318008Z", "fetched_at": "2025-07-12T14:39:35.053864+00:00", "symbol": "DOGE-USD"}, {"trade_id": 138716585, "side": "sell", "size": "50.90000000", "price": "0.19653000", "time": "2025-07-12T14:38:20.302360Z", "fetched_at": "2025-07-12T14:39:35.053864+00:00", "symbol": "DOGE-USD"}, {"trade_id": 138716584, "side": "sell", "size": "882.00000000", "price": "0.19650000", "time": "2025-07-12T14:38:20.140241Z", "fetched_at": "2025-07-12T14:39:35.053864+00:00", "symbol": "DOGE-USD"}, {"trade_id": 138716583, "side": "buy", "size": "5.60000000", "price": "0.19650000", "time": "2025-07-12T14:38:20.121598Z", "fetched_at": "2025-07-12T14:39:35.053864+00:00", "symbol": "DOGE-USD"}, {"trade_id": 138716582, "side": "buy", "size": "5054.60000000", "price": "0.19650000", "time": "2025-07-12T14:38:20.121598Z", "fetched_at": "2025-07-12T14:39:35.053864+00:00", "symbol": "DOGE-USD"}, {"trade_id": 138716581, "side": "buy", "size": "630.90000000", "price": "0.19651000", "time": "2025-07-12T14:38:20.121598Z", "fetched_at": "2025-07-12T14:39:35.053864+00:00", "symbol": "DOGE-USD"}, {"trade_id": 138716580, "side": "buy", "size": "823.50000000", "price": "0.19651000", "time": "2025-07-12T14:38:20.121598Z", "fetched_at": "2025-07-12T14:39:35.053864+00:00", "symbol": "DOGE-USD"}, {"trade_id": 138716579, "side": "buy", "size": "630.90000000", "price": "0.19652000", "time": "2025-07-12T14:38:20.121598Z", "fetched_at": "2025-07-12T14:39:35.053864+00:00", "symbol": "DOGE-USD"}, {"trade_id": 138716578, "side": "buy", "size": "14.80000000", "price": "0.19654000", "time": "2025-07-12T14:38:20.121278Z", "fetched_at": "2025-07-12T14:39:35.053864+00:00", "symbol": "DOGE-USD"}, {"trade_id": 138716577, "side": "buy", "size": "1213.10000000", "price": "0.19654000", "time": "2025-07-12T14:38:20.121278Z", "fetched_at": "2025-07-12T14:39:35.053864+00:00", "symbol": "DOGE-USD"}, {"trade_id": 138716576, "side": "buy", "size": "1278.90000000", "price": "0.19652000", "time": "2025-07-12T14:38:19.636313Z", "fetched_at": "2025-07-12T14:39:35.053864+00:00", "symbol": "DOGE-USD"}, {"trade_id": 138716575, "side": "buy", "size": "5.60000000", "price": "0.19652000", "time": "2025-07-12T14:38:19.636313Z", "fetched_at": "2025-07-12T14:39:35.053864+00:00", "symbol": "DOGE-USD"}, {"trade_id": 138716574, "side": "buy", "size": "1281.70000000", "price": "0.19653000", "time": "2025-07-12T14:38:19.636313Z", "fetched_at": "2025-07-12T14:39:35.053864+00:00", "symbol": "DOGE-USD"}, {"trade_id": 138716573, "side": "buy", "size": "2935.10000000", "price": "0.19654000", "time": "2025-07-12T14:38:19.636313Z", "fetched_at": "2025-07-12T14:39:35.053864+00:00", "symbol": "DOGE-USD"}, {"trade_id": 138716572, "side": "sell", "size": "50.90000000", "price": "0.19654000", "time": "2025-07-12T14:38:19.552783Z", "fetched_at": "2025-07-12T14:39:35.053864+00:00", "symbol": "DOGE-USD"}, {"trade_id": 138716571, "side": "buy", "size": "35.60000000", "price": "0.19653000", "time": "2025-07-12T14:38:19.326163Z", "fetched_at": "2025-07-12T14:39:35.053864+00:00", "symbol": "DOGE-USD"}, {"trade_id": 138716570, "side": "buy", "size": "5.60000000", "price": "0.19654000", "time": "2025-07-12T14:38:18.103805Z", "fetched_at": "2025-07-12T14:39:35.053864+00:00", "symbol": "DOGE-USD"}, {"trade_id": 138716569, "side": "buy", "size": "823.50000000", "price": "0.19656000", "time": "2025-07-12T14:38:17.266632Z", "fetched_at": "2025-07-12T14:39:35.053864+00:00", "symbol": "DOGE-USD"}, {"trade_id": 138716568, "side": "buy", "size": "5.60000000", "price": "0.19656000", "time": "2025-07-12T14:38:17.266632Z", "fetched_at": "2025-07-12T14:39:35.053864+00:00", "symbol": "DOGE-USD"}, {"trade_id": 138716567, "side": "buy", "size": "5.60000000", "price": "0.19658000", "time": "2025-07-12T14:38:17.266632Z", "fetched_at": "2025-07-12T14:39:35.053864+00:00", "symbol": "DOGE-USD"}, {"trade_id": 138716566, "side": "buy", "size": "5.60000000", "price": "0.19660000", "time": "2025-07-12T14:38:17.093779Z", "fetched_at": "2025-07-12T14:39:35.053864+00:00", "symbol": "DOGE-USD"}, {"trade_id": 138716565, "side": "buy", "size": "630.90000000", "price": "0.19662000", "time": "2025-07-12T14:38:16.602613Z", "fetched_at": "2025-07-12T14:39:35.053864+00:00", "symbol": "DOGE-USD"}, {"trade_id": 138716564, "side": "buy", "size": "3693.50000000", "price": "0.19662000", "time": "2025-07-12T14:38:16.602613Z", "fetched_at": "2025-07-12T14:39:35.053864+00:00", "symbol": "DOGE-USD"}, {"trade_id": 138716563, "side": "buy", "size": "1573.20000000", "price": "0.19662000", "time": "2025-07-12T14:38:16.602613Z", "fetched_at": "2025-07-12T14:39:35.053864+00:00", "symbol": "DOGE-USD"}, {"trade_id": 138716562, "side": "buy", "size": "5.60000000", "price": "0.19662000", "time": "2025-07-12T14:38:16.602613Z", "fetched_at": "2025-07-12T14:39:35.053864+00:00", "symbol": "DOGE-USD"}, {"trade_id": 138716561, "side": "buy", "size": "2485.70000000", "price": "0.19663000", "time": "2025-07-12T14:38:16.600763Z", "fetched_at": "2025-07-12T14:39:35.053864+00:00", "symbol": "DOGE-USD"}, {"trade_id": 138716560, "side": "buy", "size": "6704.80000000", "price": "0.19663000", "time": "2025-07-12T14:38:16.600763Z", "fetched_at": "2025-07-12T14:39:35.053864+00:00", "symbol": "DOGE-USD"}, {"trade_id": 138716559, "side": "buy", "size": "12095.20000000", "price": "0.19663000", "time": "2025-07-12T14:38:16.600724Z", "fetched_at": "2025-07-12T14:39:35.053864+00:00", "symbol": "DOGE-USD"}, {"trade_id": 138716558, "side": "buy", "size": "1573.20000000", "price": "0.19663000", "time": "2025-07-12T14:38:16.600724Z", "fetched_at": "2025-07-12T14:39:35.053864+00:00", "symbol": "DOGE-USD"}, {"trade_id": 138716557, "side": "buy", "size": "931.90000000", "price": "0.19663000", "time": "2025-07-12T14:38:16.600724Z", "fetched_at": "2025-07-12T14:39:35.053864+00:00", "symbol": "DOGE-USD"}, {"trade_id": 138716556, "side": "buy", "size": "14321.50000000", "price": "0.19664000", "time": "2025-07-12T14:38:16.600153Z", "fetched_at": "2025-07-12T14:39:35.053864+00:00", "symbol": "DOGE-USD"}, {"trade_id": 138716555, "side": "buy", "size": "21.30000000", "price": "0.19664000", "time": "2025-07-12T14:38:16.600153Z", "fetched_at": "2025-07-12T14:39:35.053864+00:00", "symbol": "DOGE-USD"}, {"trade_id": 138716554, "side": "buy", "size": "1573.20000000", "price": "0.19664000", "time": "2025-07-12T14:38:16.600153Z", "fetched_at": "2025-07-12T14:39:35.053864+00:00", "symbol": "DOGE-USD"}, {"trade_id": 138716553, "side": "buy", "size": "823.50000000", "price": "0.19664000", "time": "2025-07-12T14:38:16.600153Z", "fetched_at": "2025-07-12T14:39:35.053864+00:00", "symbol": "DOGE-USD"}, {"trade_id": 138716552, "side": "buy", "size": "5.60000000", "price": "0.19664000", "time": "2025-07-12T14:38:16.600153Z", "fetched_at": "2025-07-12T14:39:35.053864+00:00", "symbol": "DOGE-USD"}, {"trade_id": 138716551, "side": "buy", "size": "5.60000000", "price": "0.19666000", "time": "2025-07-12T14:38:16.599297Z", "fetched_at": "2025-07-12T14:39:35.053864+00:00", "symbol": "DOGE-USD"}, {"trade_id": 138716550, "side": "buy", "size": "5.60000000", "price": "0.19668000", "time": "2025-07-12T14:38:16.599297Z", "fetched_at": "2025-07-12T14:39:35.053864+00:00", "symbol": "DOGE-USD"}, {"trade_id": 138716549, "side": "buy", "size": "183.00000000", "price": "0.19670000", "time": "2025-07-12T14:38:15.934034Z", "fetched_at": "2025-07-12T14:39:35.053864+00:00", "symbol": "DOGE-USD"}, {"trade_id": 138716548, "side": "buy", "size": "289.50000000", "price": "0.19670000", "time": "2025-07-12T14:38:15.934034Z", "fetched_at": "2025-07-12T14:39:35.053864+00:00", "symbol": "DOGE-USD"}, {"trade_id": 138716547, "side": "buy", "size": "789.70000000", "price": "0.19669000", "time": "2025-07-12T14:38:15.381949Z", "fetched_at": "2025-07-12T14:39:35.053864+00:00", "symbol": "DOGE-USD"}, {"trade_id": 138716546, "side": "buy", "size": "1409.00000000", "price": "0.19674000", "time": "2025-07-12T14:38:13.099907Z", "fetched_at": "2025-07-12T14:39:35.053864+00:00", "symbol": "DOGE-USD"}, {"trade_id": 138716545, "side": "buy", "size": "50.90000000", "price": "0.19669000", "time": "2025-07-12T14:38:12.095903Z", "fetched_at": "2025-07-12T14:39:35.053864+00:00", "symbol": "DOGE-USD"}, {"trade_id": 138716544, "side": "buy", "size": "5.60000000", "price": "0.19670000", "time": "2025-07-12T14:38:12.095903Z", "fetched_at": "2025-07-12T14:39:35.053864+00:00", "symbol": "DOGE-USD"}, {"trade_id": 138716543, "side": "buy", "size": "5.60000000", "price": "0.19672000", "time": "2025-07-12T14:38:12.095903Z", "fetched_at": "2025-07-12T14:39:35.053864+00:00", "symbol": "DOGE-USD"}, {"trade_id": 138716542, "side": "buy", "size": "5.60000000", "price": "0.19674000", "time": "2025-07-12T14:38:11.747959Z", "fetched_at": "2025-07-12T14:39:35.053864+00:00", "symbol": "DOGE-USD"}, {"trade_id": 138716541, "side": "buy", "size": "5.60000000", "price": "0.19676000", "time": "2025-07-12T14:38:11.742758Z", "fetched_at": "2025-07-12T14:39:35.053864+00:00", "symbol": "DOGE-USD"}, {"trade_id": 138716540, "side": "buy", "size": "955.30000000", "price": "0.19678000", "time": "2025-07-12T14:38:09.283582Z", "fetched_at": "2025-07-12T14:39:35.053864+00:00", "symbol": "DOGE-USD"}, {"trade_id": 138716539, "side": "buy", "size": "1573.20000000", "price": "0.19678000", "time": "2025-07-12T14:38:09.283582Z", "fetched_at": "2025-07-12T14:39:35.053864+00:00", "symbol": "DOGE-USD"}, {"trade_id": 138716538, "side": "buy", "size": "5.60000000", "price": "0.19678000", "time": "2025-07-12T14:38:09.283582Z", "fetched_at": "2025-07-12T14:39:35.053864+00:00", "symbol": "DOGE-USD"}, {"trade_id": 138716537, "side": "buy", "size": "1351.00000000", "price": "0.19679000", "time": "2025-07-12T14:38:09.283582Z", "fetched_at": "2025-07-12T14:39:35.053864+00:00", "symbol": "DOGE-USD"}, {"trade_id": 138716536, "side": "buy", "size": "1183.20000000", "price": "0.19679000", "time": "2025-07-12T14:38:09.283582Z", "fetched_at": "2025-07-12T14:39:35.053864+00:00", "symbol": "DOGE-USD"}, {"trade_id": 138716535, "side": "buy", "size": "5.60000000", "price": "0.19680000", "time": "2025-07-12T14:38:09.283582Z", "fetched_at": "2025-07-12T14:39:35.053864+00:00", "symbol": "DOGE-USD"}, {"trade_id": 138716534, "side": "buy", "size": "174.90000000", "price": "0.19681000", "time": "2025-07-12T14:38:08.339288Z", "fetched_at": "2025-07-12T14:39:35.053864+00:00", "symbol": "DOGE-USD"}, {"trade_id": 138716533, "side": "buy", "size": "5.60000000", "price": "0.19682000", "time": "2025-07-12T14:38:07.368295Z", "fetched_at": "2025-07-12T14:39:35.053864+00:00", "symbol": "DOGE-USD"}, {"trade_id": 138716532, "side": "buy", "size": "5.60000000", "price": "0.19684000", "time": "2025-07-12T14:38:07.368295Z", "fetched_at": "2025-07-12T14:39:35.053864+00:00", "symbol": "DOGE-USD"}, {"trade_id": 138716531, "side": "buy", "size": "2.00000000", "price": "0.19686000", "time": "2025-07-12T14:38:07.368295Z", "fetched_at": "2025-07-12T14:39:35.053864+00:00", "symbol": "DOGE-USD"}, {"trade_id": 138716530, "side": "buy", "size": "151.70000000", "price": "0.19688000", "time": "2025-07-12T14:38:06.983677Z", "fetched_at": "2025-07-12T14:39:35.053864+00:00", "symbol": "DOGE-USD"}, {"trade_id": 138716529, "side": "buy", "size": "638.00000000", "price": "0.19688000", "time": "2025-07-12T14:38:06.983677Z", "fetched_at": "2025-07-12T14:39:35.053864+00:00", "symbol": "DOGE-USD"}, {"trade_id": 138716528, "side": "buy", "size": "5.60000000", "price": "0.19686000", "time": "2025-07-12T14:38:03.763405Z", "fetched_at": "2025-07-12T14:39:35.053864+00:00", "symbol": "DOGE-USD"}, {"trade_id": 138716527, "side": "sell", "size": "121.60000000", "price": "0.19687000", "time": "2025-07-12T14:38:03.474326Z", "fetched_at": "2025-07-12T14:39:35.053864+00:00", "symbol": "DOGE-USD"}, {"trade_id": 138716526, "side": "buy", "size": "39.70000000", "price": "0.19687000", "time": "2025-07-12T14:38:00.646039Z", "fetched_at": "2025-07-12T14:39:35.053864+00:00", "symbol": "DOGE-USD"}, {"trade_id": 138716525, "side": "buy", "size": "5.60000000", "price": "0.19688000", "time": "2025-07-12T14:38:00.646039Z", "fetched_at": "2025-07-12T14:39:35.053864+00:00", "symbol": "DOGE-USD"}, {"trade_id": 138716524, "side": "buy", "size": "6.10000000", "price": "0.19688000", "time": "2025-07-12T14:38:00.646039Z", "fetched_at": "2025-07-12T14:39:35.053864+00:00", "symbol": "DOGE-USD"}, {"trade_id": 138716523, "side": "buy", "size": "2.00000000", "price": "0.19690000", "time": "2025-07-12T14:38:00.646039Z", "fetched_at": "2025-07-12T14:39:35.053864+00:00", "symbol": "DOGE-USD"}, {"trade_id": 138716522, "side": "buy", "size": "5.60000000", "price": "0.19690000", "time": "2025-07-12T14:38:00.646039Z", "fetched_at": "2025-07-12T14:39:35.053864+00:00", "symbol": "DOGE-USD"}, {"trade_id": 138716521, "side": "buy", "size": "630.90000000", "price": "0.19692000", "time": "2025-07-12T14:37:57.491991Z", "fetched_at": "2025-07-12T14:39:35.053864+00:00", "symbol": "DOGE-USD"}, {"trade_id": 138716520, "side": "buy", "size": "50.80000000", "price": "0.19692000", "time": "2025-07-12T14:37:57.491991Z", "fetched_at": "2025-07-12T14:39:35.053864+00:00", "symbol": "DOGE-USD"}, {"trade_id": 138716519, "side": "buy", "size": "235.90000000", "price": "0.19692000", "time": "2025-07-12T14:37:57.491991Z", "fetched_at": "2025-07-12T14:39:35.053864+00:00", "symbol": "DOGE-USD"}, {"trade_id": 138716518, "side": "buy", "size": "1302.50000000", "price": "0.19695000", "time": "2025-07-12T14:37:57.491991Z", "fetched_at": "2025-07-12T14:39:35.053864+00:00", "symbol": "DOGE-USD"}, {"trade_id": 138716517, "side": "sell", "size": "18733.90000000", "price": "0.19692000", "time": "2025-07-12T14:37:56.585315Z", "fetched_at": "2025-07-12T14:39:35.053864+00:00", "symbol": "DOGE-USD"}, {"trade_id": 138716516, "side": "sell", "size": "16.10000000", "price": "0.19691000", "time": "2025-07-12T14:37:56.535762Z", "fetched_at": "2025-07-12T14:39:35.053864+00:00", "symbol": "DOGE-USD"}, {"trade_id": 138716515, "side": "sell", "size": "10157.80000000", "price": "0.19691000", "time": "2025-07-12T14:37:56.535762Z", "fetched_at": "2025-07-12T14:39:35.053864+00:00", "symbol": "DOGE-USD"}, {"trade_id": 138716514, "side": "sell", "size": "630.90000000", "price": "0.19691000", "time": "2025-07-12T14:37:56.535762Z", "fetched_at": "2025-07-12T14:39:35.053864+00:00", "symbol": "DOGE-USD"}, {"trade_id": 138716513, "side": "sell", "size": "1048.20000000", "price": "0.19691000", "time": "2025-07-12T14:37:53.041589Z", "fetched_at": "2025-07-12T14:39:35.053864+00:00", "symbol": "DOGE-USD"}, {"trade_id": 138716512, "side": "sell", "size": "959.20000000", "price": "0.19691000", "time": "2025-07-12T14:37:53.041589Z", "fetched_at": "2025-07-12T14:39:35.053864+00:00", "symbol": "DOGE-USD"}, {"trade_id": 138716511, "side": "sell", "size": "243.60000000", "price": "0.19691000", "time": "2025-07-12T14:37:51.341395Z", "fetched_at": "2025-07-12T14:39:35.053864+00:00", "symbol": "DOGE-USD"}, {"trade_id": 138716510, "side": "sell", "size": "9.30000000", "price": "0.19691000", "time": "2025-07-12T14:37:51.341395Z", "fetched_at": "2025-07-12T14:39:35.053864+00:00", "symbol": "DOGE-USD"}, {"trade_id": 138716509, "side": "sell", "size": "1000.00000000", "price": "0.19691000", "time": "2025-07-12T14:37:49.713634Z", "fetched_at": "2025-07-12T14:39:35.053864+00:00", "symbol": "DOGE-USD"}, {"trade_id": 138716508, "side": "sell", "size": "132.00000000", "price": "0.19691000", "time": "2025-07-12T14:37:48.693363Z", "fetched_at": "2025-07-12T14:39:35.053864+00:00", "symbol": "DOGE-USD"}, {"trade_id": 138716507, "side": "sell", "size": "12.40000000", "price": "0.19691000", "time": "2025-07-12T14:37:48.693363Z", "fetched_at": "2025-07-12T14:39:35.053864+00:00", "symbol": "DOGE-USD"}, {"trade_id": 138716506, "side": "buy", "size": "5.60000000", "price": "0.19692000", "time": "2025-07-12T14:37:46.177637Z", "fetched_at": "2025-07-12T14:39:35.053864+00:00", "symbol": "DOGE-USD"}, {"trade_id": 138716505, "side": "buy", "size": "130.60000000", "price": "0.19693000", "time": "2025-07-12T14:37:46.177637Z", "fetched_at": "2025-07-12T14:39:35.053864+00:00", "symbol": "DOGE-USD"}, {"trade_id": 138716504, "side": "buy", "size": "5.60000000", "price": "0.19694000", "time": "2025-07-12T14:37:46.177637Z", "fetched_at": "2025-07-12T14:39:35.053864+00:00", "symbol": "DOGE-USD"}, {"trade_id": 138716503, "side": "sell", "size": "98.70000000", "price": "0.19695000", "time": "2025-07-12T14:37:46.041835Z", "fetched_at": "2025-07-12T14:39:35.053864+00:00", "symbol": "DOGE-USD"}, {"trade_id": 138716502, "side": "buy", "size": "784.10000000", "price": "0.19696000", "time": "2025-07-12T14:37:43.381140Z", "fetched_at": "2025-07-12T14:39:35.053864+00:00", "symbol": "DOGE-USD"}, {"trade_id": 138716501, "side": "buy", "size": "5.60000000", "price": "0.19696000", "time": "2025-07-12T14:37:43.381140Z", "fetched_at": "2025-07-12T14:39:35.053864+00:00", "symbol": "DOGE-USD"}, {"trade_id": 138716500, "side": "buy", "size": "7122.30000000", "price": "0.19697000", "time": "2025-07-12T14:37:42.427268Z", "fetched_at": "2025-07-12T14:39:35.053864+00:00", "symbol": "DOGE-USD"}, {"trade_id": 138716499, "side": "buy", "size": "3985.50000000", "price": "0.19697000", "time": "2025-07-12T14:37:42.427268Z", "fetched_at": "2025-07-12T14:39:35.053864+00:00", "symbol": "DOGE-USD"}, {"trade_id": 138716498, "side": "buy", "size": "3489.80000000", "price": "0.19697000", "time": "2025-07-12T14:37:42.427268Z", "fetched_at": "2025-07-12T14:39:35.053864+00:00", "symbol": "DOGE-USD"}, {"trade_id": 138716497, "side": "buy", "size": "1573.20000000", "price": "0.19697000", "time": "2025-07-12T14:37:42.427268Z", "fetched_at": "2025-07-12T14:39:35.053864+00:00", "symbol": "DOGE-USD"}, {"trade_id": 138716496, "side": "buy", "size": "50.80000000", "price": "0.19698000", "time": "2025-07-12T14:37:42.427268Z", "fetched_at": "2025-07-12T14:39:35.053864+00:00", "symbol": "DOGE-USD"}, {"trade_id": 138716495, "side": "buy", "size": "5.60000000", "price": "0.19698000", "time": "2025-07-12T14:37:42.427268Z", "fetched_at": "2025-07-12T14:39:35.053864+00:00", "symbol": "DOGE-USD"}, {"trade_id": 138716494, "side": "buy", "size": "2.00000000", "price": "0.19700000", "time": "2025-07-12T14:37:42.427268Z", "fetched_at": "2025-07-12T14:39:35.053864+00:00", "symbol": "DOGE-USD"}, {"trade_id": 138716493, "side": "sell", "size": "293.00000000", "price": "0.19703000", "time": "2025-07-12T14:37:37.440202Z", "fetched_at": "2025-07-12T14:39:35.053864+00:00", "symbol": "DOGE-USD"}, {"trade_id": 138716492, "side": "sell", "size": "5063.50000000", "price": "0.19703000", "time": "2025-07-12T14:37:35.874970Z", "fetched_at": "2025-07-12T14:39:35.053864+00:00", "symbol": "DOGE-USD"}, {"trade_id": 138716491, "side": "buy", "size": "5.60000000", "price": "0.19700000", "time": "2025-07-12T14:37:29.072085Z", "fetched_at": "2025-07-12T14:39:35.053864+00:00", "symbol": "DOGE-USD"}, {"trade_id": 138716490, "side": "buy", "size": "18776.80000000", "price": "0.19700000", "time": "2025-07-12T14:37:29.071895Z", "fetched_at": "2025-07-12T14:39:35.053864+00:00", "symbol": "DOGE-USD"}, {"trade_id": 138716489, "side": "buy", "size": "5.60000000", "price": "0.19700000", "time": "2025-07-12T14:37:29.071895Z", "fetched_at": "2025-07-12T14:39:35.053864+00:00", "symbol": "DOGE-USD"}, {"trade_id": 138716488, "side": "buy", "size": "5.60000000", "price": "0.19702000", "time": "2025-07-12T14:37:29.071895Z", "fetched_at": "2025-07-12T14:39:35.053864+00:00", "symbol": "DOGE-USD"}, {"trade_id": 138716487, "side": "sell", "size": "1.80000000", "price": "0.19706000", "time": "2025-07-12T14:37:27.848820Z", "fetched_at": "2025-07-12T14:39:35.053864+00:00", "symbol": "DOGE-USD"}, {"trade_id": 138716486, "side": "sell", "size": "65.40000000", "price": "0.19708000", "time": "2025-07-12T14:37:25.865137Z", "fetched_at": "2025-07-12T14:39:35.053864+00:00", "symbol": "DOGE-USD"}, {"trade_id": 138716485, "side": "sell", "size": "10151.10000000", "price": "0.19705000", "time": "2025-07-12T14:37:25.777904Z", "fetched_at": "2025-07-12T14:39:35.053864+00:00", "symbol": "DOGE-USD"}, {"trade_id": 138716484, "side": "sell", "size": "10151.10000000", "price": "0.19704000", "time": "2025-07-12T14:37:25.747680Z", "fetched_at": "2025-07-12T14:39:35.053864+00:00", "symbol": "DOGE-USD"}, {"trade_id": 138716483, "side": "sell", "size": "85.10000000", "price": "0.19703000", "time": "2025-07-12T14:37:25.747680Z", "fetched_at": "2025-07-12T14:39:35.053864+00:00", "symbol": "DOGE-USD"}, {"trade_id": 138716482, "side": "buy", "size": "789.70000000", "price": "0.19703000", "time": "2025-07-12T14:37:22.704818Z", "fetched_at": "2025-07-12T14:39:35.053864+00:00", "symbol": "DOGE-USD"}, {"trade_id": 138716481, "side": "buy", "size": "3987.90000000", "price": "0.19703000", "time": "2025-07-12T14:37:22.702537Z", "fetched_at": "2025-07-12T14:39:35.053864+00:00", "symbol": "DOGE-USD"}, {"trade_id": 138716480, "side": "buy", "size": "1375.90000000", "price": "0.19704000", "time": "2025-07-12T14:37:22.701878Z", "fetched_at": "2025-07-12T14:39:35.053864+00:00", "symbol": "DOGE-USD"}, {"trade_id": 138716479, "side": "buy", "size": "85.10000000", "price": "0.19704000", "time": "2025-07-12T14:37:22.701878Z", "fetched_at": "2025-07-12T14:39:35.053864+00:00", "symbol": "DOGE-USD"}, {"trade_id": 138716478, "side": "buy", "size": "5.60000000", "price": "0.19704000", "time": "2025-07-12T14:37:22.701878Z", "fetched_at": "2025-07-12T14:39:35.053864+00:00", "symbol": "DOGE-USD"}, {"trade_id": 138716477, "side": "buy", "size": "5.60000000", "price": "0.19706000", "time": "2025-07-12T14:37:22.701878Z", "fetched_at": "2025-07-12T14:39:35.053864+00:00", "symbol": "DOGE-USD"}, {"trade_id": 138716476, "side": "buy", "size": "5.60000000", "price": "0.19708000", "time": "2025-07-12T14:37:22.701060Z", "fetched_at": "2025-07-12T14:39:35.053864+00:00", "symbol": "DOGE-USD"}, {"trade_id": 138716475, "side": "sell", "size": "10148.50000000", "price": "0.19709000", "time": "2025-07-12T14:37:19.034444Z", "fetched_at": "2025-07-12T14:39:35.053864+00:00", "symbol": "DOGE-USD"}, {"trade_id": 138716474, "side": "sell", "size": "320.50000000", "price": "0.19709000", "time": "2025-07-12T14:37:16.859057Z", "fetched_at": "2025-07-12T14:39:35.053864+00:00", "symbol": "DOGE-USD"}, {"trade_id": 138716473, "side": "sell", "size": "183.00000000", "price": "0.19709000", "time": "2025-07-12T14:37:16.859057Z", "fetched_at": "2025-07-12T14:39:35.053864+00:00", "symbol": "DOGE-USD"}, {"trade_id": 138716472, "side": "buy", "size": "5.60000000", "price": "0.19710000", "time": "2025-07-12T14:37:16.009696Z", "fetched_at": "2025-07-12T14:39:35.053864+00:00", "symbol": "DOGE-USD"}, {"trade_id": 138716471, "side": "buy", "size": "1856.90000000", "price": "0.19715000", "time": "2025-07-12T14:37:15.007369Z", "fetched_at": "2025-07-12T14:39:35.053864+00:00", "symbol": "DOGE-USD"}, {"trade_id": 138716470, "side": "buy", "size": "2732.50000000", "price": "0.19715000", "time": "2025-07-12T14:37:15.007369Z", "fetched_at": "2025-07-12T14:39:35.053864+00:00", "symbol": "DOGE-USD"}, {"trade_id": 138716469, "side": "buy", "size": "1573.20000000", "price": "0.19715000", "time": "2025-07-12T14:37:15.007369Z", "fetched_at": "2025-07-12T14:39:35.053864+00:00", "symbol": "DOGE-USD"}, {"trade_id": 138716468, "side": "buy", "size": "638.00000000", "price": "0.19717000", "time": "2025-07-12T14:37:15.007369Z", "fetched_at": "2025-07-12T14:39:35.053864+00:00", "symbol": "DOGE-USD"}, {"trade_id": 138716467, "side": "sell", "size": "66.60000000", "price": "0.19718000", "time": "2025-07-12T14:37:14.882283Z", "fetched_at": "2025-07-12T14:39:35.053864+00:00", "symbol": "DOGE-USD"}, {"trade_id": 138716466, "side": "sell", "size": "5.60000000", "price": "0.19718000", "time": "2025-07-12T14:37:14.882283Z", "fetched_at": "2025-07-12T14:39:35.053864+00:00", "symbol": "DOGE-USD"}, {"trade_id": 138716465, "side": "sell", "size": "125.60000000", "price": "0.19717000", "time": "2025-07-12T14:37:13.576921Z", "fetched_at": "2025-07-12T14:39:35.053864+00:00", "symbol": "DOGE-USD"}, {"trade_id": 138716464, "side": "buy", "size": "310.70000000", "price": "0.19715000", "time": "2025-07-12T14:37:10.762575Z", "fetched_at": "2025-07-12T14:39:35.053864+00:00", "symbol": "DOGE-USD"}, {"trade_id": 138716463, "side": "buy", "size": "35.50000000", "price": "0.19715000", "time": "2025-07-12T14:37:10.414377Z", "fetched_at": "2025-07-12T14:39:35.053864+00:00", "symbol": "DOGE-USD"}, {"trade_id": 138716462, "side": "sell", "size": "1648.10000000", "price": "0.19715000", "time": "2025-07-12T14:37:10.232319Z", "fetched_at": "2025-07-12T14:39:35.053864+00:00", "symbol": "DOGE-USD"}, {"trade_id": 138716461, "side": "sell", "size": "1573.20000000", "price": "0.19715000", "time": "2025-07-12T14:37:10.232319Z", "fetched_at": "2025-07-12T14:39:35.053864+00:00", "symbol": "DOGE-USD"}, {"trade_id": 138716460, "side": "buy", "size": "789.70000000", "price": "0.19717000", "time": "2025-07-12T14:37:06.094193Z", "fetched_at": "2025-07-12T14:39:35.053864+00:00", "symbol": "DOGE-USD"}, {"trade_id": 138716459, "side": "buy", "size": "28.60000000", "price": "0.19713000", "time": "2025-07-12T14:37:05.740784Z", "fetched_at": "2025-07-12T14:39:35.053864+00:00", "symbol": "DOGE-USD"}, {"trade_id": 138716458, "side": "buy", "size": "3300.30000000", "price": "0.19714000", "time": "2025-07-12T14:37:05.740784Z", "fetched_at": "2025-07-12T14:39:35.053864+00:00", "symbol": "DOGE-USD"}, {"trade_id": 138716457, "side": "buy", "size": "630.90000000", "price": "0.19714000", "time": "2025-07-12T14:37:05.740784Z", "fetched_at": "2025-07-12T14:39:35.053864+00:00", "symbol": "DOGE-USD"}, {"trade_id": 138716456, "side": "buy", "size": "1554.10000000", "price": "0.19714000", "time": "2025-07-12T14:37:05.740784Z", "fetched_at": "2025-07-12T14:39:35.053864+00:00", "symbol": "DOGE-USD"}, {"trade_id": 138716455, "side": "buy", "size": "1204.10000000", "price": "0.19714000", "time": "2025-07-12T14:37:05.740784Z", "fetched_at": "2025-07-12T14:39:35.053864+00:00", "symbol": "DOGE-USD"}, {"trade_id": 138716454, "side": "buy", "size": "1378.60000000", "price": "0.19715000", "time": "2025-07-12T14:37:05.740784Z", "fetched_at": "2025-07-12T14:39:35.053864+00:00", "symbol": "DOGE-USD"}, {"trade_id": 138716453, "side": "buy", "size": "1195.30000000", "price": "0.19716000", "time": "2025-07-12T14:37:05.740784Z", "fetched_at": "2025-07-12T14:39:35.053864+00:00", "symbol": "DOGE-USD"}, {"trade_id": 138716452, "side": "sell", "size": "5.60000000", "price": "0.19716000", "time": "2025-07-12T14:37:05.302913Z", "fetched_at": "2025-07-12T14:39:35.053864+00:00", "symbol": "DOGE-USD"}, {"trade_id": 138716451, "side": "sell", "size": "4726.80000000", "price": "0.19715000", "time": "2025-07-12T14:37:05.244891Z", "fetched_at": "2025-07-12T14:39:35.053864+00:00", "symbol": "DOGE-USD"}, {"trade_id": 138716450, "side": "sell", "size": "5.60000000", "price": "0.19714000", "time": "2025-07-12T14:37:05.125349Z", "fetched_at": "2025-07-12T14:39:35.053864+00:00", "symbol": "DOGE-USD"}, {"trade_id": 138716449, "side": "sell", "size": "5.60000000", "price": "0.19712000", "time": "2025-07-12T14:37:05.083306Z", "fetched_at": "2025-07-12T14:39:35.053864+00:00", "symbol": "DOGE-USD"}, {"trade_id": 138716448, "side": "sell", "size": "5226.20000000", "price": "0.19711000", "time": "2025-07-12T14:37:05.023307Z", "fetched_at": "2025-07-12T14:39:35.053864+00:00", "symbol": "DOGE-USD"}, {"trade_id": 138716447, "side": "sell", "size": "1554.10000000", "price": "0.19711000", "time": "2025-07-12T14:37:05.023307Z", "fetched_at": "2025-07-12T14:39:35.053864+00:00", "symbol": "DOGE-USD"}, {"trade_id": 138716446, "side": "sell", "size": "10149.60000000", "price": "0.19711000", "time": "2025-07-12T14:37:05.023307Z", "fetched_at": "2025-07-12T14:39:35.053864+00:00", "symbol": "DOGE-USD"}, {"trade_id": 138716445, "side": "sell", "size": "5.60000000", "price": "0.19710000", "time": "2025-07-12T14:37:05.023307Z", "fetched_at": "2025-07-12T14:39:35.053864+00:00", "symbol": "DOGE-USD"}, {"trade_id": 138716444, "side": "buy", "size": "76.90000000", "price": "0.19709000", "time": "2025-07-12T14:37:00.389450Z", "fetched_at": "2025-07-12T14:39:35.053864+00:00", "symbol": "DOGE-USD"}, {"trade_id": 138716443, "side": "sell", "size": "147.20000000", "price": "0.19707000", "time": "2025-07-12T14:36:59.348758Z", "fetched_at": "2025-07-12T14:39:35.053864+00:00", "symbol": "DOGE-USD"}, {"trade_id": 138716442, "side": "buy", "size": "5.60000000", "price": "0.19704000", "time": "2025-07-12T14:36:58.387054Z", "fetched_at": "2025-07-12T14:39:35.053864+00:00", "symbol": "DOGE-USD"}, {"trade_id": 138716441, "side": "buy", "size": "5.60000000", "price": "0.19706000", "time": "2025-07-12T14:36:58.387054Z", "fetched_at": "2025-07-12T14:39:35.053864+00:00", "symbol": "DOGE-USD"}, {"trade_id": 138716440, "side": "buy", "size": "18.00000000", "price": "0.19711000", "time": "2025-07-12T14:36:51.665382Z", "fetched_at": "2025-07-12T14:39:35.053864+00:00", "symbol": "DOGE-USD"}, {"trade_id": 138716439, "side": "buy", "size": "638.00000000", "price": "0.19712000", "time": "2025-07-12T14:36:51.665382Z", "fetched_at": "2025-07-12T14:39:35.053864+00:00", "symbol": "DOGE-USD"}, {"trade_id": 138716438, "side": "buy", "size": "638.00000000", "price": "0.19713000", "time": "2025-07-12T14:36:50.929351Z", "fetched_at": "2025-07-12T14:39:35.053864+00:00", "symbol": "DOGE-USD"}, {"trade_id": 138716437, "side": "sell", "size": "630.90000000", "price": "0.19712000", "time": "2025-07-12T14:36:50.689364Z", "fetched_at": "2025-07-12T14:39:35.053864+00:00", "symbol": "DOGE-USD"}, {"trade_id": 138716436, "side": "sell", "size": "10147.00000000", "price": "0.19712000", "time": "2025-07-12T14:36:50.689364Z", "fetched_at": "2025-07-12T14:39:35.053864+00:00", "symbol": "DOGE-USD"}, {"trade_id": 138716435, "side": "sell", "size": "3590.80000000", "price": "0.19712000", "time": "2025-07-12T14:36:50.689364Z", "fetched_at": "2025-07-12T14:39:35.053864+00:00", "symbol": "DOGE-USD"}, {"trade_id": 138716434, "side": "sell", "size": "1554.10000000", "price": "0.19712000", "time": "2025-07-12T14:36:50.689364Z", "fetched_at": "2025-07-12T14:39:35.053864+00:00", "symbol": "DOGE-USD"}, {"trade_id": 138716433, "side": "sell", "size": "5.60000000", "price": "0.19712000", "time": "2025-07-12T14:36:50.689364Z", "fetched_at": "2025-07-12T14:39:35.053864+00:00", "symbol": "DOGE-USD"}, {"trade_id": 138716432, "side": "buy", "size": "153.80000000", "price": "0.19709000", "time": "2025-07-12T14:36:46.520569Z", "fetched_at": "2025-07-12T14:39:35.053864+00:00", "symbol": "DOGE-USD"}, {"trade_id": 138716431, "side": "sell", "size": "85.30000000", "price": "0.19710000", "time": "2025-07-12T14:36:43.982541Z", "fetched_at": "2025-07-12T14:39:35.053864+00:00", "symbol": "DOGE-USD"}, {"trade_id": 138716430, "side": "sell", "size": "11.00000000", "price": "0.19709000", "time": "2025-07-12T14:36:43.982541Z", "fetched_at": "2025-07-12T14:39:35.053864+00:00", "symbol": "DOGE-USD"}, {"trade_id": 138716429, "side": "sell", "size": "1237.30000000", "price": "0.19711000", "time": "2025-07-12T14:36:37.816902Z", "fetched_at": "2025-07-12T14:39:35.053864+00:00", "symbol": "DOGE-USD"}, {"trade_id": 138716428, "side": "buy", "size": "62.30000000", "price": "0.19709000", "time": "2025-07-12T14:36:37.434659Z", "fetched_at": "2025-07-12T14:39:35.053864+00:00", "symbol": "DOGE-USD"}, {"trade_id": 138716427, "side": "sell", "size": "66578.70000000", "price": "0.19710000", "time": "2025-07-12T14:36:35.740517Z", "fetched_at": "2025-07-12T14:39:35.053864+00:00", "symbol": "DOGE-USD"}, {"trade_id": 138716426, "side": "sell", "size": "10148.00000000", "price": "0.19710000", "time": "2025-07-12T14:36:35.740517Z", "fetched_at": "2025-07-12T14:39:35.053864+00:00", "symbol": "DOGE-USD"}, {"trade_id": 138716425, "side": "sell", "size": "5.60000000", "price": "0.19710000", "time": "2025-07-12T14:36:35.740517Z", "fetched_at": "2025-07-12T14:39:35.053864+00:00", "symbol": "DOGE-USD"}, {"trade_id": 138716424, "side": "sell", "size": "630.90000000", "price": "0.19707000", "time": "2025-07-12T14:36:35.740517Z", "fetched_at": "2025-07-12T14:39:35.053864+00:00", "symbol": "DOGE-USD"}, {"trade_id": 138716423, "side": "sell", "size": "20.30000000", "price": "0.19707000", "time": "2025-07-12T14:36:35.740517Z", "fetched_at": "2025-07-12T14:39:35.053864+00:00", "symbol": "DOGE-USD"}, {"trade_id": 138716422, "side": "sell", "size": "48559.90000000", "price": "0.19709000", "time": "2025-07-12T14:36:35.736573Z", "fetched_at": "2025-07-12T14:39:35.053864+00:00", "symbol": "DOGE-USD"}, {"trade_id": 138716421, "side": "sell", "size": "6517.20000000", "price": "0.19709000", "time": "2025-07-12T14:36:35.736573Z", "fetched_at": "2025-07-12T14:39:35.053864+00:00", "symbol": "DOGE-USD"}, {"trade_id": 138716420, "side": "sell", "size": "1554.10000000", "price": "0.19709000", "time": "2025-07-12T14:36:35.736573Z", "fetched_at": "2025-07-12T14:39:35.053864+00:00", "symbol": "DOGE-USD"}, {"trade_id": 138716419, "side": "sell", "size": "630.90000000", "price": "0.19707000", "time": "2025-07-12T14:36:35.734778Z", "fetched_at": "2025-07-12T14:39:35.053864+00:00", "symbol": "DOGE-USD"}, {"trade_id": 138716418, "side": "sell", "size": "1554.10000000", "price": "0.19707000", "time": "2025-07-12T14:36:35.734778Z", "fetched_at": "2025-07-12T14:39:35.053864+00:00", "symbol": "DOGE-USD"}, {"trade_id": 138716417, "side": "sell", "size": "1554.10000000", "price": "0.19706000", "time": "2025-07-12T14:36:35.734245Z", "fetched_at": "2025-07-12T14:39:35.053864+00:00", "symbol": "DOGE-USD"}, {"trade_id": 138716416, "side": "sell", "size": "24.90000000", "price": "0.19705000", "time": "2025-07-12T14:36:35.734245Z", "fetched_at": "2025-07-12T14:39:35.053864+00:00", "symbol": "DOGE-USD"}, {"trade_id": 138716415, "side": "buy", "size": "149.30000000", "price": "0.19703000", "time": "2025-07-12T14:36:33.855272Z", "fetched_at": "2025-07-12T14:39:35.053864+00:00", "symbol": "DOGE-USD"}, {"trade_id": 138716414, "side": "buy", "size": "1355.70000000", "price": "0.19704000", "time": "2025-07-12T14:36:33.855272Z", "fetched_at": "2025-07-12T14:39:35.053864+00:00", "symbol": "DOGE-USD"}, {"trade_id": 138716413, "side": "buy", "size": "638.00000000", "price": "0.19705000", "time": "2025-07-12T14:36:33.855272Z", "fetched_at": "2025-07-12T14:39:35.053864+00:00", "symbol": "DOGE-USD"}, {"trade_id": 138716412, "side": "buy", "size": "2.00000000", "price": "0.19705000", "time": "2025-07-12T14:36:33.855272Z", "fetched_at": "2025-07-12T14:39:35.053864+00:00", "symbol": "DOGE-USD"}, {"trade_id": 138716411, "side": "buy", "size": "621.50000000", "price": "0.19706000", "time": "2025-07-12T14:36:23.642723Z", "fetched_at": "2025-07-12T14:39:35.053864+00:00", "symbol": "DOGE-USD"}, {"trade_id": 138716410, "side": "buy", "size": "1204.40000000", "price": "0.19706000", "time": "2025-07-12T14:36:23.642723Z", "fetched_at": "2025-07-12T14:39:35.053864+00:00", "symbol": "DOGE-USD"}, {"trade_id": 138716409, "side": "buy", "size": "183.00000000", "price": "0.19707000", "time": "2025-07-12T14:36:23.642723Z", "fetched_at": "2025-07-12T14:39:35.053864+00:00", "symbol": "DOGE-USD"}, {"trade_id": 138716408, "side": "buy", "size": "638.00000000", "price": "0.19707000", "time": "2025-07-12T14:36:23.642723Z", "fetched_at": "2025-07-12T14:39:35.053864+00:00", "symbol": "DOGE-USD"}, {"trade_id": 138716407, "side": "buy", "size": "289.50000000", "price": "0.19707000", "time": "2025-07-12T14:36:23.642723Z", "fetched_at": "2025-07-12T14:39:35.053864+00:00", "symbol": "DOGE-USD"}, {"trade_id": 138716406, "side": "sell", "size": "7.80000000", "price": "0.19708000", "time": "2025-07-12T14:36:21.839045Z", "fetched_at": "2025-07-12T14:39:35.053864+00:00", "symbol": "DOGE-USD"}, {"trade_id": 138716405, "side": "sell", "size": "32.80000000", "price": "0.19707000", "time": "2025-07-12T14:36:21.839045Z", "fetched_at": "2025-07-12T14:39:35.053864+00:00", "symbol": "DOGE-USD"}, {"trade_id": 138716404, "side": "sell", "size": "5.60000000", "price": "0.19710000", "time": "2025-07-12T14:36:21.528104Z", "fetched_at": "2025-07-12T14:39:35.053864+00:00", "symbol": "DOGE-USD"}, {"trade_id": 138716403, "side": "sell", "size": "5.60000000", "price": "0.19708000", "time": "2025-07-12T14:36:21.501451Z", "fetched_at": "2025-07-12T14:39:35.053864+00:00", "symbol": "DOGE-USD"}, {"trade_id": 138716402, "side": "sell", "size": "3940.00000000", "price": "0.19708000", "time": "2025-07-12T14:36:21.501451Z", "fetched_at": "2025-07-12T14:39:35.053864+00:00", "symbol": "DOGE-USD"}, {"trade_id": 138716401, "side": "sell", "size": "10150.10000000", "price": "0.19707000", "time": "2025-07-12T14:36:21.496377Z", "fetched_at": "2025-07-12T14:39:35.053864+00:00", "symbol": "DOGE-USD"}, {"trade_id": 138716400, "side": "sell", "size": "50.80000000", "price": "0.19706000", "time": "2025-07-12T14:36:21.496377Z", "fetched_at": "2025-07-12T14:39:35.053864+00:00", "symbol": "DOGE-USD"}, {"trade_id": 138716399, "side": "sell", "size": "5.60000000", "price": "0.19706000", "time": "2025-07-12T14:36:21.496377Z", "fetched_at": "2025-07-12T14:39:35.053864+00:00", "symbol": "DOGE-USD"}, {"trade_id": 138716398, "side": "sell", "size": "4238.80000000", "price": "0.19705000", "time": "2025-07-12T14:36:21.451589Z", "fetched_at": "2025-07-12T14:39:35.053864+00:00", "symbol": "DOGE-USD"}, {"trade_id": 138716397, "side": "sell", "size": "50.80000000", "price": "0.19704000", "time": "2025-07-12T14:36:21.451589Z", "fetched_at": "2025-07-12T14:39:35.053864+00:00", "symbol": "DOGE-USD"}, {"trade_id": 138716396, "side": "buy", "size": "476.10000000", "price": "0.19702000", "time": "2025-07-12T14:36:21.076041Z", "fetched_at": "2025-07-12T14:39:35.053864+00:00", "symbol": "DOGE-USD"}, {"trade_id": 138716395, "side": "buy", "size": "1250.80000000", "price": "0.19703000", "time": "2025-07-12T14:36:21.076041Z", "fetched_at": "2025-07-12T14:39:35.053864+00:00", "symbol": "DOGE-USD"}, {"trade_id": 138716394, "side": "buy", "size": "638.00000000", "price": "0.19704000", "time": "2025-07-12T14:36:21.076041Z", "fetched_at": "2025-07-12T14:39:35.053864+00:00", "symbol": "DOGE-USD"}, {"trade_id": 138716393, "side": "buy", "size": "167.00000000", "price": "0.19702000", "time": "2025-07-12T14:36:16.981012Z", "fetched_at": "2025-07-12T14:39:35.053864+00:00", "symbol": "DOGE-USD"}, {"trade_id": 138716392, "side": "buy", "size": "2.00000000", "price": "0.19702000", "time": "2025-07-12T14:36:16.981012Z", "fetched_at": "2025-07-12T14:39:35.053864+00:00", "symbol": "DOGE-USD"}, {"trade_id": 138716391, "side": "sell", "size": "502.50000000", "price": "0.19703000", "time": "2025-07-12T14:36:16.547416Z", "fetched_at": "2025-07-12T14:39:35.053864+00:00", "symbol": "DOGE-USD"}, {"trade_id": 138716390, "side": "sell", "size": "25.10000000", "price": "0.19703000", "time": "2025-07-12T14:36:16.172010Z", "fetched_at": "2025-07-12T14:39:35.053864+00:00", "symbol": "DOGE-USD"}, {"trade_id": 138716389, "side": "buy", "size": "76.90000000", "price": "0.19703000", "time": "2025-07-12T14:36:13.600773Z", "fetched_at": "2025-07-12T14:39:35.053864+00:00", "symbol": "DOGE-USD"}, {"trade_id": 138716388, "side": "sell", "size": "50.80000000", "price": "0.19702000", "time": "2025-07-12T14:36:12.679709Z", "fetched_at": "2025-07-12T14:39:35.053864+00:00", "symbol": "DOGE-USD"}, {"trade_id": 138716387, "side": "sell", "size": "33.90000000", "price": "0.19701000", "time": "2025-07-12T14:36:11.190176Z", "fetched_at": "2025-07-12T14:39:35.053864+00:00", "symbol": "DOGE-USD"}, {"trade_id": 138716386, "side": "sell", "size": "4737.90000000", "price": "0.19701000", "time": "2025-07-12T14:36:10.792003Z", "fetched_at": "2025-07-12T14:39:35.053864+00:00", "symbol": "DOGE-USD"}, {"trade_id": 138716385, "side": "sell", "size": "50.80000000", "price": "0.19700000", "time": "2025-07-12T14:36:10.792003Z", "fetched_at": "2025-07-12T14:39:35.053864+00:00", "symbol": "DOGE-USD"}, {"trade_id": 138716384, "side": "buy", "size": "497.50000000", "price": "0.19698000", "time": "2025-07-12T14:36:10.284448Z", "fetched_at": "2025-07-12T14:39:35.053864+00:00", "symbol": "DOGE-USD"}, {"trade_id": 138716383, "side": "buy", "size": "5.60000000", "price": "0.19698000", "time": "2025-07-12T14:36:10.284448Z", "fetched_at": "2025-07-12T14:39:35.053864+00:00", "symbol": "DOGE-USD"}, {"trade_id": 138716382, "side": "buy", "size": "1267.90000000", "price": "0.19699000", "time": "2025-07-12T14:36:10.284448Z", "fetched_at": "2025-07-12T14:39:35.053864+00:00", "symbol": "DOGE-USD"}, {"trade_id": 138716381, "side": "buy", "size": "5.60000000", "price": "0.19700000", "time": "2025-07-12T14:36:10.284448Z", "fetched_at": "2025-07-12T14:39:35.053864+00:00", "symbol": "DOGE-USD"}, {"trade_id": 138716380, "side": "buy", "size": "289.50000000", "price": "0.19704000", "time": "2025-07-12T14:36:08.297944Z", "fetched_at": "2025-07-12T14:39:35.053864+00:00", "symbol": "DOGE-USD"}, {"trade_id": 138716379, "side": "sell", "size": "582.20000000", "price": "0.19701000", "time": "2025-07-12T14:36:07.492076Z", "fetched_at": "2025-07-12T14:39:35.053864+00:00", "symbol": "DOGE-USD"}, {"trade_id": 138716378, "side": "buy", "size": "5.60000000", "price": "0.19702000", "time": "2025-07-12T14:36:06.874475Z", "fetched_at": "2025-07-12T14:39:35.053864+00:00", "symbol": "DOGE-USD"}, {"trade_id": 138716377, "side": "buy", "size": "638.00000000", "price": "0.19704000", "time": "2025-07-12T14:36:05.113608Z", "fetched_at": "2025-07-12T14:39:35.053864+00:00", "symbol": "DOGE-USD"}, {"trade_id": 138716376, "side": "buy", "size": "1200.70000000", "price": "0.19703000", "time": "2025-07-12T14:36:02.759587Z", "fetched_at": "2025-07-12T14:39:35.053864+00:00", "symbol": "DOGE-USD"}, {"trade_id": 138716375, "side": "buy", "size": "50.80000000", "price": "0.19704000", "time": "2025-07-12T14:36:02.759587Z", "fetched_at": "2025-07-12T14:39:35.053864+00:00", "symbol": "DOGE-USD"}, {"trade_id": 138716374, "side": "buy", "size": "1151.70000000", "price": "0.19704000", "time": "2025-07-12T14:36:02.759587Z", "fetched_at": "2025-07-12T14:39:35.053864+00:00", "symbol": "DOGE-USD"}, {"trade_id": 138716373, "side": "buy", "size": "5.60000000", "price": "0.19704000", "time": "2025-07-12T14:36:02.759587Z", "fetched_at": "2025-07-12T14:39:35.053864+00:00", "symbol": "DOGE-USD"}, {"trade_id": 138716372, "side": "sell", "size": "50.80000000", "price": "0.19707000", "time": "2025-07-12T14:36:00.641651Z", "fetched_at": "2025-07-12T14:39:35.053864+00:00", "symbol": "DOGE-USD"}, {"trade_id": 138716371, "side": "buy", "size": "630.40000000", "price": "0.19706000", "time": "2025-07-12T14:35:58.022073Z", "fetched_at": "2025-07-12T14:39:35.053864+00:00", "symbol": "DOGE-USD"}, {"trade_id": 138716370, "side": "buy", "size": "5.60000000", "price": "0.19706000", "time": "2025-07-12T14:35:58.022073Z", "fetched_at": "2025-07-12T14:39:35.053864+00:00", "symbol": "DOGE-USD"}, {"trade_id": 138716369, "side": "buy", "size": "50.80000000", "price": "0.19707000", "time": "2025-07-12T14:35:58.014163Z", "fetched_at": "2025-07-12T14:39:35.053864+00:00", "symbol": "DOGE-USD"}, {"trade_id": 138716368, "side": "buy", "size": "2.00000000", "price": "0.19709000", "time": "2025-07-12T14:35:58.007070Z", "fetched_at": "2025-07-12T14:39:35.053864+00:00", "symbol": "DOGE-USD"}, {"trade_id": 138716367, "side": "buy", "size": "128.50000000", "price": "0.19709000", "time": "2025-07-12T14:35:56.176989Z", "fetched_at": "2025-07-12T14:39:35.053864+00:00", "symbol": "DOGE-USD"}, {"trade_id": 138716366, "side": "buy", "size": "1383.20000000", "price": "0.19709000", "time": "2025-07-12T14:35:56.176989Z", "fetched_at": "2025-07-12T14:39:35.053864+00:00", "symbol": "DOGE-USD"}, {"trade_id": 138716365, "side": "buy", "size": "638.00000000", "price": "0.19709000", "time": "2025-07-12T14:35:56.176989Z", "fetched_at": "2025-07-12T14:39:35.053864+00:00", "symbol": "DOGE-USD"}, {"trade_id": 138716364, "side": "buy", "size": "789.70000000", "price": "0.19709000", "time": "2025-07-12T14:35:50.806105Z", "fetched_at": "2025-07-12T14:39:35.053864+00:00", "symbol": "DOGE-USD"}, {"trade_id": 138716363, "side": "sell", "size": "64.40000000", "price": "0.19713000", "time": "2025-07-12T14:35:50.487786Z", "fetched_at": "2025-07-12T14:39:35.053864+00:00", "symbol": "DOGE-USD"}, {"trade_id": 138716362, "side": "sell", "size": "50.80000000", "price": "0.19711000", "time": "2025-07-12T14:35:49.795679Z", "fetched_at": "2025-07-12T14:39:35.053864+00:00", "symbol": "DOGE-USD"}, {"trade_id": 138716361, "side": "buy", "size": "810.70000000", "price": "0.19707000", "time": "2025-07-12T14:35:49.024609Z", "fetched_at": "2025-07-12T14:39:35.053864+00:00", "symbol": "DOGE-USD"}, {"trade_id": 138716360, "side": "buy", "size": "50.80000000", "price": "0.19707000", "time": "2025-07-12T14:35:49.024609Z", "fetched_at": "2025-07-12T14:39:35.053864+00:00", "symbol": "DOGE-USD"}, {"trade_id": 138716359, "side": "buy", "size": "1357.80000000", "price": "0.19707000", "time": "2025-07-12T14:35:49.024609Z", "fetched_at": "2025-07-12T14:39:35.053864+00:00", "symbol": "DOGE-USD"}, {"trade_id": 138716358, "side": "buy", "size": "1397.60000000", "price": "0.19708000", "time": "2025-07-12T14:35:49.024609Z", "fetched_at": "2025-07-12T14:39:35.053864+00:00", "symbol": "DOGE-USD"}, {"trade_id": 138716357, "side": "buy", "size": "5.60000000", "price": "0.19708000", "time": "2025-07-12T14:35:49.024609Z", "fetched_at": "2025-07-12T14:39:35.053864+00:00", "symbol": "DOGE-USD"}, {"trade_id": 138716356, "side": "buy", "size": "5.60000000", "price": "0.19710000", "time": "2025-07-12T14:35:49.024609Z", "fetched_at": "2025-07-12T14:39:35.053864+00:00", "symbol": "DOGE-USD"}, {"trade_id": 138716355, "side": "buy", "size": "5.60000000", "price": "0.19712000", "time": "2025-07-12T14:35:48.894395Z", "fetched_at": "2025-07-12T14:39:35.053864+00:00", "symbol": "DOGE-USD"}, {"trade_id": 138716354, "side": "buy", "size": "2.00000000", "price": "0.19713000", "time": "2025-07-12T14:35:48.885543Z", "fetched_at": "2025-07-12T14:39:35.053864+00:00", "symbol": "DOGE-USD"}, {"trade_id": 138716353, "side": "buy", "size": "19519.90000000", "price": "0.19713000", "time": "2025-07-12T14:35:48.885543Z", "fetched_at": "2025-07-12T14:39:35.053864+00:00", "symbol": "DOGE-USD"}, {"trade_id": 138716352, "side": "buy", "size": "5.60000000", "price": "0.19714000", "time": "2025-07-12T14:35:48.885543Z", "fetched_at": "2025-07-12T14:39:35.053864+00:00", "symbol": "DOGE-USD"}, {"trade_id": 138716351, "side": "sell", "size": "10145.80000000", "price": "0.19717000", "time": "2025-07-12T14:35:38.751411Z", "fetched_at": "2025-07-12T14:39:35.053864+00:00", "symbol": "DOGE-USD"}, {"trade_id": 138716350, "side": "sell", "size": "50.80000000", "price": "0.19716000", "time": "2025-07-12T14:35:38.746463Z", "fetched_at": "2025-07-12T14:39:35.053864+00:00", "symbol": "DOGE-USD"}, {"trade_id": 138716349, "side": "sell", "size": "10172.70000000", "price": "0.19715000", "time": "2025-07-12T14:35:38.639548Z", "fetched_at": "2025-07-12T14:39:35.053864+00:00", "symbol": "DOGE-USD"}, {"trade_id": 138716348, "side": "sell", "size": "1298.40000000", "price": "0.19715000", "time": "2025-07-12T14:35:38.639548Z", "fetched_at": "2025-07-12T14:39:35.053864+00:00", "symbol": "DOGE-USD"}, {"trade_id": 138716347, "side": "sell", "size": "255.70000000", "price": "0.19715000", "time": "2025-07-12T14:35:38.639337Z", "fetched_at": "2025-07-12T14:39:35.053864+00:00", "symbol": "DOGE-USD"}, {"trade_id": 138716346, "side": "sell", "size": "50.80000000", "price": "0.19715000", "time": "2025-07-12T14:35:38.639337Z", "fetched_at": "2025-07-12T14:39:35.053864+00:00", "symbol": "DOGE-USD"}, {"trade_id": 138716345, "side": "sell", "size": "20.20000000", "price": "0.19715000", "time": "2025-07-12T14:35:38.639337Z", "fetched_at": "2025-07-12T14:39:35.053864+00:00", "symbol": "DOGE-USD"}, {"trade_id": 138716344, "side": "sell", "size": "19544.60000000", "price": "0.19716000", "time": "2025-07-12T14:35:38.634745Z", "fetched_at": "2025-07-12T14:39:35.053864+00:00", "symbol": "DOGE-USD"}, {"trade_id": 138716343, "side": "sell", "size": "1554.10000000", "price": "0.19716000", "time": "2025-07-12T14:35:38.634745Z", "fetched_at": "2025-07-12T14:39:35.053864+00:00", "symbol": "DOGE-USD"}, {"trade_id": 138716342, "side": "sell", "size": "6376.00000000", "price": "0.19715000", "time": "2025-07-12T14:35:38.630750Z", "fetched_at": "2025-07-12T14:39:35.053864+00:00", "symbol": "DOGE-USD"}, {"trade_id": 138716341, "side": "sell", "size": "3641.30000000", "price": "0.19715000", "time": "2025-07-12T14:35:38.630750Z", "fetched_at": "2025-07-12T14:39:35.053864+00:00", "symbol": "DOGE-USD"}, {"trade_id": 138716340, "side": "sell", "size": "1554.10000000", "price": "0.19715000", "time": "2025-07-12T14:35:38.630750Z", "fetched_at": "2025-07-12T14:39:35.053864+00:00", "symbol": "DOGE-USD"}, {"trade_id": 138716339, "side": "sell", "size": "50.80000000", "price": "0.19714000", "time": "2025-07-12T14:35:38.630750Z", "fetched_at": "2025-07-12T14:39:35.053864+00:00", "symbol": "DOGE-USD"}, {"trade_id": 138716338, "side": "buy", "size": "5.60000000", "price": "0.19714000", "time": "2025-07-12T14:35:37.183666Z", "fetched_at": "2025-07-12T14:39:35.053864+00:00", "symbol": "DOGE-USD"}, {"trade_id": 138716337, "side": "buy", "size": "5.60000000", "price": "0.19716000", "time": "2025-07-12T14:35:37.183666Z", "fetched_at": "2025-07-12T14:39:35.053864+00:00", "symbol": "DOGE-USD"}, {"trade_id": 138716336, "side": "buy", "size": "579.70000000", "price": "0.19718000", "time": "2025-07-12T14:35:36.580009Z", "fetched_at": "2025-07-12T14:39:35.053864+00:00", "symbol": "DOGE-USD"}, {"trade_id": 138716335, "side": "buy", "size": "1554.10000000", "price": "0.19718000", "time": "2025-07-12T14:35:36.580009Z", "fetched_at": "2025-07-12T14:39:35.053864+00:00", "symbol": "DOGE-USD"}, {"trade_id": 138716334, "side": "buy", "size": "16.20000000", "price": "0.19718000", "time": "2025-07-12T14:35:36.580009Z", "fetched_at": "2025-07-12T14:39:35.053864+00:00", "symbol": "DOGE-USD"}, {"trade_id": 138716333, "side": "buy", "size": "2706.20000000", "price": "0.19718000", "time": "2025-07-12T14:35:34.984628Z", "fetched_at": "2025-07-12T14:39:35.053864+00:00", "symbol": "DOGE-USD"}, {"trade_id": 138716332, "side": "buy", "size": "3267.40000000", "price": "0.19718000", "time": "2025-07-12T14:35:34.984628Z", "fetched_at": "2025-07-12T14:39:35.053864+00:00", "symbol": "DOGE-USD"}, {"trade_id": 138716331, "side": "buy", "size": "1554.10000000", "price": "0.19718000", "time": "2025-07-12T14:35:34.984628Z", "fetched_at": "2025-07-12T14:39:35.053864+00:00", "symbol": "DOGE-USD"}, {"trade_id": 138716330, "side": "buy", "size": "471.90000000", "price": "0.19718000", "time": "2025-07-12T14:35:34.984628Z", "fetched_at": "2025-07-12T14:39:35.053864+00:00", "symbol": "DOGE-USD"}, {"trade_id": 138716329, "side": "buy", "size": "17.30000000", "price": "0.19719000", "time": "2025-07-12T14:35:34.984628Z", "fetched_at": "2025-07-12T14:39:35.053864+00:00", "symbol": "DOGE-USD"}, {"trade_id": 138716328, "side": "buy", "size": "4039.70000000", "price": "0.19719000", "time": "2025-07-12T14:35:34.984628Z", "fetched_at": "2025-07-12T14:39:35.053864+00:00", "symbol": "DOGE-USD"}, {"trade_id": 138716327, "side": "buy", "size": "7203.50000000", "price": "0.19719000", "time": "2025-07-12T14:35:34.984628Z", "fetched_at": "2025-07-12T14:39:35.053864+00:00", "symbol": "DOGE-USD"}, {"trade_id": 138716326, "side": "buy", "size": "5282.60000000", "price": "0.19719000", "time": "2025-07-12T14:35:34.984628Z", "fetched_at": "2025-07-12T14:39:35.053864+00:00", "symbol": "DOGE-USD"}, {"trade_id": 138716325, "side": "buy", "size": "1554.10000000", "price": "0.19719000", "time": "2025-07-12T14:35:34.984628Z", "fetched_at": "2025-07-12T14:39:35.053864+00:00", "symbol": "DOGE-USD"}, {"trade_id": 138716324, "side": "buy", "size": "1883.60000000", "price": "0.19720000", "time": "2025-07-12T14:35:34.984628Z", "fetched_at": "2025-07-12T14:39:35.053864+00:00", "symbol": "DOGE-USD"}, {"trade_id": 138716323, "side": "buy", "size": "2768.00000000", "price": "0.19720000", "time": "2025-07-12T14:35:34.984628Z", "fetched_at": "2025-07-12T14:39:35.053864+00:00", "symbol": "DOGE-USD"}, {"trade_id": 138716322, "side": "buy", "size": "1554.10000000", "price": "0.19720000", "time": "2025-07-12T14:35:34.984628Z", "fetched_at": "2025-07-12T14:39:35.053864+00:00", "symbol": "DOGE-USD"}, {"trade_id": 138716321, "side": "buy", "size": "1149.30000000", "price": "0.19721000", "time": "2025-07-12T14:35:34.984628Z", "fetched_at": "2025-07-12T14:39:35.053864+00:00", "symbol": "DOGE-USD"}, {"trade_id": 138716320, "side": "buy", "size": "638.00000000", "price": "0.19722000", "time": "2025-07-12T14:35:34.984628Z", "fetched_at": "2025-07-12T14:39:35.053864+00:00", "symbol": "DOGE-USD"}, {"trade_id": 138716319, "side": "sell", "size": "50.80000000", "price": "0.19722000", "time": "2025-07-12T14:35:34.636429Z", "fetched_at": "2025-07-12T14:39:35.053864+00:00", "symbol": "DOGE-USD"}, {"trade_id": 138716318, "side": "sell", "size": "5.60000000", "price": "0.19722000", "time": "2025-07-12T14:35:34.636429Z", "fetched_at": "2025-07-12T14:39:35.053864+00:00", "symbol": "DOGE-USD"}, {"trade_id": 138716317, "side": "sell", "size": "7005.40000000", "price": "0.19720000", "time": "2025-07-12T14:35:33.528478Z", "fetched_at": "2025-07-12T14:39:35.053864+00:00", "symbol": "DOGE-USD"}, {"trade_id": 138716316, "side": "sell", "size": "80000.00000000", "price": "0.19720000", "time": "2025-07-12T14:35:33.528478Z", "fetched_at": "2025-07-12T14:39:35.053864+00:00", "symbol": "DOGE-USD"}, {"trade_id": 138716315, "side": "sell", "size": "10950.70000000", "price": "0.19720000", "time": "2025-07-12T14:35:33.528478Z", "fetched_at": "2025-07-12T14:39:35.053864+00:00", "symbol": "DOGE-USD"}, {"trade_id": 138716314, "side": "sell", "size": "1554.10000000", "price": "0.19720000", "time": "2025-07-12T14:35:33.528478Z", "fetched_at": "2025-07-12T14:39:35.053864+00:00", "symbol": "DOGE-USD"}, {"trade_id": 138716313, "side": "sell", "size": "1.80000000", "price": "0.19720000", "time": "2025-07-12T14:35:33.528478Z", "fetched_at": "2025-07-12T14:39:35.053864+00:00", "symbol": "DOGE-USD"}, {"trade_id": 138716312, "side": "sell", "size": "10143.30000000", "price": "0.19719000", "time": "2025-07-12T14:35:33.528478Z", "fetched_at": "2025-07-12T14:39:35.053864+00:00", "symbol": "DOGE-USD"}, {"trade_id": 138716311, "side": "sell", "size": "46447.00000000", "price": "0.19719000", "time": "2025-07-12T14:35:33.528478Z", "fetched_at": "2025-07-12T14:39:35.053864+00:00", "symbol": "DOGE-USD"}, {"trade_id": 138716310, "side": "sell", "size": "1554.10000000", "price": "0.19719000", "time": "2025-07-12T14:35:33.528478Z", "fetched_at": "2025-07-12T14:39:35.053864+00:00", "symbol": "DOGE-USD"}, {"trade_id": 138716309, "side": "sell", "size": "630.10000000", "price": "0.19719000", "time": "2025-07-12T14:35:33.528478Z", "fetched_at": "2025-07-12T14:39:35.053864+00:00", "symbol": "DOGE-USD"}, {"trade_id": 138716308, "side": "sell", "size": "50.80000000", "price": "0.19718000", "time": "2025-07-12T14:35:33.527654Z", "fetched_at": "2025-07-12T14:39:35.053864+00:00", "symbol": "DOGE-USD"}, {"trade_id": 138716307, "side": "sell", "size": "4737.90000000", "price": "0.19718000", "time": "2025-07-12T14:35:33.527654Z", "fetched_at": "2025-07-12T14:39:35.053864+00:00", "symbol": "DOGE-USD"}, {"trade_id": 138716306, "side": "sell", "size": "50.80000000", "price": "0.19716000", "time": "2025-07-12T14:35:32.232150Z", "fetched_at": "2025-07-12T14:39:35.053864+00:00", "symbol": "DOGE-USD"}, {"trade_id": 138716305, "side": "buy", "size": "773.90000000", "price": "0.19713000", "time": "2025-07-12T14:35:31.354722Z", "fetched_at": "2025-07-12T14:39:35.053864+00:00", "symbol": "DOGE-USD"}, {"trade_id": 138716304, "side": "buy", "size": "10.20000000", "price": "0.19714000", "time": "2025-07-12T14:35:31.354722Z", "fetched_at": "2025-07-12T14:39:35.053864+00:00", "symbol": "DOGE-USD"}, {"trade_id": 138716303, "side": "buy", "size": "5.60000000", "price": "0.19714000", "time": "2025-07-12T14:35:31.354722Z", "fetched_at": "2025-07-12T14:39:35.053864+00:00", "symbol": "DOGE-USD"}, {"trade_id": 138716302, "side": "buy", "size": "5.10000000", "price": "0.19715000", "time": "2025-07-12T14:35:31.089288Z", "fetched_at": "2025-07-12T14:39:35.053864+00:00", "symbol": "DOGE-USD"}, {"trade_id": 138716301, "side": "buy", "size": "789.70000000", "price": "0.19717000", "time": "2025-07-12T14:35:29.178492Z", "fetched_at": "2025-07-12T14:39:35.053864+00:00", "symbol": "DOGE-USD"}, {"trade_id": 138716300, "side": "sell", "size": "3.80000000", "price": "0.19720000", "time": "2025-07-12T14:35:28.348858Z", "fetched_at": "2025-07-12T14:39:35.053864+00:00", "symbol": "DOGE-USD"}, {"trade_id": 138716299, "side": "sell", "size": "11762.40000000", "price": "0.19719000", "time": "2025-07-12T14:35:28.055179Z", "fetched_at": "2025-07-12T14:39:35.053864+00:00", "symbol": "DOGE-USD"}, {"trade_id": 138716298, "side": "sell", "size": "1554.10000000", "price": "0.19719000", "time": "2025-07-12T14:35:28.055179Z", "fetched_at": "2025-07-12T14:39:35.053864+00:00", "symbol": "DOGE-USD"}, {"trade_id": 138716297, "side": "sell", "size": "10143.80000000", "price": "0.19719000", "time": "2025-07-12T14:35:28.055179Z", "fetched_at": "2025-07-12T14:39:35.053864+00:00", "symbol": "DOGE-USD"}, {"trade_id": 138716296, "side": "sell", "size": "12088.20000000", "price": "0.19719000", "time": "2025-07-12T14:35:28.055179Z", "fetched_at": "2025-07-12T14:39:35.053864+00:00", "symbol": "DOGE-USD"}, {"trade_id": 138716295, "side": "sell", "size": "11785.10000000", "price": "0.19718000", "time": "2025-07-12T14:35:28.012509Z", "fetched_at": "2025-07-12T14:39:35.053864+00:00", "symbol": "DOGE-USD"}, {"trade_id": 138716294, "side": "sell", "size": "1554.10000000", "price": "0.19718000", "time": "2025-07-12T14:35:28.012509Z", "fetched_at": "2025-07-12T14:39:35.053864+00:00", "symbol": "DOGE-USD"}, {"trade_id": 138716293, "side": "sell", "size": "5.60000000", "price": "0.19718000", "time": "2025-07-12T14:35:28.012509Z", "fetched_at": "2025-07-12T14:39:35.053864+00:00", "symbol": "DOGE-USD"}, {"trade_id": 138716292, "side": "sell", "size": "10144.30000000", "price": "0.19717000", "time": "2025-07-12T14:35:28.011518Z", "fetched_at": "2025-07-12T14:39:35.053864+00:00", "symbol": "DOGE-USD"}, {"trade_id": 138716291, "side": "sell", "size": "50.80000000", "price": "0.19717000", "time": "2025-07-12T14:35:28.011518Z", "fetched_at": "2025-07-12T14:39:35.053864+00:00", "symbol": "DOGE-USD"}, {"trade_id": 138716290, "side": "sell", "size": "4737.90000000", "price": "0.19717000", "time": "2025-07-12T14:35:28.011518Z", "fetched_at": "2025-07-12T14:39:35.053864+00:00", "symbol": "DOGE-USD"}, {"trade_id": 138716289, "side": "buy", "size": "789.70000000", "price": "0.19713000", "time": "2025-07-12T14:35:27.335492Z", "fetched_at": "2025-07-12T14:39:35.053864+00:00", "symbol": "DOGE-USD"}, {"trade_id": 138716288, "side": "buy", "size": "148.20000000", "price": "0.19714000", "time": "2025-07-12T14:35:26.461436Z", "fetched_at": "2025-07-12T14:39:35.053864+00:00", "symbol": "DOGE-USD"}, {"trade_id": 138716287, "side": "sell", "size": "4737.90000000", "price": "0.19714000", "time": "2025-07-12T14:35:25.436470Z", "fetched_at": "2025-07-12T14:39:35.053864+00:00", "symbol": "DOGE-USD"}, {"trade_id": 138716286, "side": "sell", "size": "630.10000000", "price": "0.19714000", "time": "2025-07-12T14:35:25.436470Z", "fetched_at": "2025-07-12T14:39:35.053864+00:00", "symbol": "DOGE-USD"}, {"trade_id": 138716285, "side": "buy", "size": "2.00000000", "price": "0.19715000", "time": "2025-07-12T14:35:24.932372Z", "fetched_at": "2025-07-12T14:39:35.053864+00:00", "symbol": "DOGE-USD"}, {"trade_id": 138716284, "side": "sell", "size": "50.80000000", "price": "0.19717000", "time": "2025-07-12T14:35:19.962176Z", "fetched_at": "2025-07-12T14:39:35.053864+00:00", "symbol": "DOGE-USD"}, {"trade_id": 138716283, "side": "sell", "size": "4737.90000000", "price": "0.19716000", "time": "2025-07-12T14:35:19.916987Z", "fetched_at": "2025-07-12T14:39:35.053864+00:00", "symbol": "DOGE-USD"}, {"trade_id": 138716282, "side": "sell", "size": "50.80000000", "price": "0.19716000", "time": "2025-07-12T14:35:19.916987Z", "fetched_at": "2025-07-12T14:39:35.053864+00:00", "symbol": "DOGE-USD"}, {"trade_id": 138716281, "side": "sell", "size": "50.80000000", "price": "0.19715000", "time": "2025-07-12T14:35:17.290201Z", "fetched_at": "2025-07-12T14:39:35.053864+00:00", "symbol": "DOGE-USD"}, {"trade_id": 138716280, "side": "buy", "size": "289.50000000", "price": "0.19718000", "time": "2025-07-12T14:35:16.792045Z", "fetched_at": "2025-07-12T14:39:35.053864+00:00", "symbol": "DOGE-USD"}, {"trade_id": 138716279, "side": "sell", "size": "50.80000000", "price": "0.19714000", "time": "2025-07-12T14:35:16.639778Z", "fetched_at": "2025-07-12T14:39:35.053864+00:00", "symbol": "DOGE-USD"}, {"trade_id": 138716278, "side": "sell", "size": "10147.50000000", "price": "0.19714000", "time": "2025-07-12T14:35:16.639611Z", "fetched_at": "2025-07-12T14:39:35.053864+00:00", "symbol": "DOGE-USD"}, {"trade_id": 138716277, "side": "sell", "size": "50.80000000", "price": "0.19713000", "time": "2025-07-12T14:35:16.625115Z", "fetched_at": "2025-07-12T14:39:35.053864+00:00", "symbol": "DOGE-USD"}, {"trade_id": 138716276, "side": "sell", "size": "33.60000000", "price": "0.19713000", "time": "2025-07-12T14:35:16.625115Z", "fetched_at": "2025-07-12T14:39:35.053864+00:00", "symbol": "DOGE-USD"}, {"trade_id": 138716275, "side": "sell", "size": "630.10000000", "price": "0.19713000", "time": "2025-07-12T14:35:16.587070Z", "fetched_at": "2025-07-12T14:39:35.053864+00:00", "symbol": "DOGE-USD"}, {"trade_id": 138716274, "side": "sell", "size": "2042.00000000", "price": "0.19712000", "time": "2025-07-12T14:35:16.587070Z", "fetched_at": "2025-07-12T14:39:35.053864+00:00", "symbol": "DOGE-USD"}, {"trade_id": 138716273, "side": "sell", "size": "2770.80000000", "price": "0.19712000", "time": "2025-07-12T14:35:16.587070Z", "fetched_at": "2025-07-12T14:39:35.053864+00:00", "symbol": "DOGE-USD"}, {"trade_id": 138716272, "side": "sell", "size": "50.70000000", "price": "0.19712000", "time": "2025-07-12T14:35:16.587070Z", "fetched_at": "2025-07-12T14:39:35.053864+00:00", "symbol": "DOGE-USD"}, {"trade_id": 138716271, "side": "sell", "size": "50.70000000", "price": "0.19710000", "time": "2025-07-12T14:35:15.011821Z", "fetched_at": "2025-07-12T14:39:35.053864+00:00", "symbol": "DOGE-USD"}, {"trade_id": 138716270, "side": "sell", "size": "50.70000000", "price": "0.19709000", "time": "2025-07-12T14:35:14.370885Z", "fetched_at": "2025-07-12T14:39:35.053864+00:00", "symbol": "DOGE-USD"}, {"trade_id": 138716269, "side": "sell", "size": "1554.10000000", "price": "0.19711000", "time": "2025-07-12T14:35:13.508040Z", "fetched_at": "2025-07-12T14:39:35.053864+00:00", "symbol": "DOGE-USD"}, {"trade_id": 138716268, "side": "sell", "size": "50.70000000", "price": "0.19710000", "time": "2025-07-12T14:35:13.503899Z", "fetched_at": "2025-07-12T14:39:35.053864+00:00", "symbol": "DOGE-USD"}, {"trade_id": 138716267, "side": "buy", "size": "1242.60000000", "price": "0.19715000", "time": "2025-07-12T14:35:12.486688Z", "fetched_at": "2025-07-12T14:39:35.053864+00:00", "symbol": "DOGE-USD"}, {"trade_id": 138716266, "side": "buy", "size": "1171.70000000", "price": "0.19715000", "time": "2025-07-12T14:35:12.486688Z", "fetched_at": "2025-07-12T14:39:35.053864+00:00", "symbol": "DOGE-USD"}, {"trade_id": 138716265, "side": "buy", "size": "50.80000000", "price": "0.19716000", "time": "2025-07-12T14:35:12.486688Z", "fetched_at": "2025-07-12T14:39:35.053864+00:00", "symbol": "DOGE-USD"}, {"trade_id": 138716264, "side": "buy", "size": "2.00000000", "price": "0.19716000", "time": "2025-07-12T14:35:12.486688Z", "fetched_at": "2025-07-12T14:39:35.053864+00:00", "symbol": "DOGE-USD"}, {"trade_id": 138716263, "side": "buy", "size": "1257.20000000", "price": "0.19717000", "time": "2025-07-12T14:35:12.398719Z", "fetched_at": "2025-07-12T14:39:35.053864+00:00", "symbol": "DOGE-USD"}, {"trade_id": 138716262, "side": "buy", "size": "1439.30000000", "price": "0.19717000", "time": "2025-07-12T14:35:12.398719Z", "fetched_at": "2025-07-12T14:39:35.053864+00:00", "symbol": "DOGE-USD"}, {"trade_id": 138716261, "side": "buy", "size": "152.50000000", "price": "0.19716000", "time": "2025-07-12T14:35:12.070897Z", "fetched_at": "2025-07-12T14:39:35.053864+00:00", "symbol": "DOGE-USD"}, {"trade_id": 138716260, "side": "buy", "size": "1369.40000000", "price": "0.19718000", "time": "2025-07-12T14:35:12.070897Z", "fetched_at": "2025-07-12T14:39:35.053864+00:00", "symbol": "DOGE-USD"}, {"trade_id": 138716259, "side": "buy", "size": "1375.00000000", "price": "0.19718000", "time": "2025-07-12T14:35:12.070897Z", "fetched_at": "2025-07-12T14:39:35.053864+00:00", "symbol": "DOGE-USD"}, {"trade_id": 138716258, "side": "sell", "size": "10147.50000000", "price": "0.19715000", "time": "2025-07-12T14:35:11.364534Z", "fetched_at": "2025-07-12T14:39:35.053864+00:00", "symbol": "DOGE-USD"}, {"trade_id": 138716257, "side": "sell", "size": "1554.10000000", "price": "0.19715000", "time": "2025-07-12T14:35:11.364534Z", "fetched_at": "2025-07-12T14:39:35.053864+00:00", "symbol": "DOGE-USD"}, {"trade_id": 138716256, "side": "sell", "size": "50.70000000", "price": "0.19714000", "time": "2025-07-12T14:35:11.306973Z", "fetched_at": "2025-07-12T14:39:35.053864+00:00", "symbol": "DOGE-USD"}, {"trade_id": 138716255, "side": "sell", "size": "50.70000000", "price": "0.19713000", "time": "2025-07-12T14:35:11.234830Z", "fetched_at": "2025-07-12T14:39:35.053864+00:00", "symbol": "DOGE-USD"}, {"trade_id": 138716254, "side": "sell", "size": "4708.30000000", "price": "0.19712000", "time": "2025-07-12T14:35:11.234830Z", "fetched_at": "2025-07-12T14:39:35.053864+00:00", "symbol": "DOGE-USD"}, {"trade_id": 138716253, "side": "sell", "size": "50.70000000", "price": "0.19711000", "time": "2025-07-12T14:35:11.187344Z", "fetched_at": "2025-07-12T14:39:35.053864+00:00", "symbol": "DOGE-USD"}, {"trade_id": 138716252, "side": "sell", "size": "1554.10000000", "price": "0.19711000", "time": "2025-07-12T14:35:11.187344Z", "fetched_at": "2025-07-12T14:39:35.053864+00:00", "symbol": "DOGE-USD"}, {"trade_id": 138716251, "side": "sell", "size": "10149.00000000", "price": "0.19709000", "time": "2025-07-12T14:35:11.181557Z", "fetched_at": "2025-07-12T14:39:35.053864+00:00", "symbol": "DOGE-USD"}, {"trade_id": 138716250, "side": "sell", "size": "3045.80000000", "price": "0.19709000", "time": "2025-07-12T14:35:11.181557Z", "fetched_at": "2025-07-12T14:39:35.053864+00:00", "symbol": "DOGE-USD"}, {"trade_id": 138716249, "side": "sell", "size": "1904.40000000", "price": "0.19709000", "time": "2025-07-12T14:35:11.181557Z", "fetched_at": "2025-07-12T14:39:35.053864+00:00", "symbol": "DOGE-USD"}, {"trade_id": 138716248, "side": "sell", "size": "19887.70000000", "price": "0.19709000", "time": "2025-07-12T14:35:11.181557Z", "fetched_at": "2025-07-12T14:39:35.053864+00:00", "symbol": "DOGE-USD"}, {"trade_id": 138716247, "side": "sell", "size": "1296.30000000", "price": "0.19708000", "time": "2025-07-12T14:35:11.148249Z", "fetched_at": "2025-07-12T14:39:35.053864+00:00", "symbol": "DOGE-USD"}, {"trade_id": 138716246, "side": "sell", "size": "11251.30000000", "price": "0.19708000", "time": "2025-07-12T14:35:11.148249Z", "fetched_at": "2025-07-12T14:39:35.053864+00:00", "symbol": "DOGE-USD"}, {"trade_id": 138716245, "side": "sell", "size": "1554.10000000", "price": "0.19708000", "time": "2025-07-12T14:35:11.148249Z", "fetched_at": "2025-07-12T14:39:35.053864+00:00", "symbol": "DOGE-USD"}, {"trade_id": 138716244, "side": "sell", "size": "50.70000000", "price": "0.19707000", "time": "2025-07-12T14:35:11.147410Z", "fetched_at": "2025-07-12T14:39:35.053864+00:00", "symbol": "DOGE-USD"}, {"trade_id": 138716243, "side": "sell", "size": "1454.70000000", "price": "0.19703000", "time": "2025-07-12T14:35:10.438943Z", "fetched_at": "2025-07-12T14:39:35.053864+00:00", "symbol": "DOGE-USD"}, {"trade_id": 138716242, "side": "sell", "size": "630.10000000", "price": "0.19703000", "time": "2025-07-12T14:35:10.438943Z", "fetched_at": "2025-07-12T14:39:35.053864+00:00", "symbol": "DOGE-USD"}, {"trade_id": 138716241, "side": "sell", "size": "1454.70000000", "price": "0.19702000", "time": "2025-07-12T14:35:10.358636Z", "fetched_at": "2025-07-12T14:39:35.053864+00:00", "symbol": "DOGE-USD"}, {"trade_id": 138716240, "side": "sell", "size": "122939.40000000", "price": "0.19699000", "time": "2025-07-12T14:35:10.080115Z", "fetched_at": "2025-07-12T14:39:35.053864+00:00", "symbol": "DOGE-USD"}, {"trade_id": 138716239, "side": "buy", "size": "1373.60000000", "price": "0.19700000", "time": "2025-07-12T14:35:10.072729Z", "fetched_at": "2025-07-12T14:39:35.053864+00:00", "symbol": "DOGE-USD"}, {"trade_id": 138716238, "side": "buy", "size": "5.60000000", "price": "0.19700000", "time": "2025-07-12T14:35:10.072729Z", "fetched_at": "2025-07-12T14:39:35.053864+00:00", "symbol": "DOGE-USD"}, {"trade_id": 138716237, "side": "buy", "size": "38.00000000", "price": "0.19700000", "time": "2025-07-12T14:35:10.072729Z", "fetched_at": "2025-07-12T14:39:35.053864+00:00", "symbol": "DOGE-USD"}, {"trade_id": 138716236, "side": "buy", "size": "195.90000000", "price": "0.19700000", "time": "2025-07-12T14:35:10.072729Z", "fetched_at": "2025-07-12T14:39:35.053864+00:00", "symbol": "DOGE-USD"}, {"trade_id": 138716235, "side": "buy", "size": "183.00000000", "price": "0.19700000", "time": "2025-07-12T14:35:10.072729Z", "fetched_at": "2025-07-12T14:39:35.053864+00:00", "symbol": "DOGE-USD"}, {"trade_id": 138716234, "side": "buy", "size": "213.10000000", "price": "0.19701000", "time": "2025-07-12T14:35:10.031346Z", "fetched_at": "2025-07-12T14:39:35.053864+00:00", "symbol": "DOGE-USD"}, {"trade_id": 138716233, "side": "buy", "size": "183.00000000", "price": "0.19701000", "time": "2025-07-12T14:35:10.031154Z", "fetched_at": "2025-07-12T14:39:35.053864+00:00", "symbol": "DOGE-USD"}, {"trade_id": 138716232, "side": "buy", "size": "518.40000000", "price": "0.19701000", "time": "2025-07-12T14:35:09.817520Z", "fetched_at": "2025-07-12T14:39:35.053864+00:00", "symbol": "DOGE-USD"}, {"trade_id": 138716231, "side": "buy", "size": "422.50000000", "price": "0.19701000", "time": "2025-07-12T14:35:09.816860Z", "fetched_at": "2025-07-12T14:39:35.053864+00:00", "symbol": "DOGE-USD"}, {"trade_id": 138716230, "side": "buy", "size": "516.50000000", "price": "0.19701000", "time": "2025-07-12T14:35:09.811869Z", "fetched_at": "2025-07-12T14:39:35.053864+00:00", "symbol": "DOGE-USD"}, {"trade_id": 138716229, "side": "buy", "size": "1405.70000000", "price": "0.19702000", "time": "2025-07-12T14:35:09.811869Z", "fetched_at": "2025-07-12T14:39:35.053864+00:00", "symbol": "DOGE-USD"}, {"trade_id": 138716228, "side": "buy", "size": "183.00000000", "price": "0.19702000", "time": "2025-07-12T14:35:09.811869Z", "fetched_at": "2025-07-12T14:39:35.053864+00:00", "symbol": "DOGE-USD"}, {"trade_id": 138716227, "side": "buy", "size": "430.00000000", "price": "0.19702000", "time": "2025-07-12T14:35:09.811869Z", "fetched_at": "2025-07-12T14:39:35.053864+00:00", "symbol": "DOGE-USD"}, {"trade_id": 138716226, "side": "buy", "size": "823.50000000", "price": "0.19704000", "time": "2025-07-12T14:35:09.799276Z", "fetched_at": "2025-07-12T14:39:35.053864+00:00", "symbol": "DOGE-USD"}, {"trade_id": 138716225, "side": "buy", "size": "5.60000000", "price": "0.19704000", "time": "2025-07-12T14:35:09.799276Z", "fetched_at": "2025-07-12T14:39:35.053864+00:00", "symbol": "DOGE-USD"}, {"trade_id": 138716224, "side": "buy", "size": "823.50000000", "price": "0.19707000", "time": "2025-07-12T14:35:09.799276Z", "fetched_at": "2025-07-12T14:39:35.053864+00:00", "symbol": "DOGE-USD"}, {"trade_id": 138716223, "side": "buy", "size": "1456.90000000", "price": "0.19708000", "time": "2025-07-12T14:35:09.799069Z", "fetched_at": "2025-07-12T14:39:35.053864+00:00", "symbol": "DOGE-USD"}, {"trade_id": 138716222, "side": "buy", "size": "1276.40000000", "price": "0.19710000", "time": "2025-07-12T14:35:09.798679Z", "fetched_at": "2025-07-12T14:39:35.053864+00:00", "symbol": "DOGE-USD"}, {"trade_id": 138716221, "side": "buy", "size": "201.50000000", "price": "0.19710000", "time": "2025-07-12T14:35:09.786350Z", "fetched_at": "2025-07-12T14:39:35.053864+00:00", "symbol": "DOGE-USD"}, {"trade_id": 138716220, "side": "buy", "size": "183.00000000", "price": "0.19710000", "time": "2025-07-12T14:35:09.757754Z", "fetched_at": "2025-07-12T14:39:35.053864+00:00", "symbol": "DOGE-USD"}, {"trade_id": 138716219, "side": "buy", "size": "186.90000000", "price": "0.19710000", "time": "2025-07-12T14:35:09.757428Z", "fetched_at": "2025-07-12T14:39:35.053864+00:00", "symbol": "DOGE-USD"}, {"trade_id": 138716218, "side": "buy", "size": "187.10000000", "price": "0.19710000", "time": "2025-07-12T14:35:09.757352Z", "fetched_at": "2025-07-12T14:39:35.053864+00:00", "symbol": "DOGE-USD"}, {"trade_id": 138716217, "side": "buy", "size": "189.80000000", "price": "0.19710000", "time": "2025-07-12T14:35:09.757151Z", "fetched_at": "2025-07-12T14:39:35.053864+00:00", "symbol": "DOGE-USD"}, {"trade_id": 138716216, "side": "buy", "size": "1379.40000000", "price": "0.19712000", "time": "2025-07-12T14:35:09.715813Z", "fetched_at": "2025-07-12T14:39:35.053864+00:00", "symbol": "DOGE-USD"}, {"trade_id": 138716215, "side": "buy", "size": "5.60000000", "price": "0.19708000", "time": "2025-07-12T14:35:09.387430Z", "fetched_at": "2025-07-12T14:39:35.053864+00:00", "symbol": "DOGE-USD"}, {"trade_id": 138716214, "side": "buy", "size": "823.50000000", "price": "0.19709000", "time": "2025-07-12T14:35:09.387430Z", "fetched_at": "2025-07-12T14:39:35.053864+00:00", "symbol": "DOGE-USD"}, {"trade_id": 138716213, "side": "buy", "size": "14699.40000000", "price": "0.19711000", "time": "2025-07-12T14:35:09.339558Z", "fetched_at": "2025-07-12T14:39:35.053864+00:00", "symbol": "DOGE-USD"}, {"trade_id": 138716212, "side": "buy", "size": "1554.10000000", "price": "0.19711000", "time": "2025-07-12T14:35:09.339558Z", "fetched_at": "2025-07-12T14:39:35.053864+00:00", "symbol": "DOGE-USD"}, {"trade_id": 138716211, "side": "buy", "size": "823.50000000", "price": "0.19712000", "time": "2025-07-12T14:35:09.339558Z", "fetched_at": "2025-07-12T14:39:35.053864+00:00", "symbol": "DOGE-USD"}, {"trade_id": 138716210, "side": "buy", "size": "5.60000000", "price": "0.19712000", "time": "2025-07-12T14:35:09.339558Z", "fetched_at": "2025-07-12T14:39:35.053864+00:00", "symbol": "DOGE-USD"}, {"trade_id": 138716209, "side": "buy", "size": "2000.00000000", "price": "0.19714000", "time": "2025-07-12T14:35:09.339519Z", "fetched_at": "2025-07-12T14:39:35.053864+00:00", "symbol": "DOGE-USD"}, {"trade_id": 138716208, "side": "buy", "size": "10000.00000000", "price": "0.19714000", "time": "2025-07-12T14:35:09.339519Z", "fetched_at": "2025-07-12T14:39:35.053864+00:00", "symbol": "DOGE-USD"}, {"trade_id": 138716207, "side": "buy", "size": "823.50000000", "price": "0.19714000", "time": "2025-07-12T14:35:09.339519Z", "fetched_at": "2025-07-12T14:39:35.053864+00:00", "symbol": "DOGE-USD"}, {"trade_id": 138716206, "side": "buy", "size": "823.50000000", "price": "0.19716000", "time": "2025-07-12T14:35:09.339073Z", "fetched_at": "2025-07-12T14:39:35.053864+00:00", "symbol": "DOGE-USD"}, {"trade_id": 138716205, "side": "buy", "size": "1456.20000000", "price": "0.19718000", "time": "2025-07-12T14:35:09.338612Z", "fetched_at": "2025-07-12T14:39:35.053864+00:00", "symbol": "DOGE-USD"}, {"trade_id": 138716204, "side": "buy", "size": "253.00000000", "price": "0.19719000", "time": "2025-07-12T14:35:09.070138Z", "fetched_at": "2025-07-12T14:39:35.053864+00:00", "symbol": "DOGE-USD"}, {"trade_id": 138716203, "side": "buy", "size": "1456.10000000", "price": "0.19719000", "time": "2025-07-12T14:35:08.664895Z", "fetched_at": "2025-07-12T14:39:35.053864+00:00", "symbol": "DOGE-USD"}, {"trade_id": 138716202, "side": "buy", "size": "1146.20000000", "price": "0.19723000", "time": "2025-07-12T14:35:08.409824Z", "fetched_at": "2025-07-12T14:39:35.053864+00:00", "symbol": "DOGE-USD"}, {"trade_id": 138716201, "side": "sell", "size": "2500.00000000", "price": "0.19719000", "time": "2025-07-12T14:35:08.265435Z", "fetched_at": "2025-07-12T14:39:35.053864+00:00", "symbol": "DOGE-USD"}, {"trade_id": 138716200, "side": "sell", "size": "174.40000000", "price": "0.19719000", "time": "2025-07-12T14:35:08.265435Z", "fetched_at": "2025-07-12T14:39:35.053864+00:00", "symbol": "DOGE-USD"}, {"trade_id": 138716199, "side": "buy", "size": "789.70000000", "price": "0.19715000", "time": "2025-07-12T14:35:07.578264Z", "fetched_at": "2025-07-12T14:39:35.053864+00:00", "symbol": "DOGE-USD"}, {"trade_id": 138716198, "side": "sell", "size": "12344.40000000", "price": "0.19717000", "time": "2025-07-12T14:35:07.244014Z", "fetched_at": "2025-07-12T14:39:35.053864+00:00", "symbol": "DOGE-USD"}, {"trade_id": 138716197, "side": "sell", "size": "1454.70000000", "price": "0.19716000", "time": "2025-07-12T14:35:07.240321Z", "fetched_at": "2025-07-12T14:39:35.053864+00:00", "symbol": "DOGE-USD"}, {"trade_id": 138716196, "side": "sell", "size": "1454.70000000", "price": "0.19715000", "time": "2025-07-12T14:35:07.174390Z", "fetched_at": "2025-07-12T14:39:35.053864+00:00", "symbol": "DOGE-USD"}, {"trade_id": 138716195, "side": "sell", "size": "412.50000000", "price": "0.19716000", "time": "2025-07-12T14:35:06.840099Z", "fetched_at": "2025-07-12T14:39:35.053864+00:00", "symbol": "DOGE-USD"}, {"trade_id": 138716194, "side": "sell", "size": "4737.90000000", "price": "0.19715000", "time": "2025-07-12T14:35:06.840099Z", "fetched_at": "2025-07-12T14:39:35.053864+00:00", "symbol": "DOGE-USD"}, {"trade_id": 138716193, "side": "buy", "size": "5.60000000", "price": "0.19716000", "time": "2025-07-12T14:35:06.560437Z", "fetched_at": "2025-07-12T14:39:35.053864+00:00", "symbol": "DOGE-USD"}, {"trade_id": 138716192, "side": "buy", "size": "5.60000000", "price": "0.19720000", "time": "2025-07-12T14:35:06.242689Z", "fetched_at": "2025-07-12T14:39:35.053864+00:00", "symbol": "DOGE-USD"}, {"trade_id": 138716191, "side": "buy", "size": "2674.80000000", "price": "0.19721000", "time": "2025-07-12T14:35:06.242689Z", "fetched_at": "2025-07-12T14:39:35.053864+00:00", "symbol": "DOGE-USD"}, {"trade_id": 138716190, "side": "buy", "size": "8560.70000000", "price": "0.19721000", "time": "2025-07-12T14:35:06.241601Z", "fetched_at": "2025-07-12T14:39:35.053864+00:00", "symbol": "DOGE-USD"}, {"trade_id": 138716189, "side": "buy", "size": "220.10000000", "price": "0.19721000", "time": "2025-07-12T14:35:06.237108Z", "fetched_at": "2025-07-12T14:39:35.053864+00:00", "symbol": "DOGE-USD"}