[{"trade_id": 138734799, "side": "buy", "size": "929.90000000", "price": "0.19557000", "time": "2025-07-12T16:39:22.641041Z", "fetched_at": "2025-07-12T16:39:33.354647+00:00", "symbol": "DOGE-USD"}, {"trade_id": 138734798, "side": "buy", "size": "640.10000000", "price": "0.19557000", "time": "2025-07-12T16:39:22.641041Z", "fetched_at": "2025-07-12T16:39:33.354647+00:00", "symbol": "DOGE-USD"}, {"trade_id": 138734797, "side": "buy", "size": "51.20000000", "price": "0.19558000", "time": "2025-07-12T16:39:22.641041Z", "fetched_at": "2025-07-12T16:39:33.354647+00:00", "symbol": "DOGE-USD"}, {"trade_id": 138734796, "side": "buy", "size": "509.20000000", "price": "0.19556000", "time": "2025-07-12T16:39:22.491281Z", "fetched_at": "2025-07-12T16:39:33.354647+00:00", "symbol": "DOGE-USD"}, {"trade_id": 138734795, "side": "buy", "size": "1504.40000000", "price": "0.19556000", "time": "2025-07-12T16:39:22.491281Z", "fetched_at": "2025-07-12T16:39:33.354647+00:00", "symbol": "DOGE-USD"}, {"trade_id": 138734794, "side": "buy", "size": "51.20000000", "price": "0.19557000", "time": "2025-07-12T16:39:22.491281Z", "fetched_at": "2025-07-12T16:39:33.354647+00:00", "symbol": "DOGE-USD"}, {"trade_id": 138734793, "side": "buy", "size": "1313.10000000", "price": "0.19557000", "time": "2025-07-12T16:39:22.491281Z", "fetched_at": "2025-07-12T16:39:33.354647+00:00", "symbol": "DOGE-USD"}, {"trade_id": 138734792, "side": "buy", "size": "640.10000000", "price": "0.19557000", "time": "2025-07-12T16:39:22.491281Z", "fetched_at": "2025-07-12T16:39:33.354647+00:00", "symbol": "DOGE-USD"}, {"trade_id": 138734791, "side": "buy", "size": "10000.00000000", "price": "0.19558000", "time": "2025-07-12T16:39:22.491281Z", "fetched_at": "2025-07-12T16:39:33.354647+00:00", "symbol": "DOGE-USD"}, {"trade_id": 138734790, "side": "buy", "size": "39.70000000", "price": "0.19558000", "time": "2025-07-12T16:39:21.825413Z", "fetched_at": "2025-07-12T16:39:33.354647+00:00", "symbol": "DOGE-USD"}, {"trade_id": 138734789, "side": "buy", "size": "51.20000000", "price": "0.19562000", "time": "2025-07-12T16:39:20.859398Z", "fetched_at": "2025-07-12T16:39:33.354647+00:00", "symbol": "DOGE-USD"}, {"trade_id": 138734788, "side": "sell", "size": "469.40000000", "price": "0.19564000", "time": "2025-07-12T16:39:20.009878Z", "fetched_at": "2025-07-12T16:39:33.354647+00:00", "symbol": "DOGE-USD"}, {"trade_id": 138734787, "side": "sell", "size": "5.70000000", "price": "0.19564000", "time": "2025-07-12T16:39:20.009878Z", "fetched_at": "2025-07-12T16:39:33.354647+00:00", "symbol": "DOGE-USD"}, {"trade_id": 138734786, "side": "sell", "size": "21.70000000", "price": "0.19563000", "time": "2025-07-12T16:39:20.009878Z", "fetched_at": "2025-07-12T16:39:33.354647+00:00", "symbol": "DOGE-USD"}, {"trade_id": 138734785, "side": "buy", "size": "26.10000000", "price": "0.19562000", "time": "2025-07-12T16:39:19.700127Z", "fetched_at": "2025-07-12T16:39:33.354647+00:00", "symbol": "DOGE-USD"}, {"trade_id": 138734784, "side": "sell", "size": "25.50000000", "price": "0.19562000", "time": "2025-07-12T16:39:16.139892Z", "fetched_at": "2025-07-12T16:39:33.354647+00:00", "symbol": "DOGE-USD"}, {"trade_id": 138734783, "side": "sell", "size": "5.70000000", "price": "0.19562000", "time": "2025-07-12T16:39:16.139892Z", "fetched_at": "2025-07-12T16:39:33.354647+00:00", "symbol": "DOGE-USD"}, {"trade_id": 138734782, "side": "sell", "size": "87.60000000", "price": "0.19560000", "time": "2025-07-12T16:39:13.329191Z", "fetched_at": "2025-07-12T16:39:33.354647+00:00", "symbol": "DOGE-USD"}, {"trade_id": 138734781, "side": "sell", "size": "5.70000000", "price": "0.19560000", "time": "2025-07-12T16:39:13.329191Z", "fetched_at": "2025-07-12T16:39:33.354647+00:00", "symbol": "DOGE-USD"}, {"trade_id": 138734780, "side": "sell", "size": "30.90000000", "price": "0.19559000", "time": "2025-07-12T16:39:13.329191Z", "fetched_at": "2025-07-12T16:39:33.354647+00:00", "symbol": "DOGE-USD"}, {"trade_id": 138734779, "side": "buy", "size": "3.80000000", "price": "0.19556000", "time": "2025-07-12T16:39:12.222099Z", "fetched_at": "2025-07-12T16:39:33.354647+00:00", "symbol": "DOGE-USD"}, {"trade_id": 138734778, "side": "buy", "size": "640.70000000", "price": "0.19552000", "time": "2025-07-12T16:39:09.980213Z", "fetched_at": "2025-07-12T16:39:33.354647+00:00", "symbol": "DOGE-USD"}, {"trade_id": 138734777, "side": "buy", "size": "5.70000000", "price": "0.19552000", "time": "2025-07-12T16:39:09.907289Z", "fetched_at": "2025-07-12T16:39:33.354647+00:00", "symbol": "DOGE-USD"}, {"trade_id": 138734776, "side": "buy", "size": "2000.00000000", "price": "0.19553000", "time": "2025-07-12T16:39:09.907289Z", "fetched_at": "2025-07-12T16:39:33.354647+00:00", "symbol": "DOGE-USD"}, {"trade_id": 138734775, "side": "buy", "size": "640.70000000", "price": "0.19553000", "time": "2025-07-12T16:39:09.907289Z", "fetched_at": "2025-07-12T16:39:33.354647+00:00", "symbol": "DOGE-USD"}, {"trade_id": 138734774, "side": "buy", "size": "51.20000000", "price": "0.19554000", "time": "2025-07-12T16:39:09.907289Z", "fetched_at": "2025-07-12T16:39:33.354647+00:00", "symbol": "DOGE-USD"}, {"trade_id": 138734773, "side": "buy", "size": "5.70000000", "price": "0.19554000", "time": "2025-07-12T16:39:09.907289Z", "fetched_at": "2025-07-12T16:39:33.354647+00:00", "symbol": "DOGE-USD"}, {"trade_id": 138734772, "side": "sell", "size": "481.80000000", "price": "0.19556000", "time": "2025-07-12T16:39:08.241290Z", "fetched_at": "2025-07-12T16:39:33.354647+00:00", "symbol": "DOGE-USD"}, {"trade_id": 138734771, "side": "sell", "size": "24.30000000", "price": "0.19556000", "time": "2025-07-12T16:39:08.241290Z", "fetched_at": "2025-07-12T16:39:33.354647+00:00", "symbol": "DOGE-USD"}, {"trade_id": 138734770, "side": "buy", "size": "5.70000000", "price": "0.19556000", "time": "2025-07-12T16:39:07.605074Z", "fetched_at": "2025-07-12T16:39:33.354647+00:00", "symbol": "DOGE-USD"}, {"trade_id": 138734769, "side": "sell", "size": "124.20000000", "price": "0.19557000", "time": "2025-07-12T16:39:07.438902Z", "fetched_at": "2025-07-12T16:39:33.354647+00:00", "symbol": "DOGE-USD"}, {"trade_id": 138734768, "side": "sell", "size": "517.60000000", "price": "0.19560000", "time": "2025-07-12T16:39:05.360830Z", "fetched_at": "2025-07-12T16:39:33.354647+00:00", "symbol": "DOGE-USD"}, {"trade_id": 138734767, "side": "sell", "size": "1965.10000000", "price": "0.19560000", "time": "2025-07-12T16:39:05.360830Z", "fetched_at": "2025-07-12T16:39:33.354647+00:00", "symbol": "DOGE-USD"}, {"trade_id": 138734766, "side": "sell", "size": "1743.00000000", "price": "0.19560000", "time": "2025-07-12T16:39:05.360830Z", "fetched_at": "2025-07-12T16:39:33.354647+00:00", "symbol": "DOGE-USD"}, {"trade_id": 138734765, "side": "sell", "size": "1972.10000000", "price": "0.19560000", "time": "2025-07-12T16:39:05.360830Z", "fetched_at": "2025-07-12T16:39:33.354647+00:00", "symbol": "DOGE-USD"}, {"trade_id": 138734764, "side": "sell", "size": "1504.40000000", "price": "0.19560000", "time": "2025-07-12T16:39:05.360830Z", "fetched_at": "2025-07-12T16:39:33.354647+00:00", "symbol": "DOGE-USD"}, {"trade_id": 138734763, "side": "sell", "size": "1189.20000000", "price": "0.19559000", "time": "2025-07-12T16:39:05.360830Z", "fetched_at": "2025-07-12T16:39:33.354647+00:00", "symbol": "DOGE-USD"}, {"trade_id": 138734762, "side": "sell", "size": "35.00000000", "price": "0.19559000", "time": "2025-07-12T16:39:05.360830Z", "fetched_at": "2025-07-12T16:39:33.354647+00:00", "symbol": "DOGE-USD"}, {"trade_id": 138734761, "side": "sell", "size": "1195.70000000", "price": "0.19558000", "time": "2025-07-12T16:39:05.360830Z", "fetched_at": "2025-07-12T16:39:33.354647+00:00", "symbol": "DOGE-USD"}, {"trade_id": 138734760, "side": "buy", "size": "51.20000000", "price": "0.19559000", "time": "2025-07-12T16:39:03.239307Z", "fetched_at": "2025-07-12T16:39:33.354647+00:00", "symbol": "DOGE-USD"}, {"trade_id": 138734759, "side": "buy", "size": "2000.00000000", "price": "0.19559000", "time": "2025-07-12T16:39:03.239307Z", "fetched_at": "2025-07-12T16:39:33.354647+00:00", "symbol": "DOGE-USD"}, {"trade_id": 138734758, "side": "buy", "size": "640.70000000", "price": "0.19559000", "time": "2025-07-12T16:39:03.239307Z", "fetched_at": "2025-07-12T16:39:33.354647+00:00", "symbol": "DOGE-USD"}, {"trade_id": 138734757, "side": "sell", "size": "5.70000000", "price": "0.19564000", "time": "2025-07-12T16:39:02.659264Z", "fetched_at": "2025-07-12T16:39:33.354647+00:00", "symbol": "DOGE-USD"}, {"trade_id": 138734756, "side": "sell", "size": "3295.10000000", "price": "0.19563000", "time": "2025-07-12T16:39:02.635616Z", "fetched_at": "2025-07-12T16:39:33.354647+00:00", "symbol": "DOGE-USD"}, {"trade_id": 138734755, "side": "sell", "size": "6164.20000000", "price": "0.19563000", "time": "2025-07-12T16:39:02.634765Z", "fetched_at": "2025-07-12T16:39:33.354647+00:00", "symbol": "DOGE-USD"}, {"trade_id": 138734754, "side": "sell", "size": "1504.40000000", "price": "0.19563000", "time": "2025-07-12T16:39:02.634765Z", "fetched_at": "2025-07-12T16:39:33.354647+00:00", "symbol": "DOGE-USD"}, {"trade_id": 138734753, "side": "sell", "size": "34.10000000", "price": "0.19562000", "time": "2025-07-12T16:39:02.634765Z", "fetched_at": "2025-07-12T16:39:33.354647+00:00", "symbol": "DOGE-USD"}, {"trade_id": 138734752, "side": "sell", "size": "5.70000000", "price": "0.19562000", "time": "2025-07-12T16:39:02.634765Z", "fetched_at": "2025-07-12T16:39:33.354647+00:00", "symbol": "DOGE-USD"}, {"trade_id": 138734751, "side": "sell", "size": "19.60000000", "price": "0.19560000", "time": "2025-07-12T16:38:57.305246Z", "fetched_at": "2025-07-12T16:39:33.354647+00:00", "symbol": "DOGE-USD"}, {"trade_id": 138734750, "side": "sell", "size": "5.70000000", "price": "0.19560000", "time": "2025-07-12T16:38:57.305246Z", "fetched_at": "2025-07-12T16:39:33.354647+00:00", "symbol": "DOGE-USD"}, {"trade_id": 138734749, "side": "sell", "size": "3069.20000000", "price": "0.19558000", "time": "2025-07-12T16:38:55.583187Z", "fetched_at": "2025-07-12T16:39:33.354647+00:00", "symbol": "DOGE-USD"}, {"trade_id": 138734748, "side": "sell", "size": "5.70000000", "price": "0.19558000", "time": "2025-07-12T16:38:55.583187Z", "fetched_at": "2025-07-12T16:39:33.354647+00:00", "symbol": "DOGE-USD"}, {"trade_id": 138734747, "side": "sell", "size": "5.70000000", "price": "0.19556000", "time": "2025-07-12T16:38:52.832865Z", "fetched_at": "2025-07-12T16:39:33.354647+00:00", "symbol": "DOGE-USD"}, {"trade_id": 138734746, "side": "buy", "size": "127.90000000", "price": "0.19553000", "time": "2025-07-12T16:38:41.424721Z", "fetched_at": "2025-07-12T16:39:33.354647+00:00", "symbol": "DOGE-USD"}, {"trade_id": 138734745, "side": "sell", "size": "119.30000000", "price": "0.19551000", "time": "2025-07-12T16:38:39.245588Z", "fetched_at": "2025-07-12T16:39:33.354647+00:00", "symbol": "DOGE-USD"}, {"trade_id": 138734744, "side": "sell", "size": "32.80000000", "price": "0.19554000", "time": "2025-07-12T16:38:31.409045Z", "fetched_at": "2025-07-12T16:39:33.354647+00:00", "symbol": "DOGE-USD"}, {"trade_id": 138734743, "side": "sell", "size": "219.30000000", "price": "0.19556000", "time": "2025-07-12T16:38:24.343235Z", "fetched_at": "2025-07-12T16:39:33.354647+00:00", "symbol": "DOGE-USD"}, {"trade_id": 138734742, "side": "sell", "size": "34.40000000", "price": "0.19555000", "time": "2025-07-12T16:38:24.343235Z", "fetched_at": "2025-07-12T16:39:33.354647+00:00", "symbol": "DOGE-USD"}, {"trade_id": 138734741, "side": "sell", "size": "5.30000000", "price": "0.19556000", "time": "2025-07-12T16:38:21.028203Z", "fetched_at": "2025-07-12T16:39:33.354647+00:00", "symbol": "DOGE-USD"}, {"trade_id": 138734740, "side": "sell", "size": "41.20000000", "price": "0.19556000", "time": "2025-07-12T16:38:21.028203Z", "fetched_at": "2025-07-12T16:39:33.354647+00:00", "symbol": "DOGE-USD"}, {"trade_id": 138734739, "side": "sell", "size": "3.20000000", "price": "0.19556000", "time": "2025-07-12T16:38:21.028203Z", "fetched_at": "2025-07-12T16:39:33.354647+00:00", "symbol": "DOGE-USD"}, {"trade_id": 138734738, "side": "sell", "size": "5.70000000", "price": "0.19554000", "time": "2025-07-12T16:38:20.422714Z", "fetched_at": "2025-07-12T16:39:33.354647+00:00", "symbol": "DOGE-USD"}, {"trade_id": 138734737, "side": "sell", "size": "5.70000000", "price": "0.19552000", "time": "2025-07-12T16:38:18.871340Z", "fetched_at": "2025-07-12T16:39:33.354647+00:00", "symbol": "DOGE-USD"}, {"trade_id": 138734736, "side": "buy", "size": "56.30000000", "price": "0.19551000", "time": "2025-07-12T16:38:15.383346Z", "fetched_at": "2025-07-12T16:39:33.354647+00:00", "symbol": "DOGE-USD"}, {"trade_id": 138734735, "side": "buy", "size": "25.60000000", "price": "0.19550000", "time": "2025-07-12T16:38:12.202334Z", "fetched_at": "2025-07-12T16:39:33.354647+00:00", "symbol": "DOGE-USD"}, {"trade_id": 138734734, "side": "sell", "size": "13707.40000000", "price": "0.19551000", "time": "2025-07-12T16:38:10.006614Z", "fetched_at": "2025-07-12T16:39:33.354647+00:00", "symbol": "DOGE-USD"}, {"trade_id": 138734733, "side": "sell", "size": "46.30000000", "price": "0.19550000", "time": "2025-07-12T16:38:10.006614Z", "fetched_at": "2025-07-12T16:39:33.354647+00:00", "symbol": "DOGE-USD"}, {"trade_id": 138734732, "side": "sell", "size": "11025.30000000", "price": "0.19546000", "time": "2025-07-12T16:38:08.660976Z", "fetched_at": "2025-07-12T16:39:33.354647+00:00", "symbol": "DOGE-USD"}, {"trade_id": 138734731, "side": "sell", "size": "1504.40000000", "price": "0.19546000", "time": "2025-07-12T16:38:08.660976Z", "fetched_at": "2025-07-12T16:39:33.354647+00:00", "symbol": "DOGE-USD"}, {"trade_id": 138734730, "side": "sell", "size": "47.20000000", "price": "0.19545000", "time": "2025-07-12T16:38:08.660976Z", "fetched_at": "2025-07-12T16:39:33.354647+00:00", "symbol": "DOGE-USD"}, {"trade_id": 138734729, "side": "buy", "size": "9.80000000", "price": "0.19542000", "time": "2025-07-12T16:38:05.282901Z", "fetched_at": "2025-07-12T16:39:33.354647+00:00", "symbol": "DOGE-USD"}, {"trade_id": 138734728, "side": "buy", "size": "5.70000000", "price": "0.19542000", "time": "2025-07-12T16:38:05.282901Z", "fetched_at": "2025-07-12T16:39:33.354647+00:00", "symbol": "DOGE-USD"}, {"trade_id": 138734727, "side": "buy", "size": "5.70000000", "price": "0.19544000", "time": "2025-07-12T16:38:04.607863Z", "fetched_at": "2025-07-12T16:39:33.354647+00:00", "symbol": "DOGE-USD"}, {"trade_id": 138734726, "side": "buy", "size": "3549.00000000", "price": "0.19547000", "time": "2025-07-12T16:37:56.774323Z", "fetched_at": "2025-07-12T16:39:33.354647+00:00", "symbol": "DOGE-USD"}, {"trade_id": 138734725, "side": "buy", "size": "3608.30000000", "price": "0.19547000", "time": "2025-07-12T16:37:56.774323Z", "fetched_at": "2025-07-12T16:39:33.354647+00:00", "symbol": "DOGE-USD"}, {"trade_id": 138734724, "side": "buy", "size": "1504.40000000", "price": "0.19547000", "time": "2025-07-12T16:37:56.774323Z", "fetched_at": "2025-07-12T16:39:33.354647+00:00", "symbol": "DOGE-USD"}, {"trade_id": 138734723, "side": "buy", "size": "1428.40000000", "price": "0.19547000", "time": "2025-07-12T16:37:56.774323Z", "fetched_at": "2025-07-12T16:39:33.354647+00:00", "symbol": "DOGE-USD"}, {"trade_id": 138734722, "side": "buy", "size": "2771.30000000", "price": "0.19548000", "time": "2025-07-12T16:37:56.774323Z", "fetched_at": "2025-07-12T16:39:33.354647+00:00", "symbol": "DOGE-USD"}, {"trade_id": 138734721, "side": "buy", "size": "1504.40000000", "price": "0.19548000", "time": "2025-07-12T16:37:56.774323Z", "fetched_at": "2025-07-12T16:39:33.354647+00:00", "symbol": "DOGE-USD"}, {"trade_id": 138734720, "side": "buy", "size": "823.50000000", "price": "0.19548000", "time": "2025-07-12T16:37:56.774323Z", "fetched_at": "2025-07-12T16:39:33.354647+00:00", "symbol": "DOGE-USD"}, {"trade_id": 138734719, "side": "buy", "size": "1268.50000000", "price": "0.19549000", "time": "2025-07-12T16:37:56.774323Z", "fetched_at": "2025-07-12T16:39:33.354647+00:00", "symbol": "DOGE-USD"}, {"trade_id": 138734718, "side": "buy", "size": "2000.00000000", "price": "0.19549000", "time": "2025-07-12T16:37:56.774323Z", "fetched_at": "2025-07-12T16:39:33.354647+00:00", "symbol": "DOGE-USD"}, {"trade_id": 138734717, "side": "buy", "size": "1257.70000000", "price": "0.19550000", "time": "2025-07-12T16:37:56.774323Z", "fetched_at": "2025-07-12T16:39:33.354647+00:00", "symbol": "DOGE-USD"}, {"trade_id": 138734716, "side": "buy", "size": "51.20000000", "price": "0.19550000", "time": "2025-07-12T16:37:56.774323Z", "fetched_at": "2025-07-12T16:39:33.354647+00:00", "symbol": "DOGE-USD"}, {"trade_id": 138734715, "side": "buy", "size": "279.70000000", "price": "0.19550000", "time": "2025-07-12T16:37:56.774323Z", "fetched_at": "2025-07-12T16:39:33.354647+00:00", "symbol": "DOGE-USD"}, {"trade_id": 138734714, "side": "buy", "size": "361.00000000", "price": "0.19550000", "time": "2025-07-12T16:37:55.795887Z", "fetched_at": "2025-07-12T16:39:33.354647+00:00", "symbol": "DOGE-USD"}, {"trade_id": 138734713, "side": "sell", "size": "79.60000000", "price": "0.19555000", "time": "2025-07-12T16:37:30.532769Z", "fetched_at": "2025-07-12T16:39:33.354647+00:00", "symbol": "DOGE-USD"}, {"trade_id": 138734712, "side": "sell", "size": "44.70000000", "price": "0.19554000", "time": "2025-07-12T16:37:30.532769Z", "fetched_at": "2025-07-12T16:39:33.354647+00:00", "symbol": "DOGE-USD"}, {"trade_id": 138734711, "side": "buy", "size": "43.70000000", "price": "0.19553000", "time": "2025-07-12T16:37:30.125361Z", "fetched_at": "2025-07-12T16:39:33.354647+00:00", "symbol": "DOGE-USD"}, {"trade_id": 138734710, "side": "sell", "size": "2.50000000", "price": "0.19556000", "time": "2025-07-12T16:37:29.898270Z", "fetched_at": "2025-07-12T16:39:33.354647+00:00", "symbol": "DOGE-USD"}, {"trade_id": 138734709, "side": "sell", "size": "47.00000000", "price": "0.19555000", "time": "2025-07-12T16:37:29.898270Z", "fetched_at": "2025-07-12T16:39:33.354647+00:00", "symbol": "DOGE-USD"}, {"trade_id": 138734708, "side": "sell", "size": "5.70000000", "price": "0.19554000", "time": "2025-07-12T16:37:28.007783Z", "fetched_at": "2025-07-12T16:39:33.354647+00:00", "symbol": "DOGE-USD"}, {"trade_id": 138734707, "side": "sell", "size": "5.70000000", "price": "0.19552000", "time": "2025-07-12T16:37:23.950978Z", "fetched_at": "2025-07-12T16:39:33.354647+00:00", "symbol": "DOGE-USD"}, {"trade_id": 138734706, "side": "sell", "size": "2118.90000000", "price": "0.19551000", "time": "2025-07-12T16:37:22.371329Z", "fetched_at": "2025-07-12T16:39:33.354647+00:00", "symbol": "DOGE-USD"}, {"trade_id": 138734705, "side": "buy", "size": "470.20000000", "price": "0.19541000", "time": "2025-07-12T16:37:10.794659Z", "fetched_at": "2025-07-12T16:39:33.354647+00:00", "symbol": "DOGE-USD"}, {"trade_id": 138734704, "side": "buy", "size": "51.20000000", "price": "0.19541000", "time": "2025-07-12T16:37:10.794659Z", "fetched_at": "2025-07-12T16:39:33.354647+00:00", "symbol": "DOGE-USD"}, {"trade_id": 138734703, "side": "buy", "size": "5.70000000", "price": "0.19542000", "time": "2025-07-12T16:37:10.794659Z", "fetched_at": "2025-07-12T16:39:33.354647+00:00", "symbol": "DOGE-USD"}, {"trade_id": 138734702, "side": "buy", "size": "18310.10000000", "price": "0.19544000", "time": "2025-07-12T16:37:08.921447Z", "fetched_at": "2025-07-12T16:39:33.354647+00:00", "symbol": "DOGE-USD"}, {"trade_id": 138734701, "side": "buy", "size": "5.70000000", "price": "0.19544000", "time": "2025-07-12T16:37:08.921447Z", "fetched_at": "2025-07-12T16:39:33.354647+00:00", "symbol": "DOGE-USD"}, {"trade_id": 138734700, "side": "buy", "size": "51.20000000", "price": "0.19545000", "time": "2025-07-12T16:37:08.919263Z", "fetched_at": "2025-07-12T16:39:33.354647+00:00", "symbol": "DOGE-USD"}, {"trade_id": 138734699, "side": "buy", "size": "5.70000000", "price": "0.19546000", "time": "2025-07-12T16:37:08.912749Z", "fetched_at": "2025-07-12T16:39:33.354647+00:00", "symbol": "DOGE-USD"}, {"trade_id": 138734698, "side": "buy", "size": "5.70000000", "price": "0.19548000", "time": "2025-07-12T16:37:08.810531Z", "fetched_at": "2025-07-12T16:39:33.354647+00:00", "symbol": "DOGE-USD"}, {"trade_id": 138734697, "side": "buy", "size": "2000.00000000", "price": "0.19549000", "time": "2025-07-12T16:37:08.557971Z", "fetched_at": "2025-07-12T16:39:33.354647+00:00", "symbol": "DOGE-USD"}, {"trade_id": 138734696, "side": "buy", "size": "6.00000000", "price": "0.19548000", "time": "2025-07-12T16:37:04.790511Z", "fetched_at": "2025-07-12T16:39:33.354647+00:00", "symbol": "DOGE-USD"}, {"trade_id": 138734695, "side": "buy", "size": "5.70000000", "price": "0.19548000", "time": "2025-07-12T16:37:04.790511Z", "fetched_at": "2025-07-12T16:39:33.354647+00:00", "symbol": "DOGE-USD"}, {"trade_id": 138734694, "side": "buy", "size": "1180.40000000", "price": "0.19551000", "time": "2025-07-12T16:37:04.489329Z", "fetched_at": "2025-07-12T16:39:33.354647+00:00", "symbol": "DOGE-USD"}, {"trade_id": 138734693, "side": "buy", "size": "2000.00000000", "price": "0.19551000", "time": "2025-07-12T16:37:04.489329Z", "fetched_at": "2025-07-12T16:39:33.354647+00:00", "symbol": "DOGE-USD"}, {"trade_id": 138734692, "side": "sell", "size": "5.70000000", "price": "0.19552000", "time": "2025-07-12T16:37:00.720062Z", "fetched_at": "2025-07-12T16:39:33.354647+00:00", "symbol": "DOGE-USD"}, {"trade_id": 138734691, "side": "sell", "size": "5.70000000", "price": "0.19550000", "time": "2025-07-12T16:37:00.086591Z", "fetched_at": "2025-07-12T16:39:33.354647+00:00", "symbol": "DOGE-USD"}, {"trade_id": 138734690, "side": "sell", "size": "5.00000000", "price": "0.19549000", "time": "2025-07-12T16:36:56.450354Z", "fetched_at": "2025-07-12T16:39:33.354647+00:00", "symbol": "DOGE-USD"}, {"trade_id": 138734689, "side": "sell", "size": "248.60000000", "price": "0.19548000", "time": "2025-07-12T16:36:52.386534Z", "fetched_at": "2025-07-12T16:39:33.354647+00:00", "symbol": "DOGE-USD"}, {"trade_id": 138734688, "side": "sell", "size": "5.70000000", "price": "0.19548000", "time": "2025-07-12T16:36:48.513843Z", "fetched_at": "2025-07-12T16:39:33.354647+00:00", "symbol": "DOGE-USD"}, {"trade_id": 138734687, "side": "sell", "size": "5.70000000", "price": "0.19546000", "time": "2025-07-12T16:36:48.493507Z", "fetched_at": "2025-07-12T16:39:33.354647+00:00", "symbol": "DOGE-USD"}, {"trade_id": 138734686, "side": "sell", "size": "5.70000000", "price": "0.19544000", "time": "2025-07-12T16:36:48.460662Z", "fetched_at": "2025-07-12T16:39:33.354647+00:00", "symbol": "DOGE-USD"}, {"trade_id": 138734685, "side": "sell", "size": "5.70000000", "price": "0.19542000", "time": "2025-07-12T16:36:48.440155Z", "fetched_at": "2025-07-12T16:39:33.354647+00:00", "symbol": "DOGE-USD"}, {"trade_id": 138734684, "side": "buy", "size": "766.50000000", "price": "0.19539000", "time": "2025-07-12T16:36:47.114364Z", "fetched_at": "2025-07-12T16:39:33.354647+00:00", "symbol": "DOGE-USD"}, {"trade_id": 138734683, "side": "buy", "size": "1257.80000000", "price": "0.19541000", "time": "2025-07-12T16:36:47.114364Z", "fetched_at": "2025-07-12T16:39:33.354647+00:00", "symbol": "DOGE-USD"}, {"trade_id": 138734682, "side": "buy", "size": "1260.20000000", "price": "0.19541000", "time": "2025-07-12T16:36:47.114364Z", "fetched_at": "2025-07-12T16:39:33.354647+00:00", "symbol": "DOGE-USD"}, {"trade_id": 138734681, "side": "buy", "size": "93.00000000", "price": "0.19541000", "time": "2025-07-12T16:36:47.114364Z", "fetched_at": "2025-07-12T16:39:33.354647+00:00", "symbol": "DOGE-USD"}, {"trade_id": 138734680, "side": "buy", "size": "548.40000000", "price": "0.19541000", "time": "2025-07-12T16:36:46.970824Z", "fetched_at": "2025-07-12T16:39:33.354647+00:00", "symbol": "DOGE-USD"}, {"trade_id": 138734679, "side": "buy", "size": "1164.10000000", "price": "0.19541000", "time": "2025-07-12T16:36:46.970824Z", "fetched_at": "2025-07-12T16:39:33.354647+00:00", "symbol": "DOGE-USD"}, {"trade_id": 138734678, "side": "buy", "size": "1409.80000000", "price": "0.19541000", "time": "2025-07-12T16:36:46.970824Z", "fetched_at": "2025-07-12T16:39:33.354647+00:00", "symbol": "DOGE-USD"}, {"trade_id": 138734677, "side": "buy", "size": "601.30000000", "price": "0.19540000", "time": "2025-07-12T16:36:44.320796Z", "fetched_at": "2025-07-12T16:39:33.354647+00:00", "symbol": "DOGE-USD"}, {"trade_id": 138734676, "side": "sell", "size": "49.40000000", "price": "0.19533000", "time": "2025-07-12T16:36:42.328509Z", "fetched_at": "2025-07-12T16:39:33.354647+00:00", "symbol": "DOGE-USD"}, {"trade_id": 138734675, "side": "buy", "size": "5.70000000", "price": "0.19534000", "time": "2025-07-12T16:36:41.214903Z", "fetched_at": "2025-07-12T16:39:33.354647+00:00", "symbol": "DOGE-USD"}, {"trade_id": 138734674, "side": "buy", "size": "5.70000000", "price": "0.19536000", "time": "2025-07-12T16:36:41.176219Z", "fetched_at": "2025-07-12T16:39:33.354647+00:00", "symbol": "DOGE-USD"}, {"trade_id": 138734673, "side": "buy", "size": "5.70000000", "price": "0.19538000", "time": "2025-07-12T16:36:39.986668Z", "fetched_at": "2025-07-12T16:39:33.354647+00:00", "symbol": "DOGE-USD"}, {"trade_id": 138734672, "side": "buy", "size": "5.70000000", "price": "0.19540000", "time": "2025-07-12T16:36:39.853345Z", "fetched_at": "2025-07-12T16:39:33.354647+00:00", "symbol": "DOGE-USD"}, {"trade_id": 138734671, "side": "buy", "size": "5.70000000", "price": "0.19542000", "time": "2025-07-12T16:36:39.070392Z", "fetched_at": "2025-07-12T16:39:33.354647+00:00", "symbol": "DOGE-USD"}, {"trade_id": 138734670, "side": "sell", "size": "1377.00000000", "price": "0.19548000", "time": "2025-07-12T16:36:37.399680Z", "fetched_at": "2025-07-12T16:39:33.354647+00:00", "symbol": "DOGE-USD"}, {"trade_id": 138734669, "side": "sell", "size": "823.50000000", "price": "0.19548000", "time": "2025-07-12T16:36:37.399680Z", "fetched_at": "2025-07-12T16:39:33.354647+00:00", "symbol": "DOGE-USD"}, {"trade_id": 138734668, "side": "sell", "size": "47.00000000", "price": "0.19547000", "time": "2025-07-12T16:36:37.399680Z", "fetched_at": "2025-07-12T16:39:33.354647+00:00", "symbol": "DOGE-USD"}, {"trade_id": 138734667, "side": "sell", "size": "189.30000000", "price": "0.19545000", "time": "2025-07-12T16:36:37.399680Z", "fetched_at": "2025-07-12T16:39:33.354647+00:00", "symbol": "DOGE-USD"}, {"trade_id": 138734666, "side": "sell", "size": "1191.90000000", "price": "0.19545000", "time": "2025-07-12T16:36:37.399680Z", "fetched_at": "2025-07-12T16:39:33.354647+00:00", "symbol": "DOGE-USD"}, {"trade_id": 138734665, "side": "sell", "size": "1343.40000000", "price": "0.19545000", "time": "2025-07-12T16:36:37.399680Z", "fetched_at": "2025-07-12T16:39:33.354647+00:00", "symbol": "DOGE-USD"}, {"trade_id": 138734664, "side": "buy", "size": "5.70000000", "price": "0.19544000", "time": "2025-07-12T16:36:29.010400Z", "fetched_at": "2025-07-12T16:39:33.354647+00:00", "symbol": "DOGE-USD"}, {"trade_id": 138734663, "side": "buy", "size": "5.70000000", "price": "0.19546000", "time": "2025-07-12T16:36:28.990109Z", "fetched_at": "2025-07-12T16:39:33.354647+00:00", "symbol": "DOGE-USD"}, {"trade_id": 138734662, "side": "buy", "size": "5.70000000", "price": "0.19548000", "time": "2025-07-12T16:36:26.371442Z", "fetched_at": "2025-07-12T16:39:33.354647+00:00", "symbol": "DOGE-USD"}, {"trade_id": 138734661, "side": "sell", "size": "48.50000000", "price": "0.19549000", "time": "2025-07-12T16:36:18.078902Z", "fetched_at": "2025-07-12T16:39:33.354647+00:00", "symbol": "DOGE-USD"}, {"trade_id": 138734660, "side": "sell", "size": "12.80000000", "price": "0.19549000", "time": "2025-07-12T16:36:17.366737Z", "fetched_at": "2025-07-12T16:39:33.354647+00:00", "symbol": "DOGE-USD"}, {"trade_id": 138734659, "side": "buy", "size": "789.70000000", "price": "0.19552000", "time": "2025-07-12T16:36:16.595753Z", "fetched_at": "2025-07-12T16:39:33.354647+00:00", "symbol": "DOGE-USD"}, {"trade_id": 138734658, "side": "sell", "size": "223.50000000", "price": "0.19557000", "time": "2025-07-12T16:36:08.741101Z", "fetched_at": "2025-07-12T16:39:33.354647+00:00", "symbol": "DOGE-USD"}, {"trade_id": 138734657, "side": "sell", "size": "37.70000000", "price": "0.19556000", "time": "2025-07-12T16:36:08.741101Z", "fetched_at": "2025-07-12T16:39:33.354647+00:00", "symbol": "DOGE-USD"}, {"trade_id": 138734656, "side": "sell", "size": "5.70000000", "price": "0.19556000", "time": "2025-07-12T16:36:08.741101Z", "fetched_at": "2025-07-12T16:39:33.354647+00:00", "symbol": "DOGE-USD"}, {"trade_id": 138734655, "side": "sell", "size": "245.30000000", "price": "0.19560000", "time": "2025-07-12T16:36:03.826828Z", "fetched_at": "2025-07-12T16:39:33.354647+00:00", "symbol": "DOGE-USD"}, {"trade_id": 138734654, "side": "sell", "size": "5.70000000", "price": "0.19560000", "time": "2025-07-12T16:36:03.826828Z", "fetched_at": "2025-07-12T16:39:33.354647+00:00", "symbol": "DOGE-USD"}, {"trade_id": 138734653, "side": "sell", "size": "640.60000000", "price": "0.19559000", "time": "2025-07-12T16:36:03.826828Z", "fetched_at": "2025-07-12T16:39:33.354647+00:00", "symbol": "DOGE-USD"}, {"trade_id": 138734652, "side": "sell", "size": "1295.70000000", "price": "0.19558000", "time": "2025-07-12T16:36:03.826828Z", "fetched_at": "2025-07-12T16:39:33.354647+00:00", "symbol": "DOGE-USD"}, {"trade_id": 138734651, "side": "sell", "size": "1232.70000000", "price": "0.19558000", "time": "2025-07-12T16:36:03.826828Z", "fetched_at": "2025-07-12T16:39:33.354647+00:00", "symbol": "DOGE-USD"}, {"trade_id": 138734650, "side": "sell", "size": "5.70000000", "price": "0.19558000", "time": "2025-07-12T16:36:03.826828Z", "fetched_at": "2025-07-12T16:39:33.354647+00:00", "symbol": "DOGE-USD"}, {"trade_id": 138734649, "side": "sell", "size": "43.30000000", "price": "0.19557000", "time": "2025-07-12T16:36:03.826828Z", "fetched_at": "2025-07-12T16:39:33.354647+00:00", "symbol": "DOGE-USD"}, {"trade_id": 138734648, "side": "sell", "size": "5.70000000", "price": "0.19556000", "time": "2025-07-12T16:36:03.826828Z", "fetched_at": "2025-07-12T16:39:33.354647+00:00", "symbol": "DOGE-USD"}, {"trade_id": 138734647, "side": "sell", "size": "5.70000000", "price": "0.19554000", "time": "2025-07-12T16:36:03.826828Z", "fetched_at": "2025-07-12T16:39:33.354647+00:00", "symbol": "DOGE-USD"}, {"trade_id": 138734646, "side": "sell", "size": "5.70000000", "price": "0.19552000", "time": "2025-07-12T16:36:01.919063Z", "fetched_at": "2025-07-12T16:39:33.354647+00:00", "symbol": "DOGE-USD"}, {"trade_id": 138734645, "side": "sell", "size": "5.70000000", "price": "0.19550000", "time": "2025-07-12T16:35:57.690121Z", "fetched_at": "2025-07-12T16:39:33.354647+00:00", "symbol": "DOGE-USD"}, {"trade_id": 138734644, "side": "sell", "size": "5.70000000", "price": "0.19548000", "time": "2025-07-12T16:35:57.663965Z", "fetched_at": "2025-07-12T16:39:33.354647+00:00", "symbol": "DOGE-USD"}, {"trade_id": 138734643, "side": "sell", "size": "5.70000000", "price": "0.19546000", "time": "2025-07-12T16:35:57.593596Z", "fetched_at": "2025-07-12T16:39:33.354647+00:00", "symbol": "DOGE-USD"}, {"trade_id": 138734642, "side": "sell", "size": "123.50000000", "price": "0.19545000", "time": "2025-07-12T16:35:56.789024Z", "fetched_at": "2025-07-12T16:39:33.354647+00:00", "symbol": "DOGE-USD"}, {"trade_id": 138734641, "side": "sell", "size": "44.70000000", "price": "0.19544000", "time": "2025-07-12T16:35:56.789024Z", "fetched_at": "2025-07-12T16:39:33.354647+00:00", "symbol": "DOGE-USD"}, {"trade_id": 138734640, "side": "sell", "size": "5.70000000", "price": "0.19544000", "time": "2025-07-12T16:35:56.789024Z", "fetched_at": "2025-07-12T16:39:33.354647+00:00", "symbol": "DOGE-USD"}, {"trade_id": 138734639, "side": "sell", "size": "4925.30000000", "price": "0.19543000", "time": "2025-07-12T16:35:43.068172Z", "fetched_at": "2025-07-12T16:39:33.354647+00:00", "symbol": "DOGE-USD"}, {"trade_id": 138734638, "side": "sell", "size": "48.90000000", "price": "0.19542000", "time": "2025-07-12T16:35:43.068172Z", "fetched_at": "2025-07-12T16:39:33.354647+00:00", "symbol": "DOGE-USD"}, {"trade_id": 138734637, "side": "sell", "size": "4701.30000000", "price": "0.19543000", "time": "2025-07-12T16:35:40.231800Z", "fetched_at": "2025-07-12T16:39:33.354647+00:00", "symbol": "DOGE-USD"}, {"trade_id": 138734636, "side": "sell", "size": "1198.70000000", "price": "0.19542000", "time": "2025-07-12T16:35:40.231800Z", "fetched_at": "2025-07-12T16:39:33.354647+00:00", "symbol": "DOGE-USD"}, {"trade_id": 138734635, "side": "sell", "size": "12794.00000000", "price": "0.19542000", "time": "2025-07-12T16:35:40.231800Z", "fetched_at": "2025-07-12T16:39:33.354647+00:00", "symbol": "DOGE-USD"}, {"trade_id": 138734634, "side": "sell", "size": "5.70000000", "price": "0.19542000", "time": "2025-07-12T16:35:40.231800Z", "fetched_at": "2025-07-12T16:39:33.354647+00:00", "symbol": "DOGE-USD"}, {"trade_id": 138734633, "side": "sell", "size": "1151.80000000", "price": "0.19541000", "time": "2025-07-12T16:35:40.231800Z", "fetched_at": "2025-07-12T16:39:33.354647+00:00", "symbol": "DOGE-USD"}, {"trade_id": 138734632, "side": "sell", "size": "49.80000000", "price": "0.19540000", "time": "2025-07-12T16:35:40.231800Z", "fetched_at": "2025-07-12T16:39:33.354647+00:00", "symbol": "DOGE-USD"}, {"trade_id": 138734631, "side": "sell", "size": "5.70000000", "price": "0.19540000", "time": "2025-07-12T16:35:40.231800Z", "fetched_at": "2025-07-12T16:39:33.354647+00:00", "symbol": "DOGE-USD"}, {"trade_id": 138734630, "side": "sell", "size": "5.70000000", "price": "0.19538000", "time": "2025-07-12T16:35:39.444473Z", "fetched_at": "2025-07-12T16:39:33.354647+00:00", "symbol": "DOGE-USD"}, {"trade_id": 138734629, "side": "sell", "size": "5.70000000", "price": "0.19536000", "time": "2025-07-12T16:35:36.469757Z", "fetched_at": "2025-07-12T16:39:33.354647+00:00", "symbol": "DOGE-USD"}, {"trade_id": 138734628, "side": "buy", "size": "5.70000000", "price": "0.19532000", "time": "2025-07-12T16:35:30.793429Z", "fetched_at": "2025-07-12T16:39:33.354647+00:00", "symbol": "DOGE-USD"}, {"trade_id": 138734627, "side": "buy", "size": "6263.60000000", "price": "0.19534000", "time": "2025-07-12T16:35:30.178132Z", "fetched_at": "2025-07-12T16:39:33.354647+00:00", "symbol": "DOGE-USD"}, {"trade_id": 138734626, "side": "buy", "size": "0.70000000", "price": "0.19534000", "time": "2025-07-12T16:35:29.534798Z", "fetched_at": "2025-07-12T16:39:33.354647+00:00", "symbol": "DOGE-USD"}, {"trade_id": 138734625, "side": "sell", "size": "228.40000000", "price": "0.19536000", "time": "2025-07-12T16:35:26.775314Z", "fetched_at": "2025-07-12T16:39:33.354647+00:00", "symbol": "DOGE-USD"}, {"trade_id": 138734624, "side": "sell", "size": "4435.40000000", "price": "0.19536000", "time": "2025-07-12T16:35:26.760998Z", "fetched_at": "2025-07-12T16:39:33.354647+00:00", "symbol": "DOGE-USD"}, {"trade_id": 138734623, "side": "sell", "size": "6954.90000000", "price": "0.19536000", "time": "2025-07-12T16:35:26.743658Z", "fetched_at": "2025-07-12T16:39:33.354647+00:00", "symbol": "DOGE-USD"}, {"trade_id": 138734622, "side": "sell", "size": "6739.00000000", "price": "0.19536000", "time": "2025-07-12T16:35:26.690471Z", "fetched_at": "2025-07-12T16:39:33.354647+00:00", "symbol": "DOGE-USD"}, {"trade_id": 138734621, "side": "buy", "size": "5.80000000", "price": "0.19533000", "time": "2025-07-12T16:35:19.519136Z", "fetched_at": "2025-07-12T16:39:33.354647+00:00", "symbol": "DOGE-USD"}, {"trade_id": 138734620, "side": "buy", "size": "641.80000000", "price": "0.19533000", "time": "2025-07-12T16:35:19.519136Z", "fetched_at": "2025-07-12T16:39:33.354647+00:00", "symbol": "DOGE-USD"}, {"trade_id": 138734619, "side": "buy", "size": "264.90000000", "price": "0.19533000", "time": "2025-07-12T16:35:18.024732Z", "fetched_at": "2025-07-12T16:39:33.354647+00:00", "symbol": "DOGE-USD"}, {"trade_id": 138734618, "side": "sell", "size": "5.70000000", "price": "0.19536000", "time": "2025-07-12T16:35:17.569967Z", "fetched_at": "2025-07-12T16:39:33.354647+00:00", "symbol": "DOGE-USD"}, {"trade_id": 138734617, "side": "sell", "size": "5.70000000", "price": "0.19534000", "time": "2025-07-12T16:35:17.450974Z", "fetched_at": "2025-07-12T16:39:33.354647+00:00", "symbol": "DOGE-USD"}, {"trade_id": 138734616, "side": "sell", "size": "3072.50000000", "price": "0.19532000", "time": "2025-07-12T16:35:17.333491Z", "fetched_at": "2025-07-12T16:39:33.354647+00:00", "symbol": "DOGE-USD"}, {"trade_id": 138734615, "side": "sell", "size": "5.70000000", "price": "0.19532000", "time": "2025-07-12T16:35:17.333491Z", "fetched_at": "2025-07-12T16:39:33.354647+00:00", "symbol": "DOGE-USD"}, {"trade_id": 138734614, "side": "sell", "size": "51.30000000", "price": "0.19531000", "time": "2025-07-12T16:35:17.332729Z", "fetched_at": "2025-07-12T16:39:33.354647+00:00", "symbol": "DOGE-USD"}, {"trade_id": 138734613, "side": "sell", "size": "51.30000000", "price": "0.19530000", "time": "2025-07-12T16:35:17.300901Z", "fetched_at": "2025-07-12T16:39:33.354647+00:00", "symbol": "DOGE-USD"}, {"trade_id": 138734612, "side": "sell", "size": "248.80000000", "price": "0.19529000", "time": "2025-07-12T16:35:16.081237Z", "fetched_at": "2025-07-12T16:39:33.354647+00:00", "symbol": "DOGE-USD"}, {"trade_id": 138734611, "side": "sell", "size": "18.40000000", "price": "0.19529000", "time": "2025-07-12T16:35:15.657549Z", "fetched_at": "2025-07-12T16:39:33.354647+00:00", "symbol": "DOGE-USD"}, {"trade_id": 138734610, "side": "sell", "size": "5.70000000", "price": "0.19528000", "time": "2025-07-12T16:35:15.657549Z", "fetched_at": "2025-07-12T16:39:33.354647+00:00", "symbol": "DOGE-USD"}, {"trade_id": 138734609, "side": "buy", "size": "641.80000000", "price": "0.19524000", "time": "2025-07-12T16:35:04.165763Z", "fetched_at": "2025-07-12T16:39:33.354647+00:00", "symbol": "DOGE-USD"}, {"trade_id": 138734608, "side": "buy", "size": "594.60000000", "price": "0.19525000", "time": "2025-07-12T16:35:02.622439Z", "fetched_at": "2025-07-12T16:39:33.354647+00:00", "symbol": "DOGE-USD"}, {"trade_id": 138734607, "side": "buy", "size": "641.80000000", "price": "0.19522000", "time": "2025-07-12T16:34:56.934954Z", "fetched_at": "2025-07-12T16:39:33.354647+00:00", "symbol": "DOGE-USD"}, {"trade_id": 138734606, "side": "buy", "size": "5637.50000000", "price": "0.19516000", "time": "2025-07-12T16:34:46.154515Z", "fetched_at": "2025-07-12T16:39:33.354647+00:00", "symbol": "DOGE-USD"}, {"trade_id": 138734605, "side": "buy", "size": "4180.60000000", "price": "0.19516000", "time": "2025-07-12T16:34:46.154515Z", "fetched_at": "2025-07-12T16:39:33.354647+00:00", "symbol": "DOGE-USD"}, {"trade_id": 138734604, "side": "buy", "size": "18357.90000000", "price": "0.19516000", "time": "2025-07-12T16:34:46.154515Z", "fetched_at": "2025-07-12T16:39:33.354647+00:00", "symbol": "DOGE-USD"}, {"trade_id": 138734603, "side": "buy", "size": "5.70000000", "price": "0.19516000", "time": "2025-07-12T16:34:46.154515Z", "fetched_at": "2025-07-12T16:39:33.354647+00:00", "symbol": "DOGE-USD"}, {"trade_id": 138734602, "side": "buy", "size": "51.30000000", "price": "0.19519000", "time": "2025-07-12T16:34:46.154515Z", "fetched_at": "2025-07-12T16:39:33.354647+00:00", "symbol": "DOGE-USD"}, {"trade_id": 138734601, "side": "buy", "size": "641.80000000", "price": "0.19520000", "time": "2025-07-12T16:34:46.154515Z", "fetched_at": "2025-07-12T16:39:33.354647+00:00", "symbol": "DOGE-USD"}, {"trade_id": 138734600, "side": "buy", "size": "663.40000000", "price": "0.19517000", "time": "2025-07-12T16:34:44.966400Z", "fetched_at": "2025-07-12T16:39:33.354647+00:00", "symbol": "DOGE-USD"}, {"trade_id": 138734599, "side": "buy", "size": "51.30000000", "price": "0.19518000", "time": "2025-07-12T16:34:44.966400Z", "fetched_at": "2025-07-12T16:39:33.354647+00:00", "symbol": "DOGE-USD"}, {"trade_id": 138734598, "side": "buy", "size": "5.70000000", "price": "0.19518000", "time": "2025-07-12T16:34:44.966400Z", "fetched_at": "2025-07-12T16:39:33.354647+00:00", "symbol": "DOGE-USD"}, {"trade_id": 138734597, "side": "buy", "size": "1198.60000000", "price": "0.19520000", "time": "2025-07-12T16:34:44.966400Z", "fetched_at": "2025-07-12T16:39:33.354647+00:00", "symbol": "DOGE-USD"}, {"trade_id": 138734596, "side": "buy", "size": "641.80000000", "price": "0.19520000", "time": "2025-07-12T16:34:44.966400Z", "fetched_at": "2025-07-12T16:39:33.354647+00:00", "symbol": "DOGE-USD"}, {"trade_id": 138734595, "side": "sell", "size": "50.00000000", "price": "0.19522000", "time": "2025-07-12T16:34:41.340986Z", "fetched_at": "2025-07-12T16:39:33.354647+00:00", "symbol": "DOGE-USD"}, {"trade_id": 138734594, "side": "buy", "size": "31.10000000", "price": "0.19520000", "time": "2025-07-12T16:34:40.738737Z", "fetched_at": "2025-07-12T16:39:33.354647+00:00", "symbol": "DOGE-USD"}, {"trade_id": 138734593, "side": "buy", "size": "5.70000000", "price": "0.19520000", "time": "2025-07-12T16:34:40.738737Z", "fetched_at": "2025-07-12T16:39:33.354647+00:00", "symbol": "DOGE-USD"}, {"trade_id": 138734592, "side": "buy", "size": "5.70000000", "price": "0.19522000", "time": "2025-07-12T16:34:40.738737Z", "fetched_at": "2025-07-12T16:39:33.354647+00:00", "symbol": "DOGE-USD"}, {"trade_id": 138734591, "side": "buy", "size": "823.50000000", "price": "0.19524000", "time": "2025-07-12T16:34:40.223746Z", "fetched_at": "2025-07-12T16:39:33.354647+00:00", "symbol": "DOGE-USD"}, {"trade_id": 138734590, "side": "buy", "size": "5.70000000", "price": "0.19524000", "time": "2025-07-12T16:34:40.223746Z", "fetched_at": "2025-07-12T16:39:33.354647+00:00", "symbol": "DOGE-USD"}, {"trade_id": 138734589, "side": "buy", "size": "51.30000000", "price": "0.19525000", "time": "2025-07-12T16:34:40.222598Z", "fetched_at": "2025-07-12T16:39:33.354647+00:00", "symbol": "DOGE-USD"}, {"trade_id": 138734588, "side": "buy", "size": "5.70000000", "price": "0.19526000", "time": "2025-07-12T16:34:40.221868Z", "fetched_at": "2025-07-12T16:39:33.354647+00:00", "symbol": "DOGE-USD"}, {"trade_id": 138734587, "side": "buy", "size": "5.70000000", "price": "0.19528000", "time": "2025-07-12T16:34:38.178992Z", "fetched_at": "2025-07-12T16:39:33.354647+00:00", "symbol": "DOGE-USD"}, {"trade_id": 138734586, "side": "buy", "size": "5.70000000", "price": "0.19530000", "time": "2025-07-12T16:34:37.144469Z", "fetched_at": "2025-07-12T16:39:33.354647+00:00", "symbol": "DOGE-USD"}, {"trade_id": 138734585, "side": "buy", "size": "5.70000000", "price": "0.19532000", "time": "2025-07-12T16:34:34.181132Z", "fetched_at": "2025-07-12T16:39:33.354647+00:00", "symbol": "DOGE-USD"}, {"trade_id": 138734584, "side": "sell", "size": "5.70000000", "price": "0.19540000", "time": "2025-07-12T16:34:31.406576Z", "fetched_at": "2025-07-12T16:39:33.354647+00:00", "symbol": "DOGE-USD"}, {"trade_id": 138734583, "side": "sell", "size": "48.30000000", "price": "0.19534000", "time": "2025-07-12T16:34:25.754325Z", "fetched_at": "2025-07-12T16:39:33.354647+00:00", "symbol": "DOGE-USD"}, {"trade_id": 138734582, "side": "buy", "size": "465.10000000", "price": "0.19531000", "time": "2025-07-12T16:34:22.136556Z", "fetched_at": "2025-07-12T16:39:33.354647+00:00", "symbol": "DOGE-USD"}, {"trade_id": 138734581, "side": "buy", "size": "5.70000000", "price": "0.19532000", "time": "2025-07-12T16:34:22.136556Z", "fetched_at": "2025-07-12T16:39:33.354647+00:00", "symbol": "DOGE-USD"}, {"trade_id": 138734580, "side": "buy", "size": "5.70000000", "price": "0.19534000", "time": "2025-07-12T16:34:20.249434Z", "fetched_at": "2025-07-12T16:39:33.354647+00:00", "symbol": "DOGE-USD"}, {"trade_id": 138734579, "side": "buy", "size": "5.70000000", "price": "0.19536000", "time": "2025-07-12T16:34:16.673901Z", "fetched_at": "2025-07-12T16:39:33.354647+00:00", "symbol": "DOGE-USD"}, {"trade_id": 138734578, "side": "buy", "size": "209.10000000", "price": "0.19538000", "time": "2025-07-12T16:34:14.905819Z", "fetched_at": "2025-07-12T16:39:33.354647+00:00", "symbol": "DOGE-USD"}, {"trade_id": 138734577, "side": "buy", "size": "5.70000000", "price": "0.19538000", "time": "2025-07-12T16:34:14.905819Z", "fetched_at": "2025-07-12T16:39:33.354647+00:00", "symbol": "DOGE-USD"}, {"trade_id": 138734576, "side": "sell", "size": "11.10000000", "price": "0.19539000", "time": "2025-07-12T16:34:14.547618Z", "fetched_at": "2025-07-12T16:39:33.354647+00:00", "symbol": "DOGE-USD"}, {"trade_id": 138734575, "side": "buy", "size": "5.70000000", "price": "0.19540000", "time": "2025-07-12T16:34:10.173322Z", "fetched_at": "2025-07-12T16:39:33.354647+00:00", "symbol": "DOGE-USD"}, {"trade_id": 138734574, "side": "buy", "size": "5.70000000", "price": "0.19542000", "time": "2025-07-12T16:34:09.691148Z", "fetched_at": "2025-07-12T16:39:33.354647+00:00", "symbol": "DOGE-USD"}, {"trade_id": 138734573, "side": "buy", "size": "639.70000000", "price": "0.19543000", "time": "2025-07-12T16:34:09.585810Z", "fetched_at": "2025-07-12T16:39:33.354647+00:00", "symbol": "DOGE-USD"}, {"trade_id": 138734572, "side": "buy", "size": "639.70000000", "price": "0.19544000", "time": "2025-07-12T16:34:09.582145Z", "fetched_at": "2025-07-12T16:39:33.354647+00:00", "symbol": "DOGE-USD"}, {"trade_id": 138734571, "side": "buy", "size": "5.70000000", "price": "0.19544000", "time": "2025-07-12T16:34:09.582145Z", "fetched_at": "2025-07-12T16:39:33.354647+00:00", "symbol": "DOGE-USD"}, {"trade_id": 138734570, "side": "buy", "size": "5.70000000", "price": "0.19546000", "time": "2025-07-12T16:34:09.537Z", "fetched_at": "2025-07-12T16:39:33.354647+00:00", "symbol": "DOGE-USD"}, {"trade_id": 138734569, "side": "buy", "size": "5.70000000", "price": "0.19548000", "time": "2025-07-12T16:34:08.693590Z", "fetched_at": "2025-07-12T16:39:33.354647+00:00", "symbol": "DOGE-USD"}, {"trade_id": 138734568, "side": "buy", "size": "639.70000000", "price": "0.19550000", "time": "2025-07-12T16:34:07.582056Z", "fetched_at": "2025-07-12T16:39:33.354647+00:00", "symbol": "DOGE-USD"}, {"trade_id": 138734567, "side": "buy", "size": "10000.00000000", "price": "0.19550000", "time": "2025-07-12T16:34:07.582056Z", "fetched_at": "2025-07-12T16:39:33.354647+00:00", "symbol": "DOGE-USD"}, {"trade_id": 138734566, "side": "buy", "size": "5.70000000", "price": "0.19550000", "time": "2025-07-12T16:34:07.582056Z", "fetched_at": "2025-07-12T16:39:33.354647+00:00", "symbol": "DOGE-USD"}, {"trade_id": 138734565, "side": "buy", "size": "51.20000000", "price": "0.19551000", "time": "2025-07-12T16:34:07.582056Z", "fetched_at": "2025-07-12T16:39:33.354647+00:00", "symbol": "DOGE-USD"}, {"trade_id": 138734564, "side": "buy", "size": "1463.70000000", "price": "0.19552000", "time": "2025-07-12T16:34:06.133845Z", "fetched_at": "2025-07-12T16:39:33.354647+00:00", "symbol": "DOGE-USD"}, {"trade_id": 138734563, "side": "buy", "size": "10000.00000000", "price": "0.19552000", "time": "2025-07-12T16:34:06.133845Z", "fetched_at": "2025-07-12T16:39:33.354647+00:00", "symbol": "DOGE-USD"}, {"trade_id": 138734562, "side": "buy", "size": "639.70000000", "price": "0.19552000", "time": "2025-07-12T16:34:06.133845Z", "fetched_at": "2025-07-12T16:39:33.354647+00:00", "symbol": "DOGE-USD"}, {"trade_id": 138734561, "side": "buy", "size": "5.70000000", "price": "0.19552000", "time": "2025-07-12T16:34:06.133845Z", "fetched_at": "2025-07-12T16:39:33.354647+00:00", "symbol": "DOGE-USD"}, {"trade_id": 138734560, "side": "buy", "size": "2000.00000000", "price": "0.19553000", "time": "2025-07-12T16:34:06.133335Z", "fetched_at": "2025-07-12T16:39:33.354647+00:00", "symbol": "DOGE-USD"}, {"trade_id": 138734559, "side": "buy", "size": "51.20000000", "price": "0.19553000", "time": "2025-07-12T16:34:06.133335Z", "fetched_at": "2025-07-12T16:39:33.354647+00:00", "symbol": "DOGE-USD"}, {"trade_id": 138734558, "side": "buy", "size": "639.70000000", "price": "0.19553000", "time": "2025-07-12T16:34:06.133335Z", "fetched_at": "2025-07-12T16:39:33.354647+00:00", "symbol": "DOGE-USD"}, {"trade_id": 138734557, "side": "buy", "size": "41.90000000", "price": "0.19554000", "time": "2025-07-12T16:34:02.896789Z", "fetched_at": "2025-07-12T16:39:33.354647+00:00", "symbol": "DOGE-USD"}, {"trade_id": 138734556, "side": "buy", "size": "5.70000000", "price": "0.19554000", "time": "2025-07-12T16:34:02.896789Z", "fetched_at": "2025-07-12T16:39:33.354647+00:00", "symbol": "DOGE-USD"}, {"trade_id": 138734555, "side": "buy", "size": "639.70000000", "price": "0.19556000", "time": "2025-07-12T16:34:02.718605Z", "fetched_at": "2025-07-12T16:39:33.354647+00:00", "symbol": "DOGE-USD"}, {"trade_id": 138734554, "side": "buy", "size": "51.20000000", "price": "0.19556000", "time": "2025-07-12T16:34:02.718605Z", "fetched_at": "2025-07-12T16:39:33.354647+00:00", "symbol": "DOGE-USD"}, {"trade_id": 138734553, "side": "buy", "size": "5.70000000", "price": "0.19556000", "time": "2025-07-12T16:34:02.718605Z", "fetched_at": "2025-07-12T16:39:33.354647+00:00", "symbol": "DOGE-USD"}, {"trade_id": 138734552, "side": "buy", "size": "639.70000000", "price": "0.19557000", "time": "2025-07-12T16:34:02.718605Z", "fetched_at": "2025-07-12T16:39:33.354647+00:00", "symbol": "DOGE-USD"}, {"trade_id": 138734551, "side": "buy", "size": "539.80000000", "price": "0.19558000", "time": "2025-07-12T16:34:01.528868Z", "fetched_at": "2025-07-12T16:39:33.354647+00:00", "symbol": "DOGE-USD"}, {"trade_id": 138734550, "side": "buy", "size": "5.70000000", "price": "0.19558000", "time": "2025-07-12T16:34:01.528868Z", "fetched_at": "2025-07-12T16:39:33.354647+00:00", "symbol": "DOGE-USD"}, {"trade_id": 138734549, "side": "buy", "size": "382.70000000", "price": "0.19560000", "time": "2025-07-12T16:33:58.355442Z", "fetched_at": "2025-07-12T16:39:33.354647+00:00", "symbol": "DOGE-USD"}, {"trade_id": 138734548, "side": "buy", "size": "639.70000000", "price": "0.19560000", "time": "2025-07-12T16:33:58.355442Z", "fetched_at": "2025-07-12T16:39:33.354647+00:00", "symbol": "DOGE-USD"}, {"trade_id": 138734547, "side": "buy", "size": "51.20000000", "price": "0.19560000", "time": "2025-07-12T16:33:58.355442Z", "fetched_at": "2025-07-12T16:39:33.354647+00:00", "symbol": "DOGE-USD"}, {"trade_id": 138734546, "side": "sell", "size": "5.70000000", "price": "0.19562000", "time": "2025-07-12T16:33:55.011500Z", "fetched_at": "2025-07-12T16:39:33.354647+00:00", "symbol": "DOGE-USD"}, {"trade_id": 138734545, "side": "buy", "size": "176.40000000", "price": "0.19558000", "time": "2025-07-12T16:33:53.344720Z", "fetched_at": "2025-07-12T16:39:33.354647+00:00", "symbol": "DOGE-USD"}, {"trade_id": 138734544, "side": "buy", "size": "500.00000000", "price": "0.19556000", "time": "2025-07-12T16:33:52.637080Z", "fetched_at": "2025-07-12T16:39:33.354647+00:00", "symbol": "DOGE-USD"}, {"trade_id": 138734543, "side": "sell", "size": "221.70000000", "price": "0.19554000", "time": "2025-07-12T16:33:48.173443Z", "fetched_at": "2025-07-12T16:39:33.354647+00:00", "symbol": "DOGE-USD"}, {"trade_id": 138734542, "side": "sell", "size": "1378.30000000", "price": "0.19553000", "time": "2025-07-12T16:33:48.173443Z", "fetched_at": "2025-07-12T16:39:33.354647+00:00", "symbol": "DOGE-USD"}, {"trade_id": 138734541, "side": "buy", "size": "51.20000000", "price": "0.19553000", "time": "2025-07-12T16:33:47.438907Z", "fetched_at": "2025-07-12T16:39:33.354647+00:00", "symbol": "DOGE-USD"}, {"trade_id": 138734540, "side": "buy", "size": "640.50000000", "price": "0.19554000", "time": "2025-07-12T16:33:47.438907Z", "fetched_at": "2025-07-12T16:39:33.354647+00:00", "symbol": "DOGE-USD"}, {"trade_id": 138734539, "side": "buy", "size": "5.70000000", "price": "0.19554000", "time": "2025-07-12T16:33:47.438907Z", "fetched_at": "2025-07-12T16:39:33.354647+00:00", "symbol": "DOGE-USD"}, {"trade_id": 138734538, "side": "sell", "size": "143.50000000", "price": "0.19561000", "time": "2025-07-12T16:33:44.804699Z", "fetched_at": "2025-07-12T16:39:33.354647+00:00", "symbol": "DOGE-USD"}, {"trade_id": 138734537, "side": "sell", "size": "5.70000000", "price": "0.19560000", "time": "2025-07-12T16:33:44.804699Z", "fetched_at": "2025-07-12T16:39:33.354647+00:00", "symbol": "DOGE-USD"}, {"trade_id": 138734536, "side": "sell", "size": "5.70000000", "price": "0.19558000", "time": "2025-07-12T16:33:43.915873Z", "fetched_at": "2025-07-12T16:39:33.354647+00:00", "symbol": "DOGE-USD"}, {"trade_id": 138734535, "side": "sell", "size": "102.50000000", "price": "0.19556000", "time": "2025-07-12T16:33:43.809140Z", "fetched_at": "2025-07-12T16:39:33.354647+00:00", "symbol": "DOGE-USD"}, {"trade_id": 138734534, "side": "sell", "size": "24.30000000", "price": "0.19556000", "time": "2025-07-12T16:33:43.809140Z", "fetched_at": "2025-07-12T16:39:33.354647+00:00", "symbol": "DOGE-USD"}, {"trade_id": 138734533, "side": "sell", "size": "5.70000000", "price": "0.19556000", "time": "2025-07-12T16:33:43.809140Z", "fetched_at": "2025-07-12T16:39:33.354647+00:00", "symbol": "DOGE-USD"}, {"trade_id": 138734532, "side": "sell", "size": "5.70000000", "price": "0.19554000", "time": "2025-07-12T16:33:43.607346Z", "fetched_at": "2025-07-12T16:39:33.354647+00:00", "symbol": "DOGE-USD"}, {"trade_id": 138734531, "side": "buy", "size": "1000.00000000", "price": "0.19553000", "time": "2025-07-12T16:33:42.443434Z", "fetched_at": "2025-07-12T16:39:33.354647+00:00", "symbol": "DOGE-USD"}, {"trade_id": 138734530, "side": "sell", "size": "27.90000000", "price": "0.19552000", "time": "2025-07-12T16:33:41.522887Z", "fetched_at": "2025-07-12T16:39:33.354647+00:00", "symbol": "DOGE-USD"}, {"trade_id": 138734529, "side": "sell", "size": "5459.40000000", "price": "0.19552000", "time": "2025-07-12T16:33:39.015352Z", "fetched_at": "2025-07-12T16:39:33.354647+00:00", "symbol": "DOGE-USD"}, {"trade_id": 138734528, "side": "sell", "size": "5.70000000", "price": "0.19552000", "time": "2025-07-12T16:33:39.015352Z", "fetched_at": "2025-07-12T16:39:33.354647+00:00", "symbol": "DOGE-USD"}, {"trade_id": 138734527, "side": "sell", "size": "1463.70000000", "price": "0.19552000", "time": "2025-07-12T16:33:39.015352Z", "fetched_at": "2025-07-12T16:39:33.354647+00:00", "symbol": "DOGE-USD"}, {"trade_id": 138734526, "side": "sell", "size": "1894.60000000", "price": "0.19551000", "time": "2025-07-12T16:33:39.011908Z", "fetched_at": "2025-07-12T16:39:33.354647+00:00", "symbol": "DOGE-USD"}, {"trade_id": 138734525, "side": "sell", "size": "1724.60000000", "price": "0.19551000", "time": "2025-07-12T16:33:39.011908Z", "fetched_at": "2025-07-12T16:39:33.354647+00:00", "symbol": "DOGE-USD"}, {"trade_id": 138734524, "side": "sell", "size": "1463.70000000", "price": "0.19551000", "time": "2025-07-12T16:33:39.011908Z", "fetched_at": "2025-07-12T16:39:33.354647+00:00", "symbol": "DOGE-USD"}, {"trade_id": 138734523, "side": "sell", "size": "1314.70000000", "price": "0.19550000", "time": "2025-07-12T16:33:39.011908Z", "fetched_at": "2025-07-12T16:39:33.354647+00:00", "symbol": "DOGE-USD"}, {"trade_id": 138734522, "side": "sell", "size": "1463.70000000", "price": "0.19550000", "time": "2025-07-12T16:33:39.011908Z", "fetched_at": "2025-07-12T16:39:33.354647+00:00", "symbol": "DOGE-USD"}, {"trade_id": 138734521, "side": "sell", "size": "5.70000000", "price": "0.19550000", "time": "2025-07-12T16:33:39.011908Z", "fetched_at": "2025-07-12T16:39:33.354647+00:00", "symbol": "DOGE-USD"}, {"trade_id": 138734520, "side": "sell", "size": "31.50000000", "price": "0.19548000", "time": "2025-07-12T16:33:39.010586Z", "fetched_at": "2025-07-12T16:39:33.354647+00:00", "symbol": "DOGE-USD"}, {"trade_id": 138734519, "side": "sell", "size": "5.70000000", "price": "0.19548000", "time": "2025-07-12T16:33:39.010586Z", "fetched_at": "2025-07-12T16:39:33.354647+00:00", "symbol": "DOGE-USD"}, {"trade_id": 138734518, "side": "sell", "size": "5.70000000", "price": "0.19546000", "time": "2025-07-12T16:33:39.010586Z", "fetched_at": "2025-07-12T16:39:33.354647+00:00", "symbol": "DOGE-USD"}, {"trade_id": 138734517, "side": "buy", "size": "641.40000000", "price": "0.19544000", "time": "2025-07-12T16:33:38.505455Z", "fetched_at": "2025-07-12T16:39:33.354647+00:00", "symbol": "DOGE-USD"}, {"trade_id": 138734516, "side": "buy", "size": "2000.00000000", "price": "0.19544000", "time": "2025-07-12T16:33:38.505455Z", "fetched_at": "2025-07-12T16:39:33.354647+00:00", "symbol": "DOGE-USD"}, {"trade_id": 138734515, "side": "sell", "size": "35.10000000", "price": "0.19544000", "time": "2025-07-12T16:33:29.768474Z", "fetched_at": "2025-07-12T16:39:33.354647+00:00", "symbol": "DOGE-USD"}, {"trade_id": 138734514, "side": "sell", "size": "5.70000000", "price": "0.19544000", "time": "2025-07-12T16:33:29.768474Z", "fetched_at": "2025-07-12T16:39:33.354647+00:00", "symbol": "DOGE-USD"}, {"trade_id": 138734513, "side": "buy", "size": "18.70000000", "price": "0.19540000", "time": "2025-07-12T16:33:29.129875Z", "fetched_at": "2025-07-12T16:39:33.354647+00:00", "symbol": "DOGE-USD"}, {"trade_id": 138734512, "side": "buy", "size": "51.20000000", "price": "0.19541000", "time": "2025-07-12T16:33:29.129875Z", "fetched_at": "2025-07-12T16:39:33.354647+00:00", "symbol": "DOGE-USD"}, {"trade_id": 138734511, "side": "buy", "size": "1201.50000000", "price": "0.19542000", "time": "2025-07-12T16:33:29.129875Z", "fetched_at": "2025-07-12T16:39:33.354647+00:00", "symbol": "DOGE-USD"}, {"trade_id": 138734510, "side": "buy", "size": "641.40000000", "price": "0.19543000", "time": "2025-07-12T16:33:29.129875Z", "fetched_at": "2025-07-12T16:39:33.354647+00:00", "symbol": "DOGE-USD"}, {"trade_id": 138734509, "side": "sell", "size": "5.70000000", "price": "0.19542000", "time": "2025-07-12T16:33:28.799964Z", "fetched_at": "2025-07-12T16:39:33.354647+00:00", "symbol": "DOGE-USD"}, {"trade_id": 138734508, "side": "sell", "size": "5878.70000000", "price": "0.19540000", "time": "2025-07-12T16:33:27.902409Z", "fetched_at": "2025-07-12T16:39:33.354647+00:00", "symbol": "DOGE-USD"}, {"trade_id": 138734507, "side": "buy", "size": "305.00000000", "price": "0.19537000", "time": "2025-07-12T16:33:24.311169Z", "fetched_at": "2025-07-12T16:39:33.354647+00:00", "symbol": "DOGE-USD"}, {"trade_id": 138734506, "side": "buy", "size": "51.20000000", "price": "0.19538000", "time": "2025-07-12T16:33:24.311169Z", "fetched_at": "2025-07-12T16:39:33.354647+00:00", "symbol": "DOGE-USD"}, {"trade_id": 138734505, "side": "buy", "size": "5.70000000", "price": "0.19538000", "time": "2025-07-12T16:33:24.311169Z", "fetched_at": "2025-07-12T16:39:33.354647+00:00", "symbol": "DOGE-USD"}, {"trade_id": 138734504, "side": "sell", "size": "45.20000000", "price": "0.19539000", "time": "2025-07-12T16:33:22.968431Z", "fetched_at": "2025-07-12T16:39:33.354647+00:00", "symbol": "DOGE-USD"}, {"trade_id": 138734503, "side": "sell", "size": "262.90000000", "price": "0.19539000", "time": "2025-07-12T16:33:22.968431Z", "fetched_at": "2025-07-12T16:39:33.354647+00:00", "symbol": "DOGE-USD"}, {"trade_id": 138734502, "side": "sell", "size": "189.30000000", "price": "0.19539000", "time": "2025-07-12T16:33:22.968431Z", "fetched_at": "2025-07-12T16:39:33.354647+00:00", "symbol": "DOGE-USD"}, {"trade_id": 138734501, "side": "buy", "size": "643.20000000", "price": "0.19540000", "time": "2025-07-12T16:33:22.045468Z", "fetched_at": "2025-07-12T16:39:33.354647+00:00", "symbol": "DOGE-USD"}, {"trade_id": 138734500, "side": "buy", "size": "51.20000000", "price": "0.19544000", "time": "2025-07-12T16:33:20.523632Z", "fetched_at": "2025-07-12T16:39:33.354647+00:00", "symbol": "DOGE-USD"}, {"trade_id": 138734499, "side": "buy", "size": "643.20000000", "price": "0.19546000", "time": "2025-07-12T16:33:20.523632Z", "fetched_at": "2025-07-12T16:39:33.354647+00:00", "symbol": "DOGE-USD"}, {"trade_id": 138734498, "side": "buy", "size": "18359.80000000", "price": "0.19543000", "time": "2025-07-12T16:33:19.654629Z", "fetched_at": "2025-07-12T16:39:33.354647+00:00", "symbol": "DOGE-USD"}, {"trade_id": 138734497, "side": "buy", "size": "643.20000000", "price": "0.19544000", "time": "2025-07-12T16:33:19.654629Z", "fetched_at": "2025-07-12T16:39:33.354647+00:00", "symbol": "DOGE-USD"}, {"trade_id": 138734496, "side": "buy", "size": "51.20000000", "price": "0.19544000", "time": "2025-07-12T16:33:19.654629Z", "fetched_at": "2025-07-12T16:39:33.354647+00:00", "symbol": "DOGE-USD"}, {"trade_id": 138734495, "side": "sell", "size": "5.70000000", "price": "0.19546000", "time": "2025-07-12T16:33:18.848828Z", "fetched_at": "2025-07-12T16:39:33.354647+00:00", "symbol": "DOGE-USD"}, {"trade_id": 138734494, "side": "sell", "size": "5.70000000", "price": "0.19544000", "time": "2025-07-12T16:33:18.740893Z", "fetched_at": "2025-07-12T16:39:33.354647+00:00", "symbol": "DOGE-USD"}, {"trade_id": 138734493, "side": "sell", "size": "5.70000000", "price": "0.19542000", "time": "2025-07-12T16:33:17.584360Z", "fetched_at": "2025-07-12T16:39:33.354647+00:00", "symbol": "DOGE-USD"}, {"trade_id": 138734492, "side": "sell", "size": "5.70000000", "price": "0.19540000", "time": "2025-07-12T16:33:15.884183Z", "fetched_at": "2025-07-12T16:39:33.354647+00:00", "symbol": "DOGE-USD"}, {"trade_id": 138734491, "side": "sell", "size": "5.70000000", "price": "0.19536000", "time": "2025-07-12T16:33:11.795769Z", "fetched_at": "2025-07-12T16:39:33.354647+00:00", "symbol": "DOGE-USD"}, {"trade_id": 138734490, "side": "buy", "size": "5.20000000", "price": "0.19534000", "time": "2025-07-12T16:33:10.896018Z", "fetched_at": "2025-07-12T16:39:33.354647+00:00", "symbol": "DOGE-USD"}, {"trade_id": 138734489, "side": "buy", "size": "7895.50000000", "price": "0.19528000", "time": "2025-07-12T16:33:02.578881Z", "fetched_at": "2025-07-12T16:39:33.354647+00:00", "symbol": "DOGE-USD"}, {"trade_id": 138734488, "side": "buy", "size": "2793.50000000", "price": "0.19528000", "time": "2025-07-12T16:33:02.578881Z", "fetched_at": "2025-07-12T16:39:33.354647+00:00", "symbol": "DOGE-USD"}, {"trade_id": 138734487, "side": "buy", "size": "1946.50000000", "price": "0.19528000", "time": "2025-07-12T16:33:02.578881Z", "fetched_at": "2025-07-12T16:39:33.354647+00:00", "symbol": "DOGE-USD"}, {"trade_id": 138734486, "side": "buy", "size": "1463.70000000", "price": "0.19528000", "time": "2025-07-12T16:33:02.578881Z", "fetched_at": "2025-07-12T16:39:33.354647+00:00", "symbol": "DOGE-USD"}, {"trade_id": 138734485, "side": "buy", "size": "5.70000000", "price": "0.19528000", "time": "2025-07-12T16:33:02.578881Z", "fetched_at": "2025-07-12T16:39:33.354647+00:00", "symbol": "DOGE-USD"}, {"trade_id": 138734484, "side": "buy", "size": "823.50000000", "price": "0.19528000", "time": "2025-07-12T16:33:02.578881Z", "fetched_at": "2025-07-12T16:39:33.354647+00:00", "symbol": "DOGE-USD"}, {"trade_id": 138734483, "side": "buy", "size": "10000.00000000", "price": "0.19529000", "time": "2025-07-12T16:33:02.578881Z", "fetched_at": "2025-07-12T16:39:33.354647+00:00", "symbol": "DOGE-USD"}, {"trade_id": 138734482, "side": "buy", "size": "1463.70000000", "price": "0.19529000", "time": "2025-07-12T16:33:02.578881Z", "fetched_at": "2025-07-12T16:39:33.354647+00:00", "symbol": "DOGE-USD"}, {"trade_id": 138734481, "side": "buy", "size": "643.20000000", "price": "0.19530000", "time": "2025-07-12T16:33:02.578881Z", "fetched_at": "2025-07-12T16:39:33.354647+00:00", "symbol": "DOGE-USD"}, {"trade_id": 138734480, "side": "buy", "size": "1192.90000000", "price": "0.19530000", "time": "2025-07-12T16:33:02.578881Z", "fetched_at": "2025-07-12T16:39:33.354647+00:00", "symbol": "DOGE-USD"}, {"trade_id": 138734479, "side": "buy", "size": "5.70000000", "price": "0.19530000", "time": "2025-07-12T16:33:02.578881Z", "fetched_at": "2025-07-12T16:39:33.354647+00:00", "symbol": "DOGE-USD"}, {"trade_id": 138734478, "side": "buy", "size": "823.50000000", "price": "0.19530000", "time": "2025-07-12T16:33:02.578881Z", "fetched_at": "2025-07-12T16:39:33.354647+00:00", "symbol": "DOGE-USD"}, {"trade_id": 138734477, "side": "buy", "size": "2000.00000000", "price": "0.19531000", "time": "2025-07-12T16:33:02.578881Z", "fetched_at": "2025-07-12T16:39:33.354647+00:00", "symbol": "DOGE-USD"}, {"trade_id": 138734476, "side": "buy", "size": "51.20000000", "price": "0.19532000", "time": "2025-07-12T16:33:02.578881Z", "fetched_at": "2025-07-12T16:39:33.354647+00:00", "symbol": "DOGE-USD"}, {"trade_id": 138734475, "side": "buy", "size": "5.70000000", "price": "0.19532000", "time": "2025-07-12T16:33:02.578881Z", "fetched_at": "2025-07-12T16:39:33.354647+00:00", "symbol": "DOGE-USD"}, {"trade_id": 138734474, "side": "buy", "size": "51.20000000", "price": "0.19533000", "time": "2025-07-12T16:33:01.584959Z", "fetched_at": "2025-07-12T16:39:33.354647+00:00", "symbol": "DOGE-USD"}, {"trade_id": 138734473, "side": "buy", "size": "10047.80000000", "price": "0.19533000", "time": "2025-07-12T16:33:01.584959Z", "fetched_at": "2025-07-12T16:39:33.354647+00:00", "symbol": "DOGE-USD"}, {"trade_id": 138734472, "side": "buy", "size": "1463.70000000", "price": "0.19533000", "time": "2025-07-12T16:33:01.584959Z", "fetched_at": "2025-07-12T16:39:33.354647+00:00", "symbol": "DOGE-USD"}, {"trade_id": 138734471, "side": "buy", "size": "5.70000000", "price": "0.19534000", "time": "2025-07-12T16:33:01.584959Z", "fetched_at": "2025-07-12T16:39:33.354647+00:00", "symbol": "DOGE-USD"}, {"trade_id": 138734470, "side": "buy", "size": "5.70000000", "price": "0.19536000", "time": "2025-07-12T16:33:01.584959Z", "fetched_at": "2025-07-12T16:39:33.354647+00:00", "symbol": "DOGE-USD"}, {"trade_id": 138734469, "side": "buy", "size": "51.20000000", "price": "0.19538000", "time": "2025-07-12T16:33:00.901732Z", "fetched_at": "2025-07-12T16:39:33.354647+00:00", "symbol": "DOGE-USD"}, {"trade_id": 138734468, "side": "buy", "size": "5.70000000", "price": "0.19538000", "time": "2025-07-12T16:33:00.901732Z", "fetched_at": "2025-07-12T16:39:33.354647+00:00", "symbol": "DOGE-USD"}, {"trade_id": 138734467, "side": "buy", "size": "643.20000000", "price": "0.19540000", "time": "2025-07-12T16:33:00.901732Z", "fetched_at": "2025-07-12T16:39:33.354647+00:00", "symbol": "DOGE-USD"}, {"trade_id": 138734466, "side": "buy", "size": "5.70000000", "price": "0.19540000", "time": "2025-07-12T16:33:00.901732Z", "fetched_at": "2025-07-12T16:39:33.354647+00:00", "symbol": "DOGE-USD"}, {"trade_id": 138734465, "side": "buy", "size": "5.70000000", "price": "0.19542000", "time": "2025-07-12T16:33:00.896810Z", "fetched_at": "2025-07-12T16:39:33.354647+00:00", "symbol": "DOGE-USD"}, {"trade_id": 138734464, "side": "buy", "size": "5.70000000", "price": "0.19544000", "time": "2025-07-12T16:33:00.838404Z", "fetched_at": "2025-07-12T16:39:33.354647+00:00", "symbol": "DOGE-USD"}, {"trade_id": 138734463, "side": "buy", "size": "5.70000000", "price": "0.19548000", "time": "2025-07-12T16:33:00.608046Z", "fetched_at": "2025-07-12T16:39:33.354647+00:00", "symbol": "DOGE-USD"}, {"trade_id": 138734462, "side": "buy", "size": "5.70000000", "price": "0.19550000", "time": "2025-07-12T16:33:00.576156Z", "fetched_at": "2025-07-12T16:39:33.354647+00:00", "symbol": "DOGE-USD"}, {"trade_id": 138734461, "side": "sell", "size": "5.70000000", "price": "0.19556000", "time": "2025-07-12T16:33:00.310798Z", "fetched_at": "2025-07-12T16:39:33.354647+00:00", "symbol": "DOGE-USD"}, {"trade_id": 138734460, "side": "buy", "size": "51.20000000", "price": "0.19554000", "time": "2025-07-12T16:32:58.110973Z", "fetched_at": "2025-07-12T16:39:33.354647+00:00", "symbol": "DOGE-USD"}, {"trade_id": 138734459, "side": "buy", "size": "643.20000000", "price": "0.19555000", "time": "2025-07-12T16:32:58.110973Z", "fetched_at": "2025-07-12T16:39:33.354647+00:00", "symbol": "DOGE-USD"}, {"trade_id": 138734458, "side": "buy", "size": "208.30000000", "price": "0.19555000", "time": "2025-07-12T16:32:58.110973Z", "fetched_at": "2025-07-12T16:39:33.354647+00:00", "symbol": "DOGE-USD"}, {"trade_id": 138734457, "side": "buy", "size": "3072.90000000", "price": "0.19552000", "time": "2025-07-12T16:32:57.541863Z", "fetched_at": "2025-07-12T16:39:33.354647+00:00", "symbol": "DOGE-USD"}, {"trade_id": 138734456, "side": "sell", "size": "5.70000000", "price": "0.19554000", "time": "2025-07-12T16:32:56.541952Z", "fetched_at": "2025-07-12T16:39:33.354647+00:00", "symbol": "DOGE-USD"}, {"trade_id": 138734455, "side": "sell", "size": "5.70000000", "price": "0.19552000", "time": "2025-07-12T16:32:56.244647Z", "fetched_at": "2025-07-12T16:39:33.354647+00:00", "symbol": "DOGE-USD"}, {"trade_id": 138734454, "side": "sell", "size": "18.90000000", "price": "0.19551000", "time": "2025-07-12T16:32:56.228517Z", "fetched_at": "2025-07-12T16:39:33.354647+00:00", "symbol": "DOGE-USD"}, {"trade_id": 138734453, "side": "sell", "size": "18.90000000", "price": "0.19550000", "time": "2025-07-12T16:32:56.170728Z", "fetched_at": "2025-07-12T16:39:33.354647+00:00", "symbol": "DOGE-USD"}, {"trade_id": 138734452, "side": "sell", "size": "5.70000000", "price": "0.19550000", "time": "2025-07-12T16:32:56.170728Z", "fetched_at": "2025-07-12T16:39:33.354647+00:00", "symbol": "DOGE-USD"}, {"trade_id": 138734451, "side": "sell", "size": "5.70000000", "price": "0.19548000", "time": "2025-07-12T16:32:53.027870Z", "fetched_at": "2025-07-12T16:39:33.354647+00:00", "symbol": "DOGE-USD"}, {"trade_id": 138734450, "side": "buy", "size": "446.20000000", "price": "0.19547000", "time": "2025-07-12T16:32:51.343879Z", "fetched_at": "2025-07-12T16:39:33.354647+00:00", "symbol": "DOGE-USD"}, {"trade_id": 138734449, "side": "sell", "size": "5.70000000", "price": "0.19546000", "time": "2025-07-12T16:32:48.915796Z", "fetched_at": "2025-07-12T16:39:33.354647+00:00", "symbol": "DOGE-USD"}, {"trade_id": 138734448, "side": "sell", "size": "5.70000000", "price": "0.19544000", "time": "2025-07-12T16:32:48.873679Z", "fetched_at": "2025-07-12T16:39:33.354647+00:00", "symbol": "DOGE-USD"}, {"trade_id": 138734447, "side": "sell", "size": "0.30000000", "price": "0.19544000", "time": "2025-07-12T16:32:48.873679Z", "fetched_at": "2025-07-12T16:39:33.354647+00:00", "symbol": "DOGE-USD"}, {"trade_id": 138734446, "side": "sell", "size": "5.70000000", "price": "0.19542000", "time": "2025-07-12T16:32:48.739884Z", "fetched_at": "2025-07-12T16:39:33.354647+00:00", "symbol": "DOGE-USD"}, {"trade_id": 138734445, "side": "buy", "size": "177.50000000", "price": "0.19539000", "time": "2025-07-12T16:32:46.412002Z", "fetched_at": "2025-07-12T16:39:33.354647+00:00", "symbol": "DOGE-USD"}, {"trade_id": 138734444, "side": "buy", "size": "643.20000000", "price": "0.19539000", "time": "2025-07-12T16:32:46.412002Z", "fetched_at": "2025-07-12T16:39:33.354647+00:00", "symbol": "DOGE-USD"}, {"trade_id": 138734443, "side": "sell", "size": "4248.50000000", "price": "0.19540000", "time": "2025-07-12T16:32:45.752881Z", "fetched_at": "2025-07-12T16:39:33.354647+00:00", "symbol": "DOGE-USD"}, {"trade_id": 138734442, "side": "sell", "size": "34770.10000000", "price": "0.19540000", "time": "2025-07-12T16:32:45.752672Z", "fetched_at": "2025-07-12T16:39:33.354647+00:00", "symbol": "DOGE-USD"}, {"trade_id": 138734441, "side": "sell", "size": "21.20000000", "price": "0.19539000", "time": "2025-07-12T16:32:45.752672Z", "fetched_at": "2025-07-12T16:39:33.354647+00:00", "symbol": "DOGE-USD"}, {"trade_id": 138734440, "side": "sell", "size": "733.00000000", "price": "0.19540000", "time": "2025-07-12T16:32:45.633302Z", "fetched_at": "2025-07-12T16:39:33.354647+00:00", "symbol": "DOGE-USD"}, {"trade_id": 138734439, "side": "sell", "size": "7705.90000000", "price": "0.19540000", "time": "2025-07-12T16:32:45.622089Z", "fetched_at": "2025-07-12T16:39:33.354647+00:00", "symbol": "DOGE-USD"}, {"trade_id": 138734438, "side": "sell", "size": "13789.50000000", "price": "0.19540000", "time": "2025-07-12T16:32:45.566826Z", "fetched_at": "2025-07-12T16:39:33.354647+00:00", "symbol": "DOGE-USD"}, {"trade_id": 138734437, "side": "buy", "size": "643.20000000", "price": "0.19540000", "time": "2025-07-12T16:32:45.562305Z", "fetched_at": "2025-07-12T16:39:33.354647+00:00", "symbol": "DOGE-USD"}, {"trade_id": 138734436, "side": "buy", "size": "208.30000000", "price": "0.19541000", "time": "2025-07-12T16:32:45.562305Z", "fetched_at": "2025-07-12T16:39:33.354647+00:00", "symbol": "DOGE-USD"}, {"trade_id": 138734435, "side": "buy", "size": "1295.70000000", "price": "0.19541000", "time": "2025-07-12T16:32:45.562305Z", "fetched_at": "2025-07-12T16:39:33.354647+00:00", "symbol": "DOGE-USD"}, {"trade_id": 138734434, "side": "sell", "size": "0.60000000", "price": "0.19540000", "time": "2025-07-12T16:32:41.758646Z", "fetched_at": "2025-07-12T16:39:33.354647+00:00", "symbol": "DOGE-USD"}, {"trade_id": 138734433, "side": "sell", "size": "5.70000000", "price": "0.19540000", "time": "2025-07-12T16:32:41.758646Z", "fetched_at": "2025-07-12T16:39:33.354647+00:00", "symbol": "DOGE-USD"}, {"trade_id": 138734432, "side": "sell", "size": "5.70000000", "price": "0.19538000", "time": "2025-07-12T16:32:39.649639Z", "fetched_at": "2025-07-12T16:39:33.354647+00:00", "symbol": "DOGE-USD"}, {"trade_id": 138734431, "side": "sell", "size": "28.10000000", "price": "0.19536000", "time": "2025-07-12T16:32:38.620469Z", "fetched_at": "2025-07-12T16:39:33.354647+00:00", "symbol": "DOGE-USD"}, {"trade_id": 138734430, "side": "sell", "size": "5.70000000", "price": "0.19536000", "time": "2025-07-12T16:32:38.620469Z", "fetched_at": "2025-07-12T16:39:33.354647+00:00", "symbol": "DOGE-USD"}, {"trade_id": 138734429, "side": "buy", "size": "55.40000000", "price": "0.19532000", "time": "2025-07-12T16:32:36.933327Z", "fetched_at": "2025-07-12T16:39:33.354647+00:00", "symbol": "DOGE-USD"}, {"trade_id": 138734428, "side": "sell", "size": "488.70000000", "price": "0.19534000", "time": "2025-07-12T16:32:34.520025Z", "fetched_at": "2025-07-12T16:39:33.354647+00:00", "symbol": "DOGE-USD"}, {"trade_id": 138734427, "side": "sell", "size": "5.70000000", "price": "0.19534000", "time": "2025-07-12T16:32:34.520025Z", "fetched_at": "2025-07-12T16:39:33.354647+00:00", "symbol": "DOGE-USD"}, {"trade_id": 138734426, "side": "sell", "size": "15.40000000", "price": "0.19533000", "time": "2025-07-12T16:32:34.520025Z", "fetched_at": "2025-07-12T16:39:33.354647+00:00", "symbol": "DOGE-USD"}, {"trade_id": 138734425, "side": "sell", "size": "0.80000000", "price": "0.19532000", "time": "2025-07-12T16:32:34.520025Z", "fetched_at": "2025-07-12T16:39:33.354647+00:00", "symbol": "DOGE-USD"}, {"trade_id": 138734424, "side": "sell", "size": "4.90000000", "price": "0.19532000", "time": "2025-07-12T16:32:34.095529Z", "fetched_at": "2025-07-12T16:39:33.354647+00:00", "symbol": "DOGE-USD"}, {"trade_id": 138734423, "side": "buy", "size": "2988.20000000", "price": "0.19524000", "time": "2025-07-12T16:32:32.581524Z", "fetched_at": "2025-07-12T16:39:33.354647+00:00", "symbol": "DOGE-USD"}, {"trade_id": 138734422, "side": "buy", "size": "2784.40000000", "price": "0.19524000", "time": "2025-07-12T16:32:32.581524Z", "fetched_at": "2025-07-12T16:39:33.354647+00:00", "symbol": "DOGE-USD"}, {"trade_id": 138734421, "side": "buy", "size": "1463.70000000", "price": "0.19524000", "time": "2025-07-12T16:32:32.581524Z", "fetched_at": "2025-07-12T16:39:33.354647+00:00", "symbol": "DOGE-USD"}, {"trade_id": 138734420, "side": "buy", "size": "2500.00000000", "price": "0.19525000", "time": "2025-07-12T16:32:32.581524Z", "fetched_at": "2025-07-12T16:39:33.354647+00:00", "symbol": "DOGE-USD"}, {"trade_id": 138734419, "side": "buy", "size": "5684.80000000", "price": "0.19525000", "time": "2025-07-12T16:32:32.581524Z", "fetched_at": "2025-07-12T16:39:33.354647+00:00", "symbol": "DOGE-USD"}, {"trade_id": 138734418, "side": "buy", "size": "2657.60000000", "price": "0.19525000", "time": "2025-07-12T16:32:32.581524Z", "fetched_at": "2025-07-12T16:39:33.354647+00:00", "symbol": "DOGE-USD"}, {"trade_id": 138734417, "side": "buy", "size": "1463.70000000", "price": "0.19525000", "time": "2025-07-12T16:32:32.581524Z", "fetched_at": "2025-07-12T16:39:33.354647+00:00", "symbol": "DOGE-USD"}, {"trade_id": 138734416, "side": "buy", "size": "1947.20000000", "price": "0.19526000", "time": "2025-07-12T16:32:32.581524Z", "fetched_at": "2025-07-12T16:39:33.354647+00:00", "symbol": "DOGE-USD"}, {"trade_id": 138734415, "side": "buy", "size": "1463.70000000", "price": "0.19526000", "time": "2025-07-12T16:32:32.581524Z", "fetched_at": "2025-07-12T16:39:33.354647+00:00", "symbol": "DOGE-USD"}, {"trade_id": 138734414, "side": "buy", "size": "1308.90000000", "price": "0.19527000", "time": "2025-07-12T16:32:32.581524Z", "fetched_at": "2025-07-12T16:39:33.354647+00:00", "symbol": "DOGE-USD"}, {"trade_id": 138734413, "side": "buy", "size": "51.30000000", "price": "0.19527000", "time": "2025-07-12T16:32:32.581524Z", "fetched_at": "2025-07-12T16:39:33.354647+00:00", "symbol": "DOGE-USD"}, {"trade_id": 138734412, "side": "buy", "size": "643.20000000", "price": "0.19527000", "time": "2025-07-12T16:32:32.581524Z", "fetched_at": "2025-07-12T16:39:33.354647+00:00", "symbol": "DOGE-USD"}, {"trade_id": 138734411, "side": "buy", "size": "643.20000000", "price": "0.19528000", "time": "2025-07-12T16:32:32.581524Z", "fetched_at": "2025-07-12T16:39:33.354647+00:00", "symbol": "DOGE-USD"}, {"trade_id": 138734410, "side": "buy", "size": "340.50000000", "price": "0.19527000", "time": "2025-07-12T16:32:28.481749Z", "fetched_at": "2025-07-12T16:39:33.354647+00:00", "symbol": "DOGE-USD"}, {"trade_id": 138734409, "side": "sell", "size": "39.70000000", "price": "0.19530000", "time": "2025-07-12T16:32:26.526127Z", "fetched_at": "2025-07-12T16:39:33.354647+00:00", "symbol": "DOGE-USD"}, {"trade_id": 138734408, "side": "sell", "size": "5.70000000", "price": "0.19530000", "time": "2025-07-12T16:32:26.526127Z", "fetched_at": "2025-07-12T16:39:33.354647+00:00", "symbol": "DOGE-USD"}, {"trade_id": 138734407, "side": "sell", "size": "21.80000000", "price": "0.19529000", "time": "2025-07-12T16:32:26.526127Z", "fetched_at": "2025-07-12T16:39:33.354647+00:00", "symbol": "DOGE-USD"}, {"trade_id": 138734406, "side": "sell", "size": "5.70000000", "price": "0.19528000", "time": "2025-07-12T16:32:26.526127Z", "fetched_at": "2025-07-12T16:39:33.354647+00:00", "symbol": "DOGE-USD"}, {"trade_id": 138734405, "side": "sell", "size": "5.70000000", "price": "0.19526000", "time": "2025-07-12T16:32:26.415072Z", "fetched_at": "2025-07-12T16:39:33.354647+00:00", "symbol": "DOGE-USD"}, {"trade_id": 138734404, "side": "sell", "size": "21.60000000", "price": "0.19525000", "time": "2025-07-12T16:32:26.415072Z", "fetched_at": "2025-07-12T16:39:33.354647+00:00", "symbol": "DOGE-USD"}, {"trade_id": 138734403, "side": "sell", "size": "21.60000000", "price": "0.19525000", "time": "2025-07-12T16:32:26.404986Z", "fetched_at": "2025-07-12T16:39:33.354647+00:00", "symbol": "DOGE-USD"}, {"trade_id": 138734402, "side": "sell", "size": "3704.20000000", "price": "0.19525000", "time": "2025-07-12T16:32:26.389121Z", "fetched_at": "2025-07-12T16:39:33.354647+00:00", "symbol": "DOGE-USD"}, {"trade_id": 138734401, "side": "sell", "size": "2276.10000000", "price": "0.19525000", "time": "2025-07-12T16:32:26.389121Z", "fetched_at": "2025-07-12T16:39:33.354647+00:00", "symbol": "DOGE-USD"}, {"trade_id": 138734400, "side": "sell", "size": "2470.10000000", "price": "0.19525000", "time": "2025-07-12T16:32:26.389121Z", "fetched_at": "2025-07-12T16:39:33.354647+00:00", "symbol": "DOGE-USD"}, {"trade_id": 138734399, "side": "sell", "size": "2056.30000000", "price": "0.19525000", "time": "2025-07-12T16:32:26.389121Z", "fetched_at": "2025-07-12T16:39:33.354647+00:00", "symbol": "DOGE-USD"}, {"trade_id": 138734398, "side": "sell", "size": "1463.70000000", "price": "0.19525000", "time": "2025-07-12T16:32:26.389121Z", "fetched_at": "2025-07-12T16:39:33.354647+00:00", "symbol": "DOGE-USD"}, {"trade_id": 138734397, "side": "sell", "size": "21.60000000", "price": "0.19524000", "time": "2025-07-12T16:32:26.389121Z", "fetched_at": "2025-07-12T16:39:33.354647+00:00", "symbol": "DOGE-USD"}, {"trade_id": 138734396, "side": "sell", "size": "5.70000000", "price": "0.19524000", "time": "2025-07-12T16:32:26.389121Z", "fetched_at": "2025-07-12T16:39:33.354647+00:00", "symbol": "DOGE-USD"}, {"trade_id": 138734395, "side": "buy", "size": "256.10000000", "price": "0.19521000", "time": "2025-07-12T16:32:23.424607Z", "fetched_at": "2025-07-12T16:39:33.354647+00:00", "symbol": "DOGE-USD"}, {"trade_id": 138734394, "side": "buy", "size": "5.70000000", "price": "0.19520000", "time": "2025-07-12T16:32:16.655665Z", "fetched_at": "2025-07-12T16:39:33.354647+00:00", "symbol": "DOGE-USD"}, {"trade_id": 138734393, "side": "buy", "size": "5728.00000000", "price": "0.19520000", "time": "2025-07-12T16:32:16.655665Z", "fetched_at": "2025-07-12T16:39:33.354647+00:00", "symbol": "DOGE-USD"}, {"trade_id": 138734392, "side": "buy", "size": "2479.00000000", "price": "0.19520000", "time": "2025-07-12T16:32:16.655665Z", "fetched_at": "2025-07-12T16:39:33.354647+00:00", "symbol": "DOGE-USD"}, {"trade_id": 138734391, "side": "buy", "size": "1463.70000000", "price": "0.19520000", "time": "2025-07-12T16:32:16.655665Z", "fetched_at": "2025-07-12T16:39:33.354647+00:00", "symbol": "DOGE-USD"}, {"trade_id": 138734390, "side": "buy", "size": "51.30000000", "price": "0.19521000", "time": "2025-07-12T16:32:16.655665Z", "fetched_at": "2025-07-12T16:39:33.354647+00:00", "symbol": "DOGE-USD"}, {"trade_id": 138734389, "side": "sell", "size": "41.10000000", "price": "0.19526000", "time": "2025-07-12T16:32:15.464298Z", "fetched_at": "2025-07-12T16:39:33.354647+00:00", "symbol": "DOGE-USD"}, {"trade_id": 138734388, "side": "sell", "size": "208.30000000", "price": "0.19526000", "time": "2025-07-12T16:32:15.464298Z", "fetched_at": "2025-07-12T16:39:33.354647+00:00", "symbol": "DOGE-USD"}, {"trade_id": 138734387, "side": "sell", "size": "5.70000000", "price": "0.19526000", "time": "2025-07-12T16:32:15.464298Z", "fetched_at": "2025-07-12T16:39:33.354647+00:00", "symbol": "DOGE-USD"}, {"trade_id": 138734386, "side": "sell", "size": "5.70000000", "price": "0.19524000", "time": "2025-07-12T16:32:12.692443Z", "fetched_at": "2025-07-12T16:39:33.354647+00:00", "symbol": "DOGE-USD"}, {"trade_id": 138734385, "side": "sell", "size": "5.70000000", "price": "0.19522000", "time": "2025-07-12T16:32:12.091855Z", "fetched_at": "2025-07-12T16:39:33.354647+00:00", "symbol": "DOGE-USD"}, {"trade_id": 138734384, "side": "sell", "size": "168.30000000", "price": "0.19521000", "time": "2025-07-12T16:32:12.068266Z", "fetched_at": "2025-07-12T16:39:33.354647+00:00", "symbol": "DOGE-USD"}, {"trade_id": 138734383, "side": "sell", "size": "48.60000000", "price": "0.19521000", "time": "2025-07-12T16:32:12.054156Z", "fetched_at": "2025-07-12T16:39:33.354647+00:00", "symbol": "DOGE-USD"}, {"trade_id": 138734382, "side": "buy", "size": "1350.10000000", "price": "0.19519000", "time": "2025-07-12T16:32:07.470947Z", "fetched_at": "2025-07-12T16:39:33.354647+00:00", "symbol": "DOGE-USD"}, {"trade_id": 138734381, "side": "buy", "size": "643.20000000", "price": "0.19519000", "time": "2025-07-12T16:32:07.470947Z", "fetched_at": "2025-07-12T16:39:33.354647+00:00", "symbol": "DOGE-USD"}, {"trade_id": 138734380, "side": "sell", "size": "5.70000000", "price": "0.19520000", "time": "2025-07-12T16:32:05.939619Z", "fetched_at": "2025-07-12T16:39:33.354647+00:00", "symbol": "DOGE-USD"}, {"trade_id": 138734379, "side": "sell", "size": "5.70000000", "price": "0.19518000", "time": "2025-07-12T16:32:00.521171Z", "fetched_at": "2025-07-12T16:39:33.354647+00:00", "symbol": "DOGE-USD"}, {"trade_id": 138734378, "side": "sell", "size": "2644.60000000", "price": "0.19517000", "time": "2025-07-12T16:32:00.341263Z", "fetched_at": "2025-07-12T16:39:33.354647+00:00", "symbol": "DOGE-USD"}, {"trade_id": 138734377, "side": "sell", "size": "1919.10000000", "price": "0.19517000", "time": "2025-07-12T16:32:00.341263Z", "fetched_at": "2025-07-12T16:39:33.354647+00:00", "symbol": "DOGE-USD"}, {"trade_id": 138734376, "side": "sell", "size": "1463.70000000", "price": "0.19517000", "time": "2025-07-12T16:32:00.341263Z", "fetched_at": "2025-07-12T16:39:33.354647+00:00", "symbol": "DOGE-USD"}, {"trade_id": 138734375, "side": "sell", "size": "5632.30000000", "price": "0.19517000", "time": "2025-07-12T16:32:00.341263Z", "fetched_at": "2025-07-12T16:39:33.354647+00:00", "symbol": "DOGE-USD"}, {"trade_id": 138734374, "side": "sell", "size": "3397.00000000", "price": "0.19516000", "time": "2025-07-12T16:32:00.339806Z", "fetched_at": "2025-07-12T16:39:33.354647+00:00", "symbol": "DOGE-USD"}, {"trade_id": 138734373, "side": "sell", "size": "5.70000000", "price": "0.19516000", "time": "2025-07-12T16:32:00.339806Z", "fetched_at": "2025-07-12T16:39:33.354647+00:00", "symbol": "DOGE-USD"}, {"trade_id": 138734372, "side": "sell", "size": "2409.80000000", "price": "0.19516000", "time": "2025-07-12T16:32:00.339806Z", "fetched_at": "2025-07-12T16:39:33.354647+00:00", "symbol": "DOGE-USD"}, {"trade_id": 138734371, "side": "sell", "size": "1463.70000000", "price": "0.19516000", "time": "2025-07-12T16:32:00.339806Z", "fetched_at": "2025-07-12T16:39:33.354647+00:00", "symbol": "DOGE-USD"}, {"trade_id": 138734370, "side": "sell", "size": "5.70000000", "price": "0.19514000", "time": "2025-07-12T16:32:00.339806Z", "fetched_at": "2025-07-12T16:39:33.354647+00:00", "symbol": "DOGE-USD"}, {"trade_id": 138734369, "side": "sell", "size": "5.70000000", "price": "0.19512000", "time": "2025-07-12T16:32:00.194404Z", "fetched_at": "2025-07-12T16:39:33.354647+00:00", "symbol": "DOGE-USD"}, {"trade_id": 138734368, "side": "sell", "size": "5.70000000", "price": "0.19510000", "time": "2025-07-12T16:31:59.450645Z", "fetched_at": "2025-07-12T16:39:33.354647+00:00", "symbol": "DOGE-USD"}, {"trade_id": 138734367, "side": "sell", "size": "5.70000000", "price": "0.19508000", "time": "2025-07-12T16:31:55.593298Z", "fetched_at": "2025-07-12T16:39:33.354647+00:00", "symbol": "DOGE-USD"}, {"trade_id": 138734366, "side": "sell", "size": "5.70000000", "price": "0.19506000", "time": "2025-07-12T16:31:53.897477Z", "fetched_at": "2025-07-12T16:39:33.354647+00:00", "symbol": "DOGE-USD"}, {"trade_id": 138734365, "side": "sell", "size": "5.70000000", "price": "0.19504000", "time": "2025-07-12T16:31:51.559985Z", "fetched_at": "2025-07-12T16:39:33.354647+00:00", "symbol": "DOGE-USD"}, {"trade_id": 138734364, "side": "sell", "size": "5.70000000", "price": "0.19502000", "time": "2025-07-12T16:31:51.064243Z", "fetched_at": "2025-07-12T16:39:33.354647+00:00", "symbol": "DOGE-USD"}, {"trade_id": 138734363, "side": "sell", "size": "5.70000000", "price": "0.19500000", "time": "2025-07-12T16:31:50.980902Z", "fetched_at": "2025-07-12T16:39:33.354647+00:00", "symbol": "DOGE-USD"}, {"trade_id": 138734362, "side": "sell", "size": "5.70000000", "price": "0.19498000", "time": "2025-07-12T16:31:50.892922Z", "fetched_at": "2025-07-12T16:39:33.354647+00:00", "symbol": "DOGE-USD"}, {"trade_id": 138734361, "side": "sell", "size": "5.70000000", "price": "0.19496000", "time": "2025-07-12T16:31:50.837088Z", "fetched_at": "2025-07-12T16:39:33.354647+00:00", "symbol": "DOGE-USD"}, {"trade_id": 138734360, "side": "sell", "size": "5.70000000", "price": "0.19494000", "time": "2025-07-12T16:31:50.723107Z", "fetched_at": "2025-07-12T16:39:33.354647+00:00", "symbol": "DOGE-USD"}, {"trade_id": 138734359, "side": "sell", "size": "11070.30000000", "price": "0.19492000", "time": "2025-07-12T16:31:50.625194Z", "fetched_at": "2025-07-12T16:39:33.354647+00:00", "symbol": "DOGE-USD"}, {"trade_id": 138734358, "side": "buy", "size": "643.20000000", "price": "0.19489000", "time": "2025-07-12T16:31:47.700085Z", "fetched_at": "2025-07-12T16:39:33.354647+00:00", "symbol": "DOGE-USD"}, {"trade_id": 138734357, "side": "buy", "size": "8911.90000000", "price": "0.19487000", "time": "2025-07-12T16:31:42.574642Z", "fetched_at": "2025-07-12T16:39:33.354647+00:00", "symbol": "DOGE-USD"}, {"trade_id": 138734356, "side": "buy", "size": "1151.10000000", "price": "0.19487000", "time": "2025-07-12T16:31:42.574642Z", "fetched_at": "2025-07-12T16:39:33.354647+00:00", "symbol": "DOGE-USD"}, {"trade_id": 138734355, "side": "buy", "size": "3368.40000000", "price": "0.19487000", "time": "2025-07-12T16:31:42.574642Z", "fetched_at": "2025-07-12T16:39:33.354647+00:00", "symbol": "DOGE-USD"}, {"trade_id": 138734354, "side": "buy", "size": "2321.60000000", "price": "0.19487000", "time": "2025-07-12T16:31:42.574642Z", "fetched_at": "2025-07-12T16:39:33.354647+00:00", "symbol": "DOGE-USD"}, {"trade_id": 138734353, "side": "buy", "size": "1463.70000000", "price": "0.19487000", "time": "2025-07-12T16:31:42.574642Z", "fetched_at": "2025-07-12T16:39:33.354647+00:00", "symbol": "DOGE-USD"}, {"trade_id": 138734352, "side": "buy", "size": "5686.80000000", "price": "0.19488000", "time": "2025-07-12T16:31:42.574642Z", "fetched_at": "2025-07-12T16:39:33.354647+00:00", "symbol": "DOGE-USD"}, {"trade_id": 138734351, "side": "buy", "size": "4140.20000000", "price": "0.19488000", "time": "2025-07-12T16:31:42.574642Z", "fetched_at": "2025-07-12T16:39:33.354647+00:00", "symbol": "DOGE-USD"}, {"trade_id": 138734350, "side": "buy", "size": "1463.70000000", "price": "0.19488000", "time": "2025-07-12T16:31:42.574642Z", "fetched_at": "2025-07-12T16:39:33.354647+00:00", "symbol": "DOGE-USD"}, {"trade_id": 138734349, "side": "buy", "size": "823.50000000", "price": "0.19488000", "time": "2025-07-12T16:31:42.574642Z", "fetched_at": "2025-07-12T16:39:33.354647+00:00", "symbol": "DOGE-USD"}, {"trade_id": 138734348, "side": "buy", "size": "5.70000000", "price": "0.19488000", "time": "2025-07-12T16:31:42.574642Z", "fetched_at": "2025-07-12T16:39:33.354647+00:00", "symbol": "DOGE-USD"}, {"trade_id": 138734347, "side": "buy", "size": "1327.00000000", "price": "0.19489000", "time": "2025-07-12T16:31:42.574642Z", "fetched_at": "2025-07-12T16:39:33.354647+00:00", "symbol": "DOGE-USD"}, {"trade_id": 138734346, "side": "buy", "size": "3239.50000000", "price": "0.19489000", "time": "2025-07-12T16:31:42.574642Z", "fetched_at": "2025-07-12T16:39:33.354647+00:00", "symbol": "DOGE-USD"}, {"trade_id": 138734345, "side": "buy", "size": "1463.70000000", "price": "0.19489000", "time": "2025-07-12T16:31:42.574642Z", "fetched_at": "2025-07-12T16:39:33.354647+00:00", "symbol": "DOGE-USD"}, {"trade_id": 138734344, "side": "buy", "size": "1232.80000000", "price": "0.19490000", "time": "2025-07-12T16:31:42.574642Z", "fetched_at": "2025-07-12T16:39:33.354647+00:00", "symbol": "DOGE-USD"}, {"trade_id": 138734343, "side": "buy", "size": "51.40000000", "price": "0.19490000", "time": "2025-07-12T16:31:42.574642Z", "fetched_at": "2025-07-12T16:39:33.354647+00:00", "symbol": "DOGE-USD"}, {"trade_id": 138734342, "side": "buy", "size": "5.70000000", "price": "0.19490000", "time": "2025-07-12T16:31:42.574642Z", "fetched_at": "2025-07-12T16:39:33.354647+00:00", "symbol": "DOGE-USD"}, {"trade_id": 138734341, "side": "buy", "size": "643.20000000", "price": "0.19491000", "time": "2025-07-12T16:31:42.574642Z", "fetched_at": "2025-07-12T16:39:33.354647+00:00", "symbol": "DOGE-USD"}, {"trade_id": 138734340, "side": "sell", "size": "124.50000000", "price": "0.19493000", "time": "2025-07-12T16:31:37.464995Z", "fetched_at": "2025-07-12T16:39:33.354647+00:00", "symbol": "DOGE-USD"}, {"trade_id": 138734339, "side": "sell", "size": "23.10000000", "price": "0.19492000", "time": "2025-07-12T16:31:37.464995Z", "fetched_at": "2025-07-12T16:39:33.354647+00:00", "symbol": "DOGE-USD"}, {"trade_id": 138734338, "side": "sell", "size": "186.00000000", "price": "0.19493000", "time": "2025-07-12T16:31:36.495298Z", "fetched_at": "2025-07-12T16:39:33.354647+00:00", "symbol": "DOGE-USD"}, {"trade_id": 138734337, "side": "sell", "size": "208.30000000", "price": "0.19492000", "time": "2025-07-12T16:31:36.495298Z", "fetched_at": "2025-07-12T16:39:33.354647+00:00", "symbol": "DOGE-USD"}, {"trade_id": 138734336, "side": "buy", "size": "2726.20000000", "price": "0.19492000", "time": "2025-07-12T16:31:36.489447Z", "fetched_at": "2025-07-12T16:39:33.354647+00:00", "symbol": "DOGE-USD"}, {"trade_id": 138734335, "side": "buy", "size": "1463.70000000", "price": "0.19492000", "time": "2025-07-12T16:31:36.489447Z", "fetched_at": "2025-07-12T16:39:33.354647+00:00", "symbol": "DOGE-USD"}, {"trade_id": 138734334, "side": "buy", "size": "823.50000000", "price": "0.19492000", "time": "2025-07-12T16:31:36.489447Z", "fetched_at": "2025-07-12T16:39:33.354647+00:00", "symbol": "DOGE-USD"}, {"trade_id": 138734333, "side": "buy", "size": "5.70000000", "price": "0.19492000", "time": "2025-07-12T16:31:36.489447Z", "fetched_at": "2025-07-12T16:39:33.354647+00:00", "symbol": "DOGE-USD"}, {"trade_id": 138734332, "side": "buy", "size": "51.40000000", "price": "0.19493000", "time": "2025-07-12T16:31:36.489447Z", "fetched_at": "2025-07-12T16:39:33.354647+00:00", "symbol": "DOGE-USD"}, {"trade_id": 138734331, "side": "buy", "size": "643.20000000", "price": "0.19493000", "time": "2025-07-12T16:31:36.489447Z", "fetched_at": "2025-07-12T16:39:33.354647+00:00", "symbol": "DOGE-USD"}, {"trade_id": 138734330, "side": "buy", "size": "643.20000000", "price": "0.19493000", "time": "2025-07-12T16:31:32.141876Z", "fetched_at": "2025-07-12T16:39:33.354647+00:00", "symbol": "DOGE-USD"}, {"trade_id": 138734329, "side": "buy", "size": "5.70000000", "price": "0.19494000", "time": "2025-07-12T16:31:32.141876Z", "fetched_at": "2025-07-12T16:39:33.354647+00:00", "symbol": "DOGE-USD"}, {"trade_id": 138734328, "side": "sell", "size": "166.70000000", "price": "0.19495000", "time": "2025-07-12T16:31:31.486680Z", "fetched_at": "2025-07-12T16:39:33.354647+00:00", "symbol": "DOGE-USD"}, {"trade_id": 138734327, "side": "sell", "size": "262.90000000", "price": "0.19495000", "time": "2025-07-12T16:31:31.486680Z", "fetched_at": "2025-07-12T16:39:33.354647+00:00", "symbol": "DOGE-USD"}, {"trade_id": 138734326, "side": "buy", "size": "5.70000000", "price": "0.19496000", "time": "2025-07-12T16:31:30.437994Z", "fetched_at": "2025-07-12T16:39:33.354647+00:00", "symbol": "DOGE-USD"}, {"trade_id": 138734325, "side": "buy", "size": "643.20000000", "price": "0.19497000", "time": "2025-07-12T16:31:30.353965Z", "fetched_at": "2025-07-12T16:39:33.354647+00:00", "symbol": "DOGE-USD"}, {"trade_id": 138734324, "side": "buy", "size": "2000.00000000", "price": "0.19498000", "time": "2025-07-12T16:31:30.296766Z", "fetched_at": "2025-07-12T16:39:33.354647+00:00", "symbol": "DOGE-USD"}, {"trade_id": 138734323, "side": "buy", "size": "5.70000000", "price": "0.19498000", "time": "2025-07-12T16:31:30.296766Z", "fetched_at": "2025-07-12T16:39:33.354647+00:00", "symbol": "DOGE-USD"}, {"trade_id": 138734322, "side": "sell", "size": "15.70000000", "price": "0.19500000", "time": "2025-07-12T16:31:25.396340Z", "fetched_at": "2025-07-12T16:39:33.354647+00:00", "symbol": "DOGE-USD"}, {"trade_id": 138734321, "side": "sell", "size": "15.80000000", "price": "0.19499000", "time": "2025-07-12T16:31:25.303950Z", "fetched_at": "2025-07-12T16:39:33.354647+00:00", "symbol": "DOGE-USD"}, {"trade_id": 138734320, "side": "buy", "size": "182.10000000", "price": "0.19500000", "time": "2025-07-12T16:31:21.570842Z", "fetched_at": "2025-07-12T16:39:33.354647+00:00", "symbol": "DOGE-USD"}, {"trade_id": 138734319, "side": "buy", "size": "1305.40000000", "price": "0.19500000", "time": "2025-07-12T16:31:21.570842Z", "fetched_at": "2025-07-12T16:39:33.354647+00:00", "symbol": "DOGE-USD"}, {"trade_id": 138734318, "side": "buy", "size": "1427.90000000", "price": "0.19500000", "time": "2025-07-12T16:31:21.570842Z", "fetched_at": "2025-07-12T16:39:33.354647+00:00", "symbol": "DOGE-USD"}, {"trade_id": 138734317, "side": "buy", "size": "5.70000000", "price": "0.19500000", "time": "2025-07-12T16:31:21.570842Z", "fetched_at": "2025-07-12T16:39:33.354647+00:00", "symbol": "DOGE-USD"}, {"trade_id": 138734316, "side": "buy", "size": "1463.70000000", "price": "0.19501000", "time": "2025-07-12T16:31:21.570842Z", "fetched_at": "2025-07-12T16:39:33.354647+00:00", "symbol": "DOGE-USD"}, {"trade_id": 138734315, "side": "buy", "size": "51.30000000", "price": "0.19502000", "time": "2025-07-12T16:31:21.570842Z", "fetched_at": "2025-07-12T16:39:33.354647+00:00", "symbol": "DOGE-USD"}, {"trade_id": 138734314, "side": "buy", "size": "643.20000000", "price": "0.19502000", "time": "2025-07-12T16:31:21.570842Z", "fetched_at": "2025-07-12T16:39:33.354647+00:00", "symbol": "DOGE-USD"}, {"trade_id": 138734313, "side": "buy", "size": "5.70000000", "price": "0.19502000", "time": "2025-07-12T16:31:21.570842Z", "fetched_at": "2025-07-12T16:39:33.354647+00:00", "symbol": "DOGE-USD"}, {"trade_id": 138734312, "side": "buy", "size": "5.70000000", "price": "0.19504000", "time": "2025-07-12T16:31:21.570842Z", "fetched_at": "2025-07-12T16:39:33.354647+00:00", "symbol": "DOGE-USD"}, {"trade_id": 138734311, "side": "sell", "size": "12.10000000", "price": "0.19508000", "time": "2025-07-12T16:31:11.125705Z", "fetched_at": "2025-07-12T16:39:33.354647+00:00", "symbol": "DOGE-USD"}, {"trade_id": 138734310, "side": "buy", "size": "28.90000000", "price": "0.19506000", "time": "2025-07-12T16:31:04.890026Z", "fetched_at": "2025-07-12T16:39:33.354647+00:00", "symbol": "DOGE-USD"}, {"trade_id": 138734309, "side": "buy", "size": "535.40000000", "price": "0.19506000", "time": "2025-07-12T16:31:02.649028Z", "fetched_at": "2025-07-12T16:39:33.354647+00:00", "symbol": "DOGE-USD"}, {"trade_id": 138734308, "side": "buy", "size": "51.30000000", "price": "0.19507000", "time": "2025-07-12T16:31:02.649028Z", "fetched_at": "2025-07-12T16:39:33.354647+00:00", "symbol": "DOGE-USD"}, {"trade_id": 138734307, "side": "buy", "size": "1207.60000000", "price": "0.19508000", "time": "2025-07-12T16:31:02.649028Z", "fetched_at": "2025-07-12T16:39:33.354647+00:00", "symbol": "DOGE-USD"}, {"trade_id": 138734306, "side": "buy", "size": "10000.00000000", "price": "0.19508000", "time": "2025-07-12T16:31:01.746983Z", "fetched_at": "2025-07-12T16:39:33.354647+00:00", "symbol": "DOGE-USD"}, {"trade_id": 138734305, "side": "buy", "size": "2000.00000000", "price": "0.19509000", "time": "2025-07-12T16:31:01.746488Z", "fetched_at": "2025-07-12T16:39:33.354647+00:00", "symbol": "DOGE-USD"}, {"trade_id": 138734304, "side": "buy", "size": "51.30000000", "price": "0.19510000", "time": "2025-07-12T16:31:01.746488Z", "fetched_at": "2025-07-12T16:39:33.354647+00:00", "symbol": "DOGE-USD"}, {"trade_id": 138734303, "side": "buy", "size": "812.70000000", "price": "0.19508000", "time": "2025-07-12T16:30:59.890499Z", "fetched_at": "2025-07-12T16:39:33.354647+00:00", "symbol": "DOGE-USD"}, {"trade_id": 138734302, "side": "buy", "size": "51.30000000", "price": "0.19509000", "time": "2025-07-12T16:30:59.890499Z", "fetched_at": "2025-07-12T16:39:33.354647+00:00", "symbol": "DOGE-USD"}, {"trade_id": 138734301, "side": "buy", "size": "1288.90000000", "price": "0.19511000", "time": "2025-07-12T16:30:59.890499Z", "fetched_at": "2025-07-12T16:39:33.354647+00:00", "symbol": "DOGE-USD"}, {"trade_id": 138734300, "side": "sell", "size": "5.70000000", "price": "0.19512000", "time": "2025-07-12T16:30:58.427100Z", "fetched_at": "2025-07-12T16:39:33.354647+00:00", "symbol": "DOGE-USD"}, {"trade_id": 138734299, "side": "sell", "size": "5.70000000", "price": "0.19510000", "time": "2025-07-12T16:30:58.398410Z", "fetched_at": "2025-07-12T16:39:33.354647+00:00", "symbol": "DOGE-USD"}, {"trade_id": 138734298, "side": "buy", "size": "517.70000000", "price": "0.19508000", "time": "2025-07-12T16:30:57.398321Z", "fetched_at": "2025-07-12T16:39:33.354647+00:00", "symbol": "DOGE-USD"}, {"trade_id": 138734297, "side": "sell", "size": "5.70000000", "price": "0.19508000", "time": "2025-07-12T16:30:56.820435Z", "fetched_at": "2025-07-12T16:39:33.354647+00:00", "symbol": "DOGE-USD"}, {"trade_id": 138734296, "side": "sell", "size": "5.70000000", "price": "0.19510000", "time": "2025-07-12T16:30:46.535581Z", "fetched_at": "2025-07-12T16:39:33.354647+00:00", "symbol": "DOGE-USD"}, {"trade_id": 138734295, "side": "sell", "size": "5.70000000", "price": "0.19508000", "time": "2025-07-12T16:30:45.582450Z", "fetched_at": "2025-07-12T16:39:33.354647+00:00", "symbol": "DOGE-USD"}