[{"trade_id": 138731842, "side": "sell", "size": "5.70000000", "price": "0.19430000", "time": "2025-07-12T16:10:47.129309Z", "fetched_at": "2025-07-12T16:10:50.016679+00:00", "symbol": "DOGE-USD"}, {"trade_id": 138731841, "side": "sell", "size": "5.70000000", "price": "0.19428000", "time": "2025-07-12T16:10:47.108262Z", "fetched_at": "2025-07-12T16:10:50.016679+00:00", "symbol": "DOGE-USD"}, {"trade_id": 138731840, "side": "sell", "size": "1111.10000000", "price": "0.19427000", "time": "2025-07-12T16:10:47.108262Z", "fetched_at": "2025-07-12T16:10:50.016679+00:00", "symbol": "DOGE-USD"}, {"trade_id": 138731839, "side": "sell", "size": "6.40000000", "price": "0.19426000", "time": "2025-07-12T16:10:46.899107Z", "fetched_at": "2025-07-12T16:10:50.016679+00:00", "symbol": "DOGE-USD"}, {"trade_id": 138731838, "side": "sell", "size": "5.70000000", "price": "0.19426000", "time": "2025-07-12T16:10:46.899107Z", "fetched_at": "2025-07-12T16:10:50.016679+00:00", "symbol": "DOGE-USD"}, {"trade_id": 138731837, "side": "sell", "size": "496.70000000", "price": "0.19424000", "time": "2025-07-12T16:10:46.865858Z", "fetched_at": "2025-07-12T16:10:50.016679+00:00", "symbol": "DOGE-USD"}, {"trade_id": 138731836, "side": "sell", "size": "6.50000000", "price": "0.19423000", "time": "2025-07-12T16:10:46.609294Z", "fetched_at": "2025-07-12T16:10:50.016679+00:00", "symbol": "DOGE-USD"}, {"trade_id": 138731835, "side": "sell", "size": "6.60000000", "price": "0.19423000", "time": "2025-07-12T16:10:46.520033Z", "fetched_at": "2025-07-12T16:10:50.016679+00:00", "symbol": "DOGE-USD"}, {"trade_id": 138731834, "side": "sell", "size": "6.70000000", "price": "0.19423000", "time": "2025-07-12T16:10:45.963075Z", "fetched_at": "2025-07-12T16:10:50.016679+00:00", "symbol": "DOGE-USD"}, {"trade_id": 138731833, "side": "sell", "size": "183.00000000", "price": "0.19422000", "time": "2025-07-12T16:10:45.417762Z", "fetched_at": "2025-07-12T16:10:50.016679+00:00", "symbol": "DOGE-USD"}, {"trade_id": 138731832, "side": "sell", "size": "6.80000000", "price": "0.19422000", "time": "2025-07-12T16:10:45.326105Z", "fetched_at": "2025-07-12T16:10:50.016679+00:00", "symbol": "DOGE-USD"}, {"trade_id": 138731831, "side": "sell", "size": "96.60000000", "price": "0.19423000", "time": "2025-07-12T16:10:45.171398Z", "fetched_at": "2025-07-12T16:10:50.016679+00:00", "symbol": "DOGE-USD"}, {"trade_id": 138731830, "side": "sell", "size": "5.30000000", "price": "0.19422000", "time": "2025-07-12T16:10:45.171398Z", "fetched_at": "2025-07-12T16:10:50.016679+00:00", "symbol": "DOGE-USD"}, {"trade_id": 138731829, "side": "sell", "size": "6.80000000", "price": "0.19423000", "time": "2025-07-12T16:10:44.620020Z", "fetched_at": "2025-07-12T16:10:50.016679+00:00", "symbol": "DOGE-USD"}, {"trade_id": 138731828, "side": "sell", "size": "6.80000000", "price": "0.19423000", "time": "2025-07-12T16:10:44.604518Z", "fetched_at": "2025-07-12T16:10:50.016679+00:00", "symbol": "DOGE-USD"}, {"trade_id": 138731827, "side": "sell", "size": "6.80000000", "price": "0.19423000", "time": "2025-07-12T16:10:44.587844Z", "fetched_at": "2025-07-12T16:10:50.016679+00:00", "symbol": "DOGE-USD"}, {"trade_id": 138731826, "side": "sell", "size": "6.80000000", "price": "0.19423000", "time": "2025-07-12T16:10:44.536087Z", "fetched_at": "2025-07-12T16:10:50.016679+00:00", "symbol": "DOGE-USD"}, {"trade_id": 138731825, "side": "sell", "size": "183.00000000", "price": "0.19423000", "time": "2025-07-12T16:10:44.524121Z", "fetched_at": "2025-07-12T16:10:50.016679+00:00", "symbol": "DOGE-USD"}, {"trade_id": 138731824, "side": "sell", "size": "6.80000000", "price": "0.19423000", "time": "2025-07-12T16:10:44.413579Z", "fetched_at": "2025-07-12T16:10:50.016679+00:00", "symbol": "DOGE-USD"}, {"trade_id": 138731823, "side": "sell", "size": "295.60000000", "price": "0.19423000", "time": "2025-07-12T16:10:43.527842Z", "fetched_at": "2025-07-12T16:10:50.016679+00:00", "symbol": "DOGE-USD"}, {"trade_id": 138731822, "side": "buy", "size": "183.00000000", "price": "0.19423000", "time": "2025-07-12T16:10:43.523636Z", "fetched_at": "2025-07-12T16:10:50.016679+00:00", "symbol": "DOGE-USD"}, {"trade_id": 138731821, "side": "sell", "size": "6.90000000", "price": "0.19423000", "time": "2025-07-12T16:10:43.513100Z", "fetched_at": "2025-07-12T16:10:50.016679+00:00", "symbol": "DOGE-USD"}, {"trade_id": 138731820, "side": "sell", "size": "1201.00000000", "price": "0.19423000", "time": "2025-07-12T16:10:43.502814Z", "fetched_at": "2025-07-12T16:10:50.016679+00:00", "symbol": "DOGE-USD"}, {"trade_id": 138731819, "side": "sell", "size": "16.80000000", "price": "0.19427000", "time": "2025-07-12T16:10:39.348297Z", "fetched_at": "2025-07-12T16:10:50.016679+00:00", "symbol": "DOGE-USD"}, {"trade_id": 138731818, "side": "sell", "size": "651.60000000", "price": "0.19427000", "time": "2025-07-12T16:10:38.775712Z", "fetched_at": "2025-07-12T16:10:50.016679+00:00", "symbol": "DOGE-USD"}, {"trade_id": 138731817, "side": "sell", "size": "5.70000000", "price": "0.19426000", "time": "2025-07-12T16:10:38.744948Z", "fetched_at": "2025-07-12T16:10:50.016679+00:00", "symbol": "DOGE-USD"}, {"trade_id": 138731816, "side": "sell", "size": "17.80000000", "price": "0.19424000", "time": "2025-07-12T16:10:38.163737Z", "fetched_at": "2025-07-12T16:10:50.016679+00:00", "symbol": "DOGE-USD"}, {"trade_id": 138731815, "side": "buy", "size": "177.10000000", "price": "0.19422000", "time": "2025-07-12T16:10:38.049036Z", "fetched_at": "2025-07-12T16:10:50.016679+00:00", "symbol": "DOGE-USD"}, {"trade_id": 138731814, "side": "buy", "size": "1360.80000000", "price": "0.19422000", "time": "2025-07-12T16:10:38.049036Z", "fetched_at": "2025-07-12T16:10:50.016679+00:00", "symbol": "DOGE-USD"}, {"trade_id": 138731813, "side": "sell", "size": "391.10000000", "price": "0.19423000", "time": "2025-07-12T16:10:37.976055Z", "fetched_at": "2025-07-12T16:10:50.016679+00:00", "symbol": "DOGE-USD"}, {"trade_id": 138731812, "side": "sell", "size": "1371.00000000", "price": "0.19423000", "time": "2025-07-12T16:10:37.953304Z", "fetched_at": "2025-07-12T16:10:50.016679+00:00", "symbol": "DOGE-USD"}, {"trade_id": 138731811, "side": "sell", "size": "18.30000000", "price": "0.19423000", "time": "2025-07-12T16:10:37.953304Z", "fetched_at": "2025-07-12T16:10:50.016679+00:00", "symbol": "DOGE-USD"}, {"trade_id": 138731810, "side": "buy", "size": "2549.20000000", "price": "0.19421000", "time": "2025-07-12T16:10:37.670677Z", "fetched_at": "2025-07-12T16:10:50.016679+00:00", "symbol": "DOGE-USD"}, {"trade_id": 138731809, "side": "buy", "size": "1371.00000000", "price": "0.19421000", "time": "2025-07-12T16:10:37.670677Z", "fetched_at": "2025-07-12T16:10:50.016679+00:00", "symbol": "DOGE-USD"}, {"trade_id": 138731808, "side": "buy", "size": "10000.00000000", "price": "0.19421000", "time": "2025-07-12T16:10:37.670677Z", "fetched_at": "2025-07-12T16:10:50.016679+00:00", "symbol": "DOGE-USD"}, {"trade_id": 138731807, "side": "buy", "size": "651.60000000", "price": "0.19421000", "time": "2025-07-12T16:10:37.670677Z", "fetched_at": "2025-07-12T16:10:50.016679+00:00", "symbol": "DOGE-USD"}, {"trade_id": 138731806, "side": "buy", "size": "106.30000000", "price": "0.19422000", "time": "2025-07-12T16:10:37.670677Z", "fetched_at": "2025-07-12T16:10:50.016679+00:00", "symbol": "DOGE-USD"}, {"trade_id": 138731805, "side": "sell", "size": "488.20000000", "price": "0.19425000", "time": "2025-07-12T16:10:37.432519Z", "fetched_at": "2025-07-12T16:10:50.016679+00:00", "symbol": "DOGE-USD"}, {"trade_id": 138731804, "side": "sell", "size": "428.90000000", "price": "0.19424000", "time": "2025-07-12T16:10:37.372902Z", "fetched_at": "2025-07-12T16:10:50.016679+00:00", "symbol": "DOGE-USD"}, {"trade_id": 138731803, "side": "sell", "size": "183.00000000", "price": "0.19423000", "time": "2025-07-12T16:10:37.130151Z", "fetched_at": "2025-07-12T16:10:50.016679+00:00", "symbol": "DOGE-USD"}, {"trade_id": 138731802, "side": "sell", "size": "14.40000000", "price": "0.19423000", "time": "2025-07-12T16:10:36.896330Z", "fetched_at": "2025-07-12T16:10:50.016679+00:00", "symbol": "DOGE-USD"}, {"trade_id": 138731801, "side": "sell", "size": "14.80000000", "price": "0.19423000", "time": "2025-07-12T16:10:36.673722Z", "fetched_at": "2025-07-12T16:10:50.016679+00:00", "symbol": "DOGE-USD"}, {"trade_id": 138731800, "side": "sell", "size": "15.20000000", "price": "0.19423000", "time": "2025-07-12T16:10:36.468216Z", "fetched_at": "2025-07-12T16:10:50.016679+00:00", "symbol": "DOGE-USD"}, {"trade_id": 138731799, "side": "sell", "size": "15.60000000", "price": "0.19425000", "time": "2025-07-12T16:10:36.205283Z", "fetched_at": "2025-07-12T16:10:50.016679+00:00", "symbol": "DOGE-USD"}, {"trade_id": 138731798, "side": "sell", "size": "1.30000000", "price": "0.19425000", "time": "2025-07-12T16:10:36.205283Z", "fetched_at": "2025-07-12T16:10:50.016679+00:00", "symbol": "DOGE-USD"}, {"trade_id": 138731797, "side": "sell", "size": "5.70000000", "price": "0.19424000", "time": "2025-07-12T16:10:36.017949Z", "fetched_at": "2025-07-12T16:10:50.016679+00:00", "symbol": "DOGE-USD"}, {"trade_id": 138731796, "side": "sell", "size": "1482.30000000", "price": "0.19424000", "time": "2025-07-12T16:10:36.017949Z", "fetched_at": "2025-07-12T16:10:50.016679+00:00", "symbol": "DOGE-USD"}, {"trade_id": 138731795, "side": "sell", "size": "16.10000000", "price": "0.19423000", "time": "2025-07-12T16:10:35.889206Z", "fetched_at": "2025-07-12T16:10:50.016679+00:00", "symbol": "DOGE-USD"}, {"trade_id": 138731794, "side": "sell", "size": "16.10000000", "price": "0.19423000", "time": "2025-07-12T16:10:35.875093Z", "fetched_at": "2025-07-12T16:10:50.016679+00:00", "symbol": "DOGE-USD"}, {"trade_id": 138731793, "side": "sell", "size": "16.10000000", "price": "0.19423000", "time": "2025-07-12T16:10:35.855417Z", "fetched_at": "2025-07-12T16:10:50.016679+00:00", "symbol": "DOGE-USD"}, {"trade_id": 138731792, "side": "sell", "size": "16.10000000", "price": "0.19423000", "time": "2025-07-12T16:10:35.839150Z", "fetched_at": "2025-07-12T16:10:50.016679+00:00", "symbol": "DOGE-USD"}, {"trade_id": 138731791, "side": "sell", "size": "16.10000000", "price": "0.19423000", "time": "2025-07-12T16:10:35.822985Z", "fetched_at": "2025-07-12T16:10:50.016679+00:00", "symbol": "DOGE-USD"}, {"trade_id": 138731790, "side": "buy", "size": "113.20000000", "price": "0.19422000", "time": "2025-07-12T16:10:35.811983Z", "fetched_at": "2025-07-12T16:10:50.016679+00:00", "symbol": "DOGE-USD"}, {"trade_id": 138731789, "side": "sell", "size": "16.10000000", "price": "0.19422000", "time": "2025-07-12T16:10:35.806295Z", "fetched_at": "2025-07-12T16:10:50.016679+00:00", "symbol": "DOGE-USD"}, {"trade_id": 138731788, "side": "sell", "size": "471.60000000", "price": "0.19422000", "time": "2025-07-12T16:10:35.781696Z", "fetched_at": "2025-07-12T16:10:50.016679+00:00", "symbol": "DOGE-USD"}, {"trade_id": 138731787, "side": "sell", "size": "16.10000000", "price": "0.19422000", "time": "2025-07-12T16:10:35.781696Z", "fetched_at": "2025-07-12T16:10:50.016679+00:00", "symbol": "DOGE-USD"}, {"trade_id": 138731786, "side": "sell", "size": "16.10000000", "price": "0.19421000", "time": "2025-07-12T16:10:35.413660Z", "fetched_at": "2025-07-12T16:10:50.016679+00:00", "symbol": "DOGE-USD"}, {"trade_id": 138731785, "side": "sell", "size": "1185.10000000", "price": "0.19419000", "time": "2025-07-12T16:10:35.211075Z", "fetched_at": "2025-07-12T16:10:50.016679+00:00", "symbol": "DOGE-USD"}, {"trade_id": 138731784, "side": "sell", "size": "520.80000000", "price": "0.19418000", "time": "2025-07-12T16:10:34.661920Z", "fetched_at": "2025-07-12T16:10:50.016679+00:00", "symbol": "DOGE-USD"}, {"trade_id": 138731783, "side": "sell", "size": "509.50000000", "price": "0.19420000", "time": "2025-07-12T16:10:33.764536Z", "fetched_at": "2025-07-12T16:10:50.016679+00:00", "symbol": "DOGE-USD"}, {"trade_id": 138731782, "side": "sell", "size": "5.70000000", "price": "0.19420000", "time": "2025-07-12T16:10:33.410575Z", "fetched_at": "2025-07-12T16:10:50.016679+00:00", "symbol": "DOGE-USD"}, {"trade_id": 138731781, "side": "sell", "size": "19.70000000", "price": "0.19418000", "time": "2025-07-12T16:10:33.350954Z", "fetched_at": "2025-07-12T16:10:50.016679+00:00", "symbol": "DOGE-USD"}, {"trade_id": 138731780, "side": "sell", "size": "5.70000000", "price": "0.19418000", "time": "2025-07-12T16:10:33.288236Z", "fetched_at": "2025-07-12T16:10:50.016679+00:00", "symbol": "DOGE-USD"}, {"trade_id": 138731779, "side": "sell", "size": "24.20000000", "price": "0.19415000", "time": "2025-07-12T16:10:33.251540Z", "fetched_at": "2025-07-12T16:10:50.016679+00:00", "symbol": "DOGE-USD"}, {"trade_id": 138731778, "side": "sell", "size": "596.30000000", "price": "0.19411000", "time": "2025-07-12T16:10:33.221431Z", "fetched_at": "2025-07-12T16:10:50.016679+00:00", "symbol": "DOGE-USD"}, {"trade_id": 138731777, "side": "sell", "size": "24.20000000", "price": "0.19413000", "time": "2025-07-12T16:10:33.216043Z", "fetched_at": "2025-07-12T16:10:50.016679+00:00", "symbol": "DOGE-USD"}, {"trade_id": 138731776, "side": "sell", "size": "651.60000000", "price": "0.19413000", "time": "2025-07-12T16:10:33.216043Z", "fetched_at": "2025-07-12T16:10:50.016679+00:00", "symbol": "DOGE-USD"}, {"trade_id": 138731775, "side": "sell", "size": "24.90000000", "price": "0.19410000", "time": "2025-07-12T16:10:32.613793Z", "fetched_at": "2025-07-12T16:10:50.016679+00:00", "symbol": "DOGE-USD"}, {"trade_id": 138731774, "side": "sell", "size": "659.20000000", "price": "0.19410000", "time": "2025-07-12T16:10:32.206217Z", "fetched_at": "2025-07-12T16:10:50.016679+00:00", "symbol": "DOGE-USD"}, {"trade_id": 138731773, "side": "sell", "size": "22.60000000", "price": "0.19408000", "time": "2025-07-12T16:10:31.471021Z", "fetched_at": "2025-07-12T16:10:50.016679+00:00", "symbol": "DOGE-USD"}, {"trade_id": 138731772, "side": "buy", "size": "18.30000000", "price": "0.19407000", "time": "2025-07-12T16:10:31.163777Z", "fetched_at": "2025-07-12T16:10:50.016679+00:00", "symbol": "DOGE-USD"}, {"trade_id": 138731771, "side": "buy", "size": "5.70000000", "price": "0.19408000", "time": "2025-07-12T16:10:31.163777Z", "fetched_at": "2025-07-12T16:10:50.016679+00:00", "symbol": "DOGE-USD"}, {"trade_id": 138731770, "side": "buy", "size": "3343.00000000", "price": "0.19409000", "time": "2025-07-12T16:10:30.318255Z", "fetched_at": "2025-07-12T16:10:50.016679+00:00", "symbol": "DOGE-USD"}, {"trade_id": 138731769, "side": "buy", "size": "5.70000000", "price": "0.19410000", "time": "2025-07-12T16:10:30.318255Z", "fetched_at": "2025-07-12T16:10:50.016679+00:00", "symbol": "DOGE-USD"}, {"trade_id": 138731768, "side": "buy", "size": "5.70000000", "price": "0.19412000", "time": "2025-07-12T16:10:30.078612Z", "fetched_at": "2025-07-12T16:10:50.016679+00:00", "symbol": "DOGE-USD"}, {"trade_id": 138731767, "side": "buy", "size": "5.70000000", "price": "0.19414000", "time": "2025-07-12T16:10:29.596072Z", "fetched_at": "2025-07-12T16:10:50.016679+00:00", "symbol": "DOGE-USD"}, {"trade_id": 138731766, "side": "buy", "size": "5.70000000", "price": "0.19416000", "time": "2025-07-12T16:10:28.787097Z", "fetched_at": "2025-07-12T16:10:50.016679+00:00", "symbol": "DOGE-USD"}, {"trade_id": 138731765, "side": "buy", "size": "5.70000000", "price": "0.19418000", "time": "2025-07-12T16:10:28.443307Z", "fetched_at": "2025-07-12T16:10:50.016679+00:00", "symbol": "DOGE-USD"}, {"trade_id": 138731764, "side": "sell", "size": "86.10000000", "price": "0.19419000", "time": "2025-07-12T16:10:27.762994Z", "fetched_at": "2025-07-12T16:10:50.016679+00:00", "symbol": "DOGE-USD"}, {"trade_id": 138731763, "side": "buy", "size": "0.10000000", "price": "0.19419000", "time": "2025-07-12T16:10:26.917007Z", "fetched_at": "2025-07-12T16:10:50.016679+00:00", "symbol": "DOGE-USD"}, {"trade_id": 138731762, "side": "buy", "size": "330.60000000", "price": "0.19420000", "time": "2025-07-12T16:10:26.913699Z", "fetched_at": "2025-07-12T16:10:50.016679+00:00", "symbol": "DOGE-USD"}, {"trade_id": 138731761, "side": "buy", "size": "494.90000000", "price": "0.19420000", "time": "2025-07-12T16:10:26.410709Z", "fetched_at": "2025-07-12T16:10:50.016679+00:00", "symbol": "DOGE-USD"}, {"trade_id": 138731760, "side": "buy", "size": "106.30000000", "price": "0.19421000", "time": "2025-07-12T16:10:26.410709Z", "fetched_at": "2025-07-12T16:10:50.016679+00:00", "symbol": "DOGE-USD"}, {"trade_id": 138731759, "side": "sell", "size": "18.40000000", "price": "0.19422000", "time": "2025-07-12T16:10:26.374325Z", "fetched_at": "2025-07-12T16:10:50.016679+00:00", "symbol": "DOGE-USD"}, {"trade_id": 138731758, "side": "buy", "size": "5.70000000", "price": "0.19420000", "time": "2025-07-12T16:10:25.393358Z", "fetched_at": "2025-07-12T16:10:50.016679+00:00", "symbol": "DOGE-USD"}, {"trade_id": 138731757, "side": "buy", "size": "5.70000000", "price": "0.19422000", "time": "2025-07-12T16:10:25.303560Z", "fetched_at": "2025-07-12T16:10:50.016679+00:00", "symbol": "DOGE-USD"}, {"trade_id": 138731756, "side": "buy", "size": "651.60000000", "price": "0.19423000", "time": "2025-07-12T16:10:24.956515Z", "fetched_at": "2025-07-12T16:10:50.016679+00:00", "symbol": "DOGE-USD"}, {"trade_id": 138731755, "side": "buy", "size": "10783.30000000", "price": "0.19423000", "time": "2025-07-12T16:10:24.956515Z", "fetched_at": "2025-07-12T16:10:50.016679+00:00", "symbol": "DOGE-USD"}, {"trade_id": 138731754, "side": "buy", "size": "1371.00000000", "price": "0.19423000", "time": "2025-07-12T16:10:24.956515Z", "fetched_at": "2025-07-12T16:10:50.016679+00:00", "symbol": "DOGE-USD"}, {"trade_id": 138731753, "side": "buy", "size": "106.30000000", "price": "0.19424000", "time": "2025-07-12T16:10:24.956515Z", "fetched_at": "2025-07-12T16:10:50.016679+00:00", "symbol": "DOGE-USD"}, {"trade_id": 138731752, "side": "sell", "size": "17.10000000", "price": "0.19428000", "time": "2025-07-12T16:10:23.937585Z", "fetched_at": "2025-07-12T16:10:50.016679+00:00", "symbol": "DOGE-USD"}, {"trade_id": 138731751, "side": "sell", "size": "5.70000000", "price": "0.19428000", "time": "2025-07-12T16:10:22.920215Z", "fetched_at": "2025-07-12T16:10:50.016679+00:00", "symbol": "DOGE-USD"}, {"trade_id": 138731750, "side": "sell", "size": "16.10000000", "price": "0.19426000", "time": "2025-07-12T16:10:21.527080Z", "fetched_at": "2025-07-12T16:10:50.016679+00:00", "symbol": "DOGE-USD"}, {"trade_id": 138731749, "side": "sell", "size": "16.50000000", "price": "0.19426000", "time": "2025-07-12T16:10:21.398867Z", "fetched_at": "2025-07-12T16:10:50.016679+00:00", "symbol": "DOGE-USD"}, {"trade_id": 138731748, "side": "sell", "size": "16.90000000", "price": "0.19425000", "time": "2025-07-12T16:10:20.730690Z", "fetched_at": "2025-07-12T16:10:50.016679+00:00", "symbol": "DOGE-USD"}, {"trade_id": 138731747, "side": "sell", "size": "1192.30000000", "price": "0.19426000", "time": "2025-07-12T16:10:20.614736Z", "fetched_at": "2025-07-12T16:10:50.016679+00:00", "symbol": "DOGE-USD"}, {"trade_id": 138731746, "side": "sell", "size": "5.70000000", "price": "0.19426000", "time": "2025-07-12T16:10:20.614736Z", "fetched_at": "2025-07-12T16:10:50.016679+00:00", "symbol": "DOGE-USD"}, {"trade_id": 138731745, "side": "sell", "size": "16.90000000", "price": "0.19424000", "time": "2025-07-12T16:10:20.025292Z", "fetched_at": "2025-07-12T16:10:50.016679+00:00", "symbol": "DOGE-USD"}, {"trade_id": 138731744, "side": "buy", "size": "492.00000000", "price": "0.19423000", "time": "2025-07-12T16:10:19.749059Z", "fetched_at": "2025-07-12T16:10:50.016679+00:00", "symbol": "DOGE-USD"}, {"trade_id": 138731743, "side": "sell", "size": "12.70000000", "price": "0.19423000", "time": "2025-07-12T16:10:19.650655Z", "fetched_at": "2025-07-12T16:10:50.016679+00:00", "symbol": "DOGE-USD"}, {"trade_id": 138731742, "side": "sell", "size": "183.00000000", "price": "0.19421000", "time": "2025-07-12T16:10:19.179103Z", "fetched_at": "2025-07-12T16:10:50.016679+00:00", "symbol": "DOGE-USD"}, {"trade_id": 138731741, "side": "sell", "size": "13.40000000", "price": "0.19423000", "time": "2025-07-12T16:10:17.036854Z", "fetched_at": "2025-07-12T16:10:50.016679+00:00", "symbol": "DOGE-USD"}, {"trade_id": 138731740, "side": "buy", "size": "242.90000000", "price": "0.19420000", "time": "2025-07-12T16:10:15.686214Z", "fetched_at": "2025-07-12T16:10:50.016679+00:00", "symbol": "DOGE-USD"}, {"trade_id": 138731739, "side": "sell", "size": "374.30000000", "price": "0.19422000", "time": "2025-07-12T16:10:15.516393Z", "fetched_at": "2025-07-12T16:10:50.016679+00:00", "symbol": "DOGE-USD"}, {"trade_id": 138731738, "side": "buy", "size": "51.80000000", "price": "0.19421000", "time": "2025-07-12T16:10:15.491187Z", "fetched_at": "2025-07-12T16:10:50.016679+00:00", "symbol": "DOGE-USD"}, {"trade_id": 138731737, "side": "sell", "size": "14.20000000", "price": "0.19420000", "time": "2025-07-12T16:10:14.598245Z", "fetched_at": "2025-07-12T16:10:50.016679+00:00", "symbol": "DOGE-USD"}, {"trade_id": 138731736, "side": "sell", "size": "14.20000000", "price": "0.19420000", "time": "2025-07-12T16:10:14.587782Z", "fetched_at": "2025-07-12T16:10:50.016679+00:00", "symbol": "DOGE-USD"}, {"trade_id": 138731735, "side": "sell", "size": "1195.10000000", "price": "0.19424000", "time": "2025-07-12T16:10:14.229085Z", "fetched_at": "2025-07-12T16:10:50.016679+00:00", "symbol": "DOGE-USD"}, {"trade_id": 138731734, "side": "sell", "size": "262.90000000", "price": "0.19422000", "time": "2025-07-12T16:10:14.229085Z", "fetched_at": "2025-07-12T16:10:50.016679+00:00", "symbol": "DOGE-USD"}, {"trade_id": 138731733, "side": "buy", "size": "19154.70000000", "price": "0.19422000", "time": "2025-07-12T16:10:14.220416Z", "fetched_at": "2025-07-12T16:10:50.016679+00:00", "symbol": "DOGE-USD"}, {"trade_id": 138731732, "side": "buy", "size": "651.60000000", "price": "0.19423000", "time": "2025-07-12T16:10:14.220416Z", "fetched_at": "2025-07-12T16:10:50.016679+00:00", "symbol": "DOGE-USD"}, {"trade_id": 138731731, "side": "sell", "size": "7.80000000", "price": "0.19424000", "time": "2025-07-12T16:10:14.218004Z", "fetched_at": "2025-07-12T16:10:50.016679+00:00", "symbol": "DOGE-USD"}, {"trade_id": 138731730, "side": "sell", "size": "7.80000000", "price": "0.19424000", "time": "2025-07-12T16:10:14.201756Z", "fetched_at": "2025-07-12T16:10:50.016679+00:00", "symbol": "DOGE-USD"}, {"trade_id": 138731729, "side": "sell", "size": "7.80000000", "price": "0.19424000", "time": "2025-07-12T16:10:14.185576Z", "fetched_at": "2025-07-12T16:10:50.016679+00:00", "symbol": "DOGE-USD"}, {"trade_id": 138731728, "side": "sell", "size": "7.80000000", "price": "0.19424000", "time": "2025-07-12T16:10:14.170099Z", "fetched_at": "2025-07-12T16:10:50.016679+00:00", "symbol": "DOGE-USD"}, {"trade_id": 138731727, "side": "sell", "size": "7.80000000", "price": "0.19424000", "time": "2025-07-12T16:10:14.156530Z", "fetched_at": "2025-07-12T16:10:50.016679+00:00", "symbol": "DOGE-USD"}, {"trade_id": 138731726, "side": "sell", "size": "7.80000000", "price": "0.19424000", "time": "2025-07-12T16:10:14.144707Z", "fetched_at": "2025-07-12T16:10:50.016679+00:00", "symbol": "DOGE-USD"}, {"trade_id": 138731725, "side": "sell", "size": "5.70000000", "price": "0.19424000", "time": "2025-07-12T16:10:13.545930Z", "fetched_at": "2025-07-12T16:10:50.016679+00:00", "symbol": "DOGE-USD"}, {"trade_id": 138731724, "side": "sell", "size": "2141.70000000", "price": "0.19423000", "time": "2025-07-12T16:10:13.531285Z", "fetched_at": "2025-07-12T16:10:50.016679+00:00", "symbol": "DOGE-USD"}, {"trade_id": 138731723, "side": "sell", "size": "7.80000000", "price": "0.19422000", "time": "2025-07-12T16:10:13.516608Z", "fetched_at": "2025-07-12T16:10:50.016679+00:00", "symbol": "DOGE-USD"}, {"trade_id": 138731722, "side": "sell", "size": "7.80000000", "price": "0.19422000", "time": "2025-07-12T16:10:13.483882Z", "fetched_at": "2025-07-12T16:10:50.016679+00:00", "symbol": "DOGE-USD"}, {"trade_id": 138731721, "side": "sell", "size": "7.80000000", "price": "0.19421000", "time": "2025-07-12T16:10:13.409207Z", "fetched_at": "2025-07-12T16:10:50.016679+00:00", "symbol": "DOGE-USD"}, {"trade_id": 138731720, "side": "sell", "size": "7.80000000", "price": "0.19421000", "time": "2025-07-12T16:10:13.393218Z", "fetched_at": "2025-07-12T16:10:50.016679+00:00", "symbol": "DOGE-USD"}, {"trade_id": 138731719, "side": "sell", "size": "7.80000000", "price": "0.19421000", "time": "2025-07-12T16:10:13.378909Z", "fetched_at": "2025-07-12T16:10:50.016679+00:00", "symbol": "DOGE-USD"}, {"trade_id": 138731718, "side": "sell", "size": "7.80000000", "price": "0.19421000", "time": "2025-07-12T16:10:13.361652Z", "fetched_at": "2025-07-12T16:10:50.016679+00:00", "symbol": "DOGE-USD"}, {"trade_id": 138731717, "side": "sell", "size": "7.80000000", "price": "0.19421000", "time": "2025-07-12T16:10:13.352035Z", "fetched_at": "2025-07-12T16:10:50.016679+00:00", "symbol": "DOGE-USD"}, {"trade_id": 138731716, "side": "sell", "size": "407.90000000", "price": "0.19420000", "time": "2025-07-12T16:10:13.335876Z", "fetched_at": "2025-07-12T16:10:50.016679+00:00", "symbol": "DOGE-USD"}, {"trade_id": 138731715, "side": "sell", "size": "1011.20000000", "price": "0.19420000", "time": "2025-07-12T16:10:12.742836Z", "fetched_at": "2025-07-12T16:10:50.016679+00:00", "symbol": "DOGE-USD"}, {"trade_id": 138731714, "side": "sell", "size": "7.80000000", "price": "0.19419000", "time": "2025-07-12T16:10:12.742836Z", "fetched_at": "2025-07-12T16:10:50.016679+00:00", "symbol": "DOGE-USD"}, {"trade_id": 138731713, "side": "buy", "size": "25.70000000", "price": "0.19418000", "time": "2025-07-12T16:10:12.475602Z", "fetched_at": "2025-07-12T16:10:50.016679+00:00", "symbol": "DOGE-USD"}, {"trade_id": 138731712, "side": "sell", "size": "262.90000000", "price": "0.19413000", "time": "2025-07-12T16:10:11.849224Z", "fetched_at": "2025-07-12T16:10:50.016679+00:00", "symbol": "DOGE-USD"}, {"trade_id": 138731711, "side": "buy", "size": "5.70000000", "price": "0.19416000", "time": "2025-07-12T16:10:11.748808Z", "fetched_at": "2025-07-12T16:10:50.016679+00:00", "symbol": "DOGE-USD"}, {"trade_id": 138731710, "side": "buy", "size": "5.70000000", "price": "0.19418000", "time": "2025-07-12T16:10:11.637330Z", "fetched_at": "2025-07-12T16:10:50.016679+00:00", "symbol": "DOGE-USD"}, {"trade_id": 138731709, "side": "buy", "size": "77.20000000", "price": "0.19419000", "time": "2025-07-12T16:10:11.567963Z", "fetched_at": "2025-07-12T16:10:50.016679+00:00", "symbol": "DOGE-USD"}, {"trade_id": 138731708, "side": "buy", "size": "10505.40000000", "price": "0.19419000", "time": "2025-07-12T16:10:11.567963Z", "fetched_at": "2025-07-12T16:10:50.016679+00:00", "symbol": "DOGE-USD"}, {"trade_id": 138731707, "side": "buy", "size": "1371.00000000", "price": "0.19419000", "time": "2025-07-12T16:10:11.567963Z", "fetched_at": "2025-07-12T16:10:50.016679+00:00", "symbol": "DOGE-USD"}, {"trade_id": 138731706, "side": "buy", "size": "5.70000000", "price": "0.19420000", "time": "2025-07-12T16:10:11.567963Z", "fetched_at": "2025-07-12T16:10:50.016679+00:00", "symbol": "DOGE-USD"}, {"trade_id": 138731705, "side": "sell", "size": "0.10000000", "price": "0.19421000", "time": "2025-07-12T16:10:11.454459Z", "fetched_at": "2025-07-12T16:10:50.016679+00:00", "symbol": "DOGE-USD"}, {"trade_id": 138731704, "side": "sell", "size": "183.00000000", "price": "0.19425000", "time": "2025-07-12T16:10:10.344175Z", "fetched_at": "2025-07-12T16:10:50.016679+00:00", "symbol": "DOGE-USD"}, {"trade_id": 138731703, "side": "sell", "size": "7.80000000", "price": "0.19427000", "time": "2025-07-12T16:10:10.174250Z", "fetched_at": "2025-07-12T16:10:50.016679+00:00", "symbol": "DOGE-USD"}, {"trade_id": 138731702, "side": "sell", "size": "7.80000000", "price": "0.19427000", "time": "2025-07-12T16:10:10.158285Z", "fetched_at": "2025-07-12T16:10:50.016679+00:00", "symbol": "DOGE-USD"}, {"trade_id": 138731701, "side": "sell", "size": "7.80000000", "price": "0.19427000", "time": "2025-07-12T16:10:10.096957Z", "fetched_at": "2025-07-12T16:10:50.016679+00:00", "symbol": "DOGE-USD"}, {"trade_id": 138731700, "side": "sell", "size": "7.80000000", "price": "0.19427000", "time": "2025-07-12T16:10:10.080415Z", "fetched_at": "2025-07-12T16:10:50.016679+00:00", "symbol": "DOGE-USD"}, {"trade_id": 138731699, "side": "sell", "size": "7.80000000", "price": "0.19426000", "time": "2025-07-12T16:10:09.634185Z", "fetched_at": "2025-07-12T16:10:50.016679+00:00", "symbol": "DOGE-USD"}, {"trade_id": 138731698, "side": "sell", "size": "362.40000000", "price": "0.19426000", "time": "2025-07-12T16:10:09.614373Z", "fetched_at": "2025-07-12T16:10:50.016679+00:00", "symbol": "DOGE-USD"}, {"trade_id": 138731697, "side": "sell", "size": "7.80000000", "price": "0.19426000", "time": "2025-07-12T16:10:09.604273Z", "fetched_at": "2025-07-12T16:10:50.016679+00:00", "symbol": "DOGE-USD"}, {"trade_id": 138731696, "side": "sell", "size": "7.80000000", "price": "0.19426000", "time": "2025-07-12T16:10:09.587506Z", "fetched_at": "2025-07-12T16:10:50.016679+00:00", "symbol": "DOGE-USD"}, {"trade_id": 138731695, "side": "sell", "size": "7.80000000", "price": "0.19426000", "time": "2025-07-12T16:10:09.571696Z", "fetched_at": "2025-07-12T16:10:50.016679+00:00", "symbol": "DOGE-USD"}, {"trade_id": 138731694, "side": "sell", "size": "7.80000000", "price": "0.19426000", "time": "2025-07-12T16:10:09.554601Z", "fetched_at": "2025-07-12T16:10:50.016679+00:00", "symbol": "DOGE-USD"}, {"trade_id": 138731693, "side": "buy", "size": "48.80000000", "price": "0.19427000", "time": "2025-07-12T16:10:09.099085Z", "fetched_at": "2025-07-12T16:10:50.016679+00:00", "symbol": "DOGE-USD"}, {"trade_id": 138731692, "side": "sell", "size": "7.80000000", "price": "0.19427000", "time": "2025-07-12T16:10:08.990183Z", "fetched_at": "2025-07-12T16:10:50.016679+00:00", "symbol": "DOGE-USD"}, {"trade_id": 138731691, "side": "sell", "size": "7.80000000", "price": "0.19427000", "time": "2025-07-12T16:10:08.973957Z", "fetched_at": "2025-07-12T16:10:50.016679+00:00", "symbol": "DOGE-USD"}, {"trade_id": 138731690, "side": "sell", "size": "7.80000000", "price": "0.19427000", "time": "2025-07-12T16:10:08.957868Z", "fetched_at": "2025-07-12T16:10:50.016679+00:00", "symbol": "DOGE-USD"}, {"trade_id": 138731689, "side": "sell", "size": "7.80000000", "price": "0.19427000", "time": "2025-07-12T16:10:08.940442Z", "fetched_at": "2025-07-12T16:10:50.016679+00:00", "symbol": "DOGE-USD"}, {"trade_id": 138731688, "side": "sell", "size": "7.80000000", "price": "0.19427000", "time": "2025-07-12T16:10:08.919214Z", "fetched_at": "2025-07-12T16:10:50.016679+00:00", "symbol": "DOGE-USD"}, {"trade_id": 138731687, "side": "sell", "size": "7.80000000", "price": "0.19425000", "time": "2025-07-12T16:10:08.723601Z", "fetched_at": "2025-07-12T16:10:50.016679+00:00", "symbol": "DOGE-USD"}, {"trade_id": 138731686, "side": "sell", "size": "1243.90000000", "price": "0.19426000", "time": "2025-07-12T16:10:08.408455Z", "fetched_at": "2025-07-12T16:10:50.016679+00:00", "symbol": "DOGE-USD"}, {"trade_id": 138731685, "side": "sell", "size": "7.80000000", "price": "0.19426000", "time": "2025-07-12T16:10:08.383323Z", "fetched_at": "2025-07-12T16:10:50.016679+00:00", "symbol": "DOGE-USD"}, {"trade_id": 138731684, "side": "sell", "size": "7.80000000", "price": "0.19426000", "time": "2025-07-12T16:10:08.364580Z", "fetched_at": "2025-07-12T16:10:50.016679+00:00", "symbol": "DOGE-USD"}, {"trade_id": 138731683, "side": "buy", "size": "34.70000000", "price": "0.19429000", "time": "2025-07-12T16:10:06.684937Z", "fetched_at": "2025-07-12T16:10:50.016679+00:00", "symbol": "DOGE-USD"}, {"trade_id": 138731682, "side": "sell", "size": "7.80000000", "price": "0.19430000", "time": "2025-07-12T16:10:06.321582Z", "fetched_at": "2025-07-12T16:10:50.016679+00:00", "symbol": "DOGE-USD"}, {"trade_id": 138731681, "side": "sell", "size": "7.80000000", "price": "0.19431000", "time": "2025-07-12T16:10:06.129303Z", "fetched_at": "2025-07-12T16:10:50.016679+00:00", "symbol": "DOGE-USD"}, {"trade_id": 138731680, "side": "sell", "size": "301.40000000", "price": "0.19431000", "time": "2025-07-12T16:10:06.129303Z", "fetched_at": "2025-07-12T16:10:50.016679+00:00", "symbol": "DOGE-USD"}, {"trade_id": 138731679, "side": "sell", "size": "1881.60000000", "price": "0.19428000", "time": "2025-07-12T16:10:05.491620Z", "fetched_at": "2025-07-12T16:10:50.016679+00:00", "symbol": "DOGE-USD"}, {"trade_id": 138731678, "side": "sell", "size": "262.90000000", "price": "0.19429000", "time": "2025-07-12T16:10:05.316820Z", "fetched_at": "2025-07-12T16:10:50.016679+00:00", "symbol": "DOGE-USD"}, {"trade_id": 138731677, "side": "buy", "size": "77.20000000", "price": "0.19428000", "time": "2025-07-12T16:10:05.314883Z", "fetched_at": "2025-07-12T16:10:50.016679+00:00", "symbol": "DOGE-USD"}, {"trade_id": 138731676, "side": "buy", "size": "651.60000000", "price": "0.19429000", "time": "2025-07-12T16:10:05.314270Z", "fetched_at": "2025-07-12T16:10:50.016679+00:00", "symbol": "DOGE-USD"}, {"trade_id": 138731675, "side": "sell", "size": "7.80000000", "price": "0.19429000", "time": "2025-07-12T16:10:04.859129Z", "fetched_at": "2025-07-12T16:10:50.016679+00:00", "symbol": "DOGE-USD"}, {"trade_id": 138731674, "side": "sell", "size": "7.80000000", "price": "0.19429000", "time": "2025-07-12T16:10:04.798621Z", "fetched_at": "2025-07-12T16:10:50.016679+00:00", "symbol": "DOGE-USD"}, {"trade_id": 138731673, "side": "sell", "size": "321.40000000", "price": "0.19429000", "time": "2025-07-12T16:10:04.798621Z", "fetched_at": "2025-07-12T16:10:50.016679+00:00", "symbol": "DOGE-USD"}, {"trade_id": 138731672, "side": "sell", "size": "7.80000000", "price": "0.19429000", "time": "2025-07-12T16:10:04.788485Z", "fetched_at": "2025-07-12T16:10:50.016679+00:00", "symbol": "DOGE-USD"}, {"trade_id": 138731671, "side": "sell", "size": "262.90000000", "price": "0.19430000", "time": "2025-07-12T16:10:04.380864Z", "fetched_at": "2025-07-12T16:10:50.016679+00:00", "symbol": "DOGE-USD"}, {"trade_id": 138731670, "side": "buy", "size": "76.90000000", "price": "0.19431000", "time": "2025-07-12T16:10:04.374322Z", "fetched_at": "2025-07-12T16:10:50.016679+00:00", "symbol": "DOGE-USD"}, {"trade_id": 138731669, "side": "buy", "size": "651.60000000", "price": "0.19432000", "time": "2025-07-12T16:10:04.373168Z", "fetched_at": "2025-07-12T16:10:50.016679+00:00", "symbol": "DOGE-USD"}, {"trade_id": 138731668, "side": "sell", "size": "1172.50000000", "price": "0.19433000", "time": "2025-07-12T16:10:04.371881Z", "fetched_at": "2025-07-12T16:10:50.016679+00:00", "symbol": "DOGE-USD"}, {"trade_id": 138731667, "side": "buy", "size": "33.20000000", "price": "0.19432000", "time": "2025-07-12T16:10:04.226020Z", "fetched_at": "2025-07-12T16:10:50.016679+00:00", "symbol": "DOGE-USD"}, {"trade_id": 138731666, "side": "sell", "size": "7.70000000", "price": "0.19433000", "time": "2025-07-12T16:10:04.181612Z", "fetched_at": "2025-07-12T16:10:50.016679+00:00", "symbol": "DOGE-USD"}, {"trade_id": 138731665, "side": "sell", "size": "64.10000000", "price": "0.19433000", "time": "2025-07-12T16:10:04.181612Z", "fetched_at": "2025-07-12T16:10:50.016679+00:00", "symbol": "DOGE-USD"}, {"trade_id": 138731664, "side": "sell", "size": "64.20000000", "price": "0.19432000", "time": "2025-07-12T16:10:04.171579Z", "fetched_at": "2025-07-12T16:10:50.016679+00:00", "symbol": "DOGE-USD"}, {"trade_id": 138731663, "side": "sell", "size": "5.70000000", "price": "0.19432000", "time": "2025-07-12T16:10:04.171579Z", "fetched_at": "2025-07-12T16:10:50.016679+00:00", "symbol": "DOGE-USD"}, {"trade_id": 138731662, "side": "sell", "size": "7.70000000", "price": "0.19430000", "time": "2025-07-12T16:10:04.102031Z", "fetched_at": "2025-07-12T16:10:50.016679+00:00", "symbol": "DOGE-USD"}, {"trade_id": 138731661, "side": "sell", "size": "69.20000000", "price": "0.19431000", "time": "2025-07-12T16:10:03.695834Z", "fetched_at": "2025-07-12T16:10:50.016679+00:00", "symbol": "DOGE-USD"}, {"trade_id": 138731660, "side": "sell", "size": "202.80000000", "price": "0.19430000", "time": "2025-07-12T16:10:03.684345Z", "fetched_at": "2025-07-12T16:10:50.016679+00:00", "symbol": "DOGE-USD"}, {"trade_id": 138731659, "side": "sell", "size": "0.10000000", "price": "0.19430000", "time": "2025-07-12T16:10:03.684345Z", "fetched_at": "2025-07-12T16:10:50.016679+00:00", "symbol": "DOGE-USD"}, {"trade_id": 138731658, "side": "sell", "size": "7.80000000", "price": "0.19429000", "time": "2025-07-12T16:10:03.628124Z", "fetched_at": "2025-07-12T16:10:50.016679+00:00", "symbol": "DOGE-USD"}, {"trade_id": 138731657, "side": "sell", "size": "7.80000000", "price": "0.19429000", "time": "2025-07-12T16:10:03.610620Z", "fetched_at": "2025-07-12T16:10:50.016679+00:00", "symbol": "DOGE-USD"}, {"trade_id": 138731656, "side": "sell", "size": "331.50000000", "price": "0.19429000", "time": "2025-07-12T16:10:03.610620Z", "fetched_at": "2025-07-12T16:10:50.016679+00:00", "symbol": "DOGE-USD"}, {"trade_id": 138731655, "side": "buy", "size": "356.90000000", "price": "0.19428000", "time": "2025-07-12T16:10:03.582284Z", "fetched_at": "2025-07-12T16:10:50.016679+00:00", "symbol": "DOGE-USD"}, {"trade_id": 138731654, "side": "sell", "size": "211.80000000", "price": "0.19428000", "time": "2025-07-12T16:10:03.279200Z", "fetched_at": "2025-07-12T16:10:50.016679+00:00", "symbol": "DOGE-USD"}, {"trade_id": 138731653, "side": "sell", "size": "135.90000000", "price": "0.19428000", "time": "2025-07-12T16:10:03.279200Z", "fetched_at": "2025-07-12T16:10:50.016679+00:00", "symbol": "DOGE-USD"}, {"trade_id": 138731652, "side": "sell", "size": "5.70000000", "price": "0.19428000", "time": "2025-07-12T16:10:03.279200Z", "fetched_at": "2025-07-12T16:10:50.016679+00:00", "symbol": "DOGE-USD"}, {"trade_id": 138731651, "side": "sell", "size": "156.60000000", "price": "0.19427000", "time": "2025-07-12T16:10:03.279200Z", "fetched_at": "2025-07-12T16:10:50.016679+00:00", "symbol": "DOGE-USD"}, {"trade_id": 138731650, "side": "buy", "size": "39.80000000", "price": "0.19422000", "time": "2025-07-12T16:10:03.048543Z", "fetched_at": "2025-07-12T16:10:50.016679+00:00", "symbol": "DOGE-USD"}, {"trade_id": 138731649, "side": "sell", "size": "17328.60000000", "price": "0.19426000", "time": "2025-07-12T16:10:02.948319Z", "fetched_at": "2025-07-12T16:10:50.016679+00:00", "symbol": "DOGE-USD"}, {"trade_id": 138731648, "side": "sell", "size": "1371.00000000", "price": "0.19426000", "time": "2025-07-12T16:10:02.948319Z", "fetched_at": "2025-07-12T16:10:50.016679+00:00", "symbol": "DOGE-USD"}, {"trade_id": 138731647, "side": "sell", "size": "208.30000000", "price": "0.19426000", "time": "2025-07-12T16:10:02.948319Z", "fetched_at": "2025-07-12T16:10:50.016679+00:00", "symbol": "DOGE-USD"}, {"trade_id": 138731646, "side": "sell", "size": "1865.00000000", "price": "0.19425000", "time": "2025-07-12T16:10:02.945495Z", "fetched_at": "2025-07-12T16:10:50.016679+00:00", "symbol": "DOGE-USD"}, {"trade_id": 138731645, "side": "sell", "size": "1371.00000000", "price": "0.19425000", "time": "2025-07-12T16:10:02.945495Z", "fetched_at": "2025-07-12T16:10:50.016679+00:00", "symbol": "DOGE-USD"}, {"trade_id": 138731644, "side": "sell", "size": "100.20000000", "price": "0.19425000", "time": "2025-07-12T16:10:02.945495Z", "fetched_at": "2025-07-12T16:10:50.016679+00:00", "symbol": "DOGE-USD"}, {"trade_id": 138731643, "side": "sell", "size": "33.00000000", "price": "0.19424000", "time": "2025-07-12T16:10:02.942807Z", "fetched_at": "2025-07-12T16:10:50.016679+00:00", "symbol": "DOGE-USD"}, {"trade_id": 138731642, "side": "sell", "size": "5.70000000", "price": "0.19424000", "time": "2025-07-12T16:10:02.942807Z", "fetched_at": "2025-07-12T16:10:50.016679+00:00", "symbol": "DOGE-USD"}, {"trade_id": 138731641, "side": "sell", "size": "5.70000000", "price": "0.19422000", "time": "2025-07-12T16:10:02.843860Z", "fetched_at": "2025-07-12T16:10:50.016679+00:00", "symbol": "DOGE-USD"}, {"trade_id": 138731640, "side": "sell", "size": "2.60000000", "price": "0.19421000", "time": "2025-07-12T16:10:02.843860Z", "fetched_at": "2025-07-12T16:10:50.016679+00:00", "symbol": "DOGE-USD"}, {"trade_id": 138731639, "side": "sell", "size": "5.70000000", "price": "0.19421000", "time": "2025-07-12T16:10:02.831975Z", "fetched_at": "2025-07-12T16:10:50.016679+00:00", "symbol": "DOGE-USD"}, {"trade_id": 138731638, "side": "sell", "size": "8.30000000", "price": "0.19421000", "time": "2025-07-12T16:10:02.769043Z", "fetched_at": "2025-07-12T16:10:50.016679+00:00", "symbol": "DOGE-USD"}, {"trade_id": 138731637, "side": "sell", "size": "5.70000000", "price": "0.19420000", "time": "2025-07-12T16:10:02.756917Z", "fetched_at": "2025-07-12T16:10:50.016679+00:00", "symbol": "DOGE-USD"}, {"trade_id": 138731636, "side": "sell", "size": "8.30000000", "price": "0.19419000", "time": "2025-07-12T16:10:02.687877Z", "fetched_at": "2025-07-12T16:10:50.016679+00:00", "symbol": "DOGE-USD"}, {"trade_id": 138731635, "side": "sell", "size": "8.30000000", "price": "0.19419000", "time": "2025-07-12T16:10:02.671832Z", "fetched_at": "2025-07-12T16:10:50.016679+00:00", "symbol": "DOGE-USD"}, {"trade_id": 138731634, "side": "sell", "size": "8.30000000", "price": "0.19418000", "time": "2025-07-12T16:10:02.606250Z", "fetched_at": "2025-07-12T16:10:50.016679+00:00", "symbol": "DOGE-USD"}, {"trade_id": 138731633, "side": "sell", "size": "5.70000000", "price": "0.19418000", "time": "2025-07-12T16:10:02.520683Z", "fetched_at": "2025-07-12T16:10:50.016679+00:00", "symbol": "DOGE-USD"}, {"trade_id": 138731632, "side": "sell", "size": "8.80000000", "price": "0.19417000", "time": "2025-07-12T16:10:02.415120Z", "fetched_at": "2025-07-12T16:10:50.016679+00:00", "symbol": "DOGE-USD"}, {"trade_id": 138731631, "side": "buy", "size": "360.90000000", "price": "0.19416000", "time": "2025-07-12T16:10:02.100505Z", "fetched_at": "2025-07-12T16:10:50.016679+00:00", "symbol": "DOGE-USD"}, {"trade_id": 138731630, "side": "buy", "size": "57.30000000", "price": "0.19415000", "time": "2025-07-12T16:10:01.998217Z", "fetched_at": "2025-07-12T16:10:50.016679+00:00", "symbol": "DOGE-USD"}, {"trade_id": 138731629, "side": "sell", "size": "5.70000000", "price": "0.19416000", "time": "2025-07-12T16:10:01.903837Z", "fetched_at": "2025-07-12T16:10:50.016679+00:00", "symbol": "DOGE-USD"}, {"trade_id": 138731628, "side": "sell", "size": "8.90000000", "price": "0.19415000", "time": "2025-07-12T16:10:01.887334Z", "fetched_at": "2025-07-12T16:10:50.016679+00:00", "symbol": "DOGE-USD"}, {"trade_id": 138731627, "side": "sell", "size": "8.90000000", "price": "0.19414000", "time": "2025-07-12T16:10:01.859518Z", "fetched_at": "2025-07-12T16:10:50.016679+00:00", "symbol": "DOGE-USD"}, {"trade_id": 138731626, "side": "sell", "size": "5.70000000", "price": "0.19414000", "time": "2025-07-12T16:10:01.859518Z", "fetched_at": "2025-07-12T16:10:50.016679+00:00", "symbol": "DOGE-USD"}, {"trade_id": 138731625, "side": "sell", "size": "5.70000000", "price": "0.19412000", "time": "2025-07-12T16:10:01.758661Z", "fetched_at": "2025-07-12T16:10:50.016679+00:00", "symbol": "DOGE-USD"}, {"trade_id": 138731624, "side": "buy", "size": "265.00000000", "price": "0.19410000", "time": "2025-07-12T16:10:01.609163Z", "fetched_at": "2025-07-12T16:10:50.016679+00:00", "symbol": "DOGE-USD"}, {"trade_id": 138731623, "side": "buy", "size": "651.60000000", "price": "0.19411000", "time": "2025-07-12T16:10:01.609163Z", "fetched_at": "2025-07-12T16:10:50.016679+00:00", "symbol": "DOGE-USD"}, {"trade_id": 138731622, "side": "sell", "size": "5.70000000", "price": "0.19410000", "time": "2025-07-12T16:10:01.434985Z", "fetched_at": "2025-07-12T16:10:50.016679+00:00", "symbol": "DOGE-USD"}, {"trade_id": 138731621, "side": "sell", "size": "9.40000000", "price": "0.19409000", "time": "2025-07-12T16:10:01.416922Z", "fetched_at": "2025-07-12T16:10:50.016679+00:00", "symbol": "DOGE-USD"}, {"trade_id": 138731620, "side": "sell", "size": "5.70000000", "price": "0.19408000", "time": "2025-07-12T16:10:01.318009Z", "fetched_at": "2025-07-12T16:10:50.016679+00:00", "symbol": "DOGE-USD"}, {"trade_id": 138731619, "side": "sell", "size": "2108.00000000", "price": "0.19407000", "time": "2025-07-12T16:10:01.305978Z", "fetched_at": "2025-07-12T16:10:50.016679+00:00", "symbol": "DOGE-USD"}, {"trade_id": 138731618, "side": "sell", "size": "9.50000000", "price": "0.19406000", "time": "2025-07-12T16:10:01.248174Z", "fetched_at": "2025-07-12T16:10:50.016679+00:00", "symbol": "DOGE-USD"}, {"trade_id": 138731617, "side": "sell", "size": "9.50000000", "price": "0.19405000", "time": "2025-07-12T16:10:01.060112Z", "fetched_at": "2025-07-12T16:10:50.016679+00:00", "symbol": "DOGE-USD"}, {"trade_id": 138731616, "side": "sell", "size": "390.30000000", "price": "0.19404000", "time": "2025-07-12T16:10:01.032815Z", "fetched_at": "2025-07-12T16:10:50.016679+00:00", "symbol": "DOGE-USD"}, {"trade_id": 138731615, "side": "buy", "size": "27.50000000", "price": "0.19406000", "time": "2025-07-12T16:09:59.535280Z", "fetched_at": "2025-07-12T16:10:50.016679+00:00", "symbol": "DOGE-USD"}, {"trade_id": 138731614, "side": "buy", "size": "416.30000000", "price": "0.19406000", "time": "2025-07-12T16:09:59.461052Z", "fetched_at": "2025-07-12T16:10:50.016679+00:00", "symbol": "DOGE-USD"}, {"trade_id": 138731613, "side": "sell", "size": "9.70000000", "price": "0.19406000", "time": "2025-07-12T16:09:59.352528Z", "fetched_at": "2025-07-12T16:10:50.016679+00:00", "symbol": "DOGE-USD"}, {"trade_id": 138731612, "side": "sell", "size": "25.80000000", "price": "0.19405000", "time": "2025-07-12T16:09:59.342709Z", "fetched_at": "2025-07-12T16:10:50.016679+00:00", "symbol": "DOGE-USD"}, {"trade_id": 138731611, "side": "sell", "size": "448.70000000", "price": "0.19404000", "time": "2025-07-12T16:09:58.236306Z", "fetched_at": "2025-07-12T16:10:50.016679+00:00", "symbol": "DOGE-USD"}, {"trade_id": 138731610, "side": "sell", "size": "1406.60000000", "price": "0.19403000", "time": "2025-07-12T16:09:58.117078Z", "fetched_at": "2025-07-12T16:10:50.016679+00:00", "symbol": "DOGE-USD"}, {"trade_id": 138731609, "side": "sell", "size": "486.80000000", "price": "0.19403000", "time": "2025-07-12T16:09:57.284034Z", "fetched_at": "2025-07-12T16:10:50.016679+00:00", "symbol": "DOGE-USD"}, {"trade_id": 138731608, "side": "sell", "size": "105.20000000", "price": "0.19403000", "time": "2025-07-12T16:09:56.926564Z", "fetched_at": "2025-07-12T16:10:50.016679+00:00", "symbol": "DOGE-USD"}, {"trade_id": 138731607, "side": "sell", "size": "183.00000000", "price": "0.19403000", "time": "2025-07-12T16:09:56.926564Z", "fetched_at": "2025-07-12T16:10:50.016679+00:00", "symbol": "DOGE-USD"}, {"trade_id": 138731606, "side": "sell", "size": "262.90000000", "price": "0.19403000", "time": "2025-07-12T16:09:56.926564Z", "fetched_at": "2025-07-12T16:10:50.016679+00:00", "symbol": "DOGE-USD"}, {"trade_id": 138731605, "side": "buy", "size": "651.60000000", "price": "0.19404000", "time": "2025-07-12T16:09:56.905045Z", "fetched_at": "2025-07-12T16:10:50.016679+00:00", "symbol": "DOGE-USD"}, {"trade_id": 138731604, "side": "buy", "size": "5.70000000", "price": "0.19404000", "time": "2025-07-12T16:09:56.905045Z", "fetched_at": "2025-07-12T16:10:50.016679+00:00", "symbol": "DOGE-USD"}, {"trade_id": 138731603, "side": "buy", "size": "5.70000000", "price": "0.19406000", "time": "2025-07-12T16:09:56.526226Z", "fetched_at": "2025-07-12T16:10:50.016679+00:00", "symbol": "DOGE-USD"}, {"trade_id": 138731602, "side": "buy", "size": "107.30000000", "price": "0.19407000", "time": "2025-07-12T16:09:56.152324Z", "fetched_at": "2025-07-12T16:10:50.016679+00:00", "symbol": "DOGE-USD"}, {"trade_id": 138731601, "side": "buy", "size": "27.00000000", "price": "0.19408000", "time": "2025-07-12T16:09:55.784101Z", "fetched_at": "2025-07-12T16:10:50.016679+00:00", "symbol": "DOGE-USD"}, {"trade_id": 138731600, "side": "sell", "size": "467.40000000", "price": "0.19410000", "time": "2025-07-12T16:09:54.373363Z", "fetched_at": "2025-07-12T16:10:50.016679+00:00", "symbol": "DOGE-USD"}, {"trade_id": 138731599, "side": "buy", "size": "53.10000000", "price": "0.19409000", "time": "2025-07-12T16:09:53.612125Z", "fetched_at": "2025-07-12T16:10:50.016679+00:00", "symbol": "DOGE-USD"}, {"trade_id": 138731598, "side": "buy", "size": "19174.10000000", "price": "0.19408000", "time": "2025-07-12T16:09:52.952229Z", "fetched_at": "2025-07-12T16:10:50.016679+00:00", "symbol": "DOGE-USD"}, {"trade_id": 138731597, "side": "buy", "size": "11614.90000000", "price": "0.19409000", "time": "2025-07-12T16:09:52.951664Z", "fetched_at": "2025-07-12T16:10:50.016679+00:00", "symbol": "DOGE-USD"}, {"trade_id": 138731596, "side": "buy", "size": "1371.00000000", "price": "0.19409000", "time": "2025-07-12T16:09:52.951664Z", "fetched_at": "2025-07-12T16:10:50.016679+00:00", "symbol": "DOGE-USD"}, {"trade_id": 138731595, "side": "buy", "size": "107.20000000", "price": "0.19409000", "time": "2025-07-12T16:09:52.951664Z", "fetched_at": "2025-07-12T16:10:50.016679+00:00", "symbol": "DOGE-USD"}, {"trade_id": 138731594, "side": "buy", "size": "651.60000000", "price": "0.19409000", "time": "2025-07-12T16:09:52.951664Z", "fetched_at": "2025-07-12T16:10:50.016679+00:00", "symbol": "DOGE-USD"}, {"trade_id": 138731593, "side": "sell", "size": "262.90000000", "price": "0.19409000", "time": "2025-07-12T16:09:52.630662Z", "fetched_at": "2025-07-12T16:10:50.016679+00:00", "symbol": "DOGE-USD"}, {"trade_id": 138731592, "side": "buy", "size": "107.20000000", "price": "0.19410000", "time": "2025-07-12T16:09:52.503485Z", "fetched_at": "2025-07-12T16:10:50.016679+00:00", "symbol": "DOGE-USD"}, {"trade_id": 138731591, "side": "buy", "size": "4521.90000000", "price": "0.19410000", "time": "2025-07-12T16:09:52.503485Z", "fetched_at": "2025-07-12T16:10:50.016679+00:00", "symbol": "DOGE-USD"}, {"trade_id": 138731590, "side": "buy", "size": "1371.00000000", "price": "0.19410000", "time": "2025-07-12T16:09:52.503485Z", "fetched_at": "2025-07-12T16:10:50.016679+00:00", "symbol": "DOGE-USD"}, {"trade_id": 138731589, "side": "buy", "size": "651.60000000", "price": "0.19411000", "time": "2025-07-12T16:09:52.503485Z", "fetched_at": "2025-07-12T16:10:50.016679+00:00", "symbol": "DOGE-USD"}, {"trade_id": 138731588, "side": "sell", "size": "1265.90000000", "price": "0.19413000", "time": "2025-07-12T16:09:52.077429Z", "fetched_at": "2025-07-12T16:10:50.016679+00:00", "symbol": "DOGE-USD"}, {"trade_id": 138731587, "side": "sell", "size": "183.00000000", "price": "0.19413000", "time": "2025-07-12T16:09:52.017862Z", "fetched_at": "2025-07-12T16:10:50.016679+00:00", "symbol": "DOGE-USD"}, {"trade_id": 138731586, "side": "sell", "size": "183.00000000", "price": "0.19413000", "time": "2025-07-12T16:09:51.916659Z", "fetched_at": "2025-07-12T16:10:50.016679+00:00", "symbol": "DOGE-USD"}, {"trade_id": 138731585, "side": "sell", "size": "1417.60000000", "price": "0.19413000", "time": "2025-07-12T16:09:51.799969Z", "fetched_at": "2025-07-12T16:10:50.016679+00:00", "symbol": "DOGE-USD"}, {"trade_id": 138731584, "side": "sell", "size": "1351.40000000", "price": "0.19413000", "time": "2025-07-12T16:09:51.799969Z", "fetched_at": "2025-07-12T16:10:50.016679+00:00", "symbol": "DOGE-USD"}, {"trade_id": 138731583, "side": "sell", "size": "262.90000000", "price": "0.19414000", "time": "2025-07-12T16:09:51.142735Z", "fetched_at": "2025-07-12T16:10:50.016679+00:00", "symbol": "DOGE-USD"}, {"trade_id": 138731582, "side": "sell", "size": "7514.50000000", "price": "0.19418000", "time": "2025-07-12T16:09:51.087967Z", "fetched_at": "2025-07-12T16:10:50.016679+00:00", "symbol": "DOGE-USD"}, {"trade_id": 138731581, "side": "sell", "size": "2088.50000000", "price": "0.19418000", "time": "2025-07-12T16:09:51.087967Z", "fetched_at": "2025-07-12T16:10:50.016679+00:00", "symbol": "DOGE-USD"}, {"trade_id": 138731580, "side": "sell", "size": "1371.00000000", "price": "0.19418000", "time": "2025-07-12T16:09:51.087967Z", "fetched_at": "2025-07-12T16:10:50.016679+00:00", "symbol": "DOGE-USD"}, {"trade_id": 138731579, "side": "sell", "size": "3775.30000000", "price": "0.19416000", "time": "2025-07-12T16:09:51.087967Z", "fetched_at": "2025-07-12T16:10:50.016679+00:00", "symbol": "DOGE-USD"}, {"trade_id": 138731578, "side": "sell", "size": "2285.50000000", "price": "0.19415000", "time": "2025-07-12T16:09:51.087967Z", "fetched_at": "2025-07-12T16:10:50.016679+00:00", "symbol": "DOGE-USD"}, {"trade_id": 138731577, "side": "sell", "size": "5227.90000000", "price": "0.19417000", "time": "2025-07-12T16:09:51.076583Z", "fetched_at": "2025-07-12T16:10:50.016679+00:00", "symbol": "DOGE-USD"}, {"trade_id": 138731576, "side": "sell", "size": "5.50000000", "price": "0.19411000", "time": "2025-07-12T16:09:51.076583Z", "fetched_at": "2025-07-12T16:10:50.016679+00:00", "symbol": "DOGE-USD"}, {"trade_id": 138731575, "side": "sell", "size": "2259.80000000", "price": "0.19416000", "time": "2025-07-12T16:09:51.060883Z", "fetched_at": "2025-07-12T16:10:50.016679+00:00", "symbol": "DOGE-USD"}, {"trade_id": 138731574, "side": "sell", "size": "1371.00000000", "price": "0.19416000", "time": "2025-07-12T16:09:51.060883Z", "fetched_at": "2025-07-12T16:10:50.016679+00:00", "symbol": "DOGE-USD"}, {"trade_id": 138731573, "side": "sell", "size": "5.70000000", "price": "0.19416000", "time": "2025-07-12T16:09:51.060883Z", "fetched_at": "2025-07-12T16:10:50.016679+00:00", "symbol": "DOGE-USD"}, {"trade_id": 138731572, "side": "sell", "size": "24860.20000000", "price": "0.19416000", "time": "2025-07-12T16:09:51.060883Z", "fetched_at": "2025-07-12T16:10:50.016679+00:00", "symbol": "DOGE-USD"}, {"trade_id": 138731571, "side": "sell", "size": "5227.90000000", "price": "0.19416000", "time": "2025-07-12T16:09:51.060883Z", "fetched_at": "2025-07-12T16:10:50.016679+00:00", "symbol": "DOGE-USD"}, {"trade_id": 138731570, "side": "sell", "size": "3776.20000000", "price": "0.19415000", "time": "2025-07-12T16:09:51.059177Z", "fetched_at": "2025-07-12T16:10:50.016679+00:00", "symbol": "DOGE-USD"}, {"trade_id": 138731569, "side": "sell", "size": "5227.90000000", "price": "0.19415000", "time": "2025-07-12T16:09:51.059177Z", "fetched_at": "2025-07-12T16:10:50.016679+00:00", "symbol": "DOGE-USD"}, {"trade_id": 138731568, "side": "sell", "size": "4238.90000000", "price": "0.19414000", "time": "2025-07-12T16:09:51.053410Z", "fetched_at": "2025-07-12T16:10:50.016679+00:00", "symbol": "DOGE-USD"}, {"trade_id": 138731567, "side": "sell", "size": "19020.70000000", "price": "0.19414000", "time": "2025-07-12T16:09:51.053410Z", "fetched_at": "2025-07-12T16:10:50.016679+00:00", "symbol": "DOGE-USD"}, {"trade_id": 138731566, "side": "sell", "size": "1313.80000000", "price": "0.19414000", "time": "2025-07-12T16:09:51.053410Z", "fetched_at": "2025-07-12T16:10:50.016679+00:00", "symbol": "DOGE-USD"}, {"trade_id": 138731565, "side": "sell", "size": "2088.50000000", "price": "0.19414000", "time": "2025-07-12T16:09:51.053410Z", "fetched_at": "2025-07-12T16:10:50.016679+00:00", "symbol": "DOGE-USD"}, {"trade_id": 138731564, "side": "sell", "size": "5.70000000", "price": "0.19414000", "time": "2025-07-12T16:09:51.053410Z", "fetched_at": "2025-07-12T16:10:50.016679+00:00", "symbol": "DOGE-USD"}, {"trade_id": 138731563, "side": "sell", "size": "1371.00000000", "price": "0.19414000", "time": "2025-07-12T16:09:51.053410Z", "fetched_at": "2025-07-12T16:10:50.016679+00:00", "symbol": "DOGE-USD"}, {"trade_id": 138731562, "side": "sell", "size": "1293.60000000", "price": "0.19413000", "time": "2025-07-12T16:09:51.051405Z", "fetched_at": "2025-07-12T16:10:50.016679+00:00", "symbol": "DOGE-USD"}, {"trade_id": 138731561, "side": "sell", "size": "1371.00000000", "price": "0.19413000", "time": "2025-07-12T16:09:51.051405Z", "fetched_at": "2025-07-12T16:10:50.016679+00:00", "symbol": "DOGE-USD"}, {"trade_id": 138731560, "side": "sell", "size": "1919.60000000", "price": "0.19413000", "time": "2025-07-12T16:09:51.051405Z", "fetched_at": "2025-07-12T16:10:50.016679+00:00", "symbol": "DOGE-USD"}, {"trade_id": 138731559, "side": "sell", "size": "2854.30000000", "price": "0.19412000", "time": "2025-07-12T16:09:51.048577Z", "fetched_at": "2025-07-12T16:10:50.016679+00:00", "symbol": "DOGE-USD"}, {"trade_id": 138731558, "side": "sell", "size": "2567.80000000", "price": "0.19410000", "time": "2025-07-12T16:09:51.048577Z", "fetched_at": "2025-07-12T16:10:50.016679+00:00", "symbol": "DOGE-USD"}, {"trade_id": 138731557, "side": "sell", "size": "651.60000000", "price": "0.19410000", "time": "2025-07-12T16:09:51.048577Z", "fetched_at": "2025-07-12T16:10:50.016679+00:00", "symbol": "DOGE-USD"}, {"trade_id": 138731556, "side": "sell", "size": "1371.00000000", "price": "0.19408000", "time": "2025-07-12T16:09:51.048577Z", "fetched_at": "2025-07-12T16:10:50.016679+00:00", "symbol": "DOGE-USD"}, {"trade_id": 138731555, "side": "sell", "size": "1449.60000000", "price": "0.19412000", "time": "2025-07-12T16:09:51.041620Z", "fetched_at": "2025-07-12T16:10:50.016679+00:00", "symbol": "DOGE-USD"}, {"trade_id": 138731554, "side": "sell", "size": "5185.00000000", "price": "0.19412000", "time": "2025-07-12T16:09:51.041620Z", "fetched_at": "2025-07-12T16:10:50.016679+00:00", "symbol": "DOGE-USD"}, {"trade_id": 138731553, "side": "sell", "size": "6912.40000000", "price": "0.19412000", "time": "2025-07-12T16:09:51.041620Z", "fetched_at": "2025-07-12T16:10:50.016679+00:00", "symbol": "DOGE-USD"}, {"trade_id": 138731552, "side": "sell", "size": "5.70000000", "price": "0.19412000", "time": "2025-07-12T16:09:51.041620Z", "fetched_at": "2025-07-12T16:10:50.016679+00:00", "symbol": "DOGE-USD"}, {"trade_id": 138731551, "side": "sell", "size": "2253.90000000", "price": "0.19412000", "time": "2025-07-12T16:09:51.041620Z", "fetched_at": "2025-07-12T16:10:50.016679+00:00", "symbol": "DOGE-USD"}, {"trade_id": 138731550, "side": "sell", "size": "1371.00000000", "price": "0.19412000", "time": "2025-07-12T16:09:51.041620Z", "fetched_at": "2025-07-12T16:10:50.016679+00:00", "symbol": "DOGE-USD"}, {"trade_id": 138731549, "side": "sell", "size": "2343.50000000", "price": "0.19411000", "time": "2025-07-12T16:09:51.041620Z", "fetched_at": "2025-07-12T16:10:50.016679+00:00", "symbol": "DOGE-USD"}, {"trade_id": 138731548, "side": "sell", "size": "5185.00000000", "price": "0.19411000", "time": "2025-07-12T16:09:51.041620Z", "fetched_at": "2025-07-12T16:10:50.016679+00:00", "symbol": "DOGE-USD"}, {"trade_id": 138731547, "side": "sell", "size": "1371.00000000", "price": "0.19411000", "time": "2025-07-12T16:09:51.041620Z", "fetched_at": "2025-07-12T16:10:50.016679+00:00", "symbol": "DOGE-USD"}, {"trade_id": 138731546, "side": "sell", "size": "1568.60000000", "price": "0.19410000", "time": "2025-07-12T16:09:51.041620Z", "fetched_at": "2025-07-12T16:10:50.016679+00:00", "symbol": "DOGE-USD"}, {"trade_id": 138731545, "side": "sell", "size": "2693.30000000", "price": "0.19410000", "time": "2025-07-12T16:09:51.038514Z", "fetched_at": "2025-07-12T16:10:50.016679+00:00", "symbol": "DOGE-USD"}, {"trade_id": 138731544, "side": "sell", "size": "651.60000000", "price": "0.19410000", "time": "2025-07-12T16:09:51.038514Z", "fetched_at": "2025-07-12T16:10:50.016679+00:00", "symbol": "DOGE-USD"}, {"trade_id": 138731543, "side": "sell", "size": "1371.00000000", "price": "0.19410000", "time": "2025-07-12T16:09:51.038514Z", "fetched_at": "2025-07-12T16:10:50.016679+00:00", "symbol": "DOGE-USD"}, {"trade_id": 138731542, "side": "sell", "size": "5.70000000", "price": "0.19410000", "time": "2025-07-12T16:09:51.038514Z", "fetched_at": "2025-07-12T16:10:50.016679+00:00", "symbol": "DOGE-USD"}, {"trade_id": 138731541, "side": "sell", "size": "3776.20000000", "price": "0.19409000", "time": "2025-07-12T16:09:51.038514Z", "fetched_at": "2025-07-12T16:10:50.016679+00:00", "symbol": "DOGE-USD"}, {"trade_id": 138731540, "side": "sell", "size": "2688.40000000", "price": "0.19409000", "time": "2025-07-12T16:09:51.038514Z", "fetched_at": "2025-07-12T16:10:50.016679+00:00", "symbol": "DOGE-USD"}, {"trade_id": 138731539, "side": "sell", "size": "1371.00000000", "price": "0.19409000", "time": "2025-07-12T16:09:51.038514Z", "fetched_at": "2025-07-12T16:10:50.016679+00:00", "symbol": "DOGE-USD"}, {"trade_id": 138731538, "side": "sell", "size": "1371.00000000", "price": "0.19408000", "time": "2025-07-12T16:09:51.036973Z", "fetched_at": "2025-07-12T16:10:50.016679+00:00", "symbol": "DOGE-USD"}, {"trade_id": 138731537, "side": "sell", "size": "5.70000000", "price": "0.19408000", "time": "2025-07-12T16:09:51.036973Z", "fetched_at": "2025-07-12T16:10:50.016679+00:00", "symbol": "DOGE-USD"}, {"trade_id": 138731536, "side": "sell", "size": "437.90000000", "price": "0.19407000", "time": "2025-07-12T16:09:51.036973Z", "fetched_at": "2025-07-12T16:10:50.016679+00:00", "symbol": "DOGE-USD"}, {"trade_id": 138731535, "side": "sell", "size": "5.50000000", "price": "0.19406000", "time": "2025-07-12T16:09:51.036973Z", "fetched_at": "2025-07-12T16:10:50.016679+00:00", "symbol": "DOGE-USD"}, {"trade_id": 138731534, "side": "buy", "size": "33.90000000", "price": "0.19405000", "time": "2025-07-12T16:09:50.933570Z", "fetched_at": "2025-07-12T16:10:50.016679+00:00", "symbol": "DOGE-USD"}, {"trade_id": 138731533, "side": "sell", "size": "6.70000000", "price": "0.19406000", "time": "2025-07-12T16:09:50.008257Z", "fetched_at": "2025-07-12T16:10:50.016679+00:00", "symbol": "DOGE-USD"}, {"trade_id": 138731532, "side": "sell", "size": "6.70000000", "price": "0.19406000", "time": "2025-07-12T16:09:49.991806Z", "fetched_at": "2025-07-12T16:10:50.016679+00:00", "symbol": "DOGE-USD"}, {"trade_id": 138731531, "side": "sell", "size": "6.70000000", "price": "0.19406000", "time": "2025-07-12T16:09:49.975678Z", "fetched_at": "2025-07-12T16:10:50.016679+00:00", "symbol": "DOGE-USD"}, {"trade_id": 138731530, "side": "sell", "size": "6.70000000", "price": "0.19406000", "time": "2025-07-12T16:09:49.959929Z", "fetched_at": "2025-07-12T16:10:50.016679+00:00", "symbol": "DOGE-USD"}, {"trade_id": 138731529, "side": "sell", "size": "6.70000000", "price": "0.19406000", "time": "2025-07-12T16:09:49.943374Z", "fetched_at": "2025-07-12T16:10:50.016679+00:00", "symbol": "DOGE-USD"}, {"trade_id": 138731528, "side": "sell", "size": "6.70000000", "price": "0.19406000", "time": "2025-07-12T16:09:49.912354Z", "fetched_at": "2025-07-12T16:10:50.016679+00:00", "symbol": "DOGE-USD"}, {"trade_id": 138731527, "side": "sell", "size": "6.70000000", "price": "0.19406000", "time": "2025-07-12T16:09:49.897112Z", "fetched_at": "2025-07-12T16:10:50.016679+00:00", "symbol": "DOGE-USD"}, {"trade_id": 138731526, "side": "sell", "size": "6.70000000", "price": "0.19406000", "time": "2025-07-12T16:09:49.881040Z", "fetched_at": "2025-07-12T16:10:50.016679+00:00", "symbol": "DOGE-USD"}, {"trade_id": 138731525, "side": "sell", "size": "6.70000000", "price": "0.19406000", "time": "2025-07-12T16:09:49.867278Z", "fetched_at": "2025-07-12T16:10:50.016679+00:00", "symbol": "DOGE-USD"}, {"trade_id": 138731524, "side": "sell", "size": "6.70000000", "price": "0.19406000", "time": "2025-07-12T16:09:49.851861Z", "fetched_at": "2025-07-12T16:10:50.016679+00:00", "symbol": "DOGE-USD"}, {"trade_id": 138731523, "side": "buy", "size": "499.00000000", "price": "0.19406000", "time": "2025-07-12T16:09:49.148908Z", "fetched_at": "2025-07-12T16:10:50.016679+00:00", "symbol": "DOGE-USD"}, {"trade_id": 138731522, "side": "sell", "size": "6.90000000", "price": "0.19407000", "time": "2025-07-12T16:09:49.068802Z", "fetched_at": "2025-07-12T16:10:50.016679+00:00", "symbol": "DOGE-USD"}, {"trade_id": 138731521, "side": "sell", "size": "9.00000000", "price": "0.19406000", "time": "2025-07-12T16:09:48.871934Z", "fetched_at": "2025-07-12T16:10:50.016679+00:00", "symbol": "DOGE-USD"}, {"trade_id": 138731520, "side": "sell", "size": "9.00000000", "price": "0.19406000", "time": "2025-07-12T16:09:48.859451Z", "fetched_at": "2025-07-12T16:10:50.016679+00:00", "symbol": "DOGE-USD"}, {"trade_id": 138731519, "side": "sell", "size": "9.00000000", "price": "0.19406000", "time": "2025-07-12T16:09:48.832611Z", "fetched_at": "2025-07-12T16:10:50.016679+00:00", "symbol": "DOGE-USD"}, {"trade_id": 138731518, "side": "sell", "size": "5.70000000", "price": "0.19406000", "time": "2025-07-12T16:09:48.832611Z", "fetched_at": "2025-07-12T16:10:50.016679+00:00", "symbol": "DOGE-USD"}, {"trade_id": 138731517, "side": "sell", "size": "9.00000000", "price": "0.19405000", "time": "2025-07-12T16:09:48.750859Z", "fetched_at": "2025-07-12T16:10:50.016679+00:00", "symbol": "DOGE-USD"}, {"trade_id": 138731516, "side": "sell", "size": "9.00000000", "price": "0.19405000", "time": "2025-07-12T16:09:48.735248Z", "fetched_at": "2025-07-12T16:10:50.016679+00:00", "symbol": "DOGE-USD"}, {"trade_id": 138731515, "side": "sell", "size": "9.00000000", "price": "0.19405000", "time": "2025-07-12T16:09:48.720370Z", "fetched_at": "2025-07-12T16:10:50.016679+00:00", "symbol": "DOGE-USD"}, {"trade_id": 138731514, "side": "sell", "size": "9.00000000", "price": "0.19405000", "time": "2025-07-12T16:09:48.703053Z", "fetched_at": "2025-07-12T16:10:50.016679+00:00", "symbol": "DOGE-USD"}, {"trade_id": 138731513, "side": "sell", "size": "9.00000000", "price": "0.19405000", "time": "2025-07-12T16:09:48.687344Z", "fetched_at": "2025-07-12T16:10:50.016679+00:00", "symbol": "DOGE-USD"}, {"trade_id": 138731512, "side": "sell", "size": "12.80000000", "price": "0.19405000", "time": "2025-07-12T16:09:48.672316Z", "fetched_at": "2025-07-12T16:10:50.016679+00:00", "symbol": "DOGE-USD"}, {"trade_id": 138731511, "side": "sell", "size": "12.80000000", "price": "0.19405000", "time": "2025-07-12T16:09:48.655761Z", "fetched_at": "2025-07-12T16:10:50.016679+00:00", "symbol": "DOGE-USD"}, {"trade_id": 138731510, "side": "sell", "size": "12.80000000", "price": "0.19405000", "time": "2025-07-12T16:09:48.640779Z", "fetched_at": "2025-07-12T16:10:50.016679+00:00", "symbol": "DOGE-USD"}, {"trade_id": 138731509, "side": "buy", "size": "17.50000000", "price": "0.19404000", "time": "2025-07-12T16:09:48.629698Z", "fetched_at": "2025-07-12T16:10:50.016679+00:00", "symbol": "DOGE-USD"}, {"trade_id": 138731508, "side": "sell", "size": "12.80000000", "price": "0.19405000", "time": "2025-07-12T16:09:48.624825Z", "fetched_at": "2025-07-12T16:10:50.016679+00:00", "symbol": "DOGE-USD"}, {"trade_id": 138731507, "side": "sell", "size": "12.80000000", "price": "0.19405000", "time": "2025-07-12T16:09:48.608246Z", "fetched_at": "2025-07-12T16:10:50.016679+00:00", "symbol": "DOGE-USD"}, {"trade_id": 138731506, "side": "sell", "size": "12.80000000", "price": "0.19405000", "time": "2025-07-12T16:09:48.592806Z", "fetched_at": "2025-07-12T16:10:50.016679+00:00", "symbol": "DOGE-USD"}, {"trade_id": 138731505, "side": "sell", "size": "12.80000000", "price": "0.19405000", "time": "2025-07-12T16:09:48.577438Z", "fetched_at": "2025-07-12T16:10:50.016679+00:00", "symbol": "DOGE-USD"}, {"trade_id": 138731504, "side": "sell", "size": "12.80000000", "price": "0.19405000", "time": "2025-07-12T16:09:48.560277Z", "fetched_at": "2025-07-12T16:10:50.016679+00:00", "symbol": "DOGE-USD"}, {"trade_id": 138731503, "side": "sell", "size": "12.80000000", "price": "0.19405000", "time": "2025-07-12T16:09:48.339254Z", "fetched_at": "2025-07-12T16:10:50.016679+00:00", "symbol": "DOGE-USD"}, {"trade_id": 138731502, "side": "sell", "size": "12.80000000", "price": "0.19405000", "time": "2025-07-12T16:09:48.282169Z", "fetched_at": "2025-07-12T16:10:50.016679+00:00", "symbol": "DOGE-USD"}, {"trade_id": 138731501, "side": "sell", "size": "12.80000000", "price": "0.19405000", "time": "2025-07-12T16:09:48.251828Z", "fetched_at": "2025-07-12T16:10:50.016679+00:00", "symbol": "DOGE-USD"}, {"trade_id": 138731500, "side": "sell", "size": "12.80000000", "price": "0.19405000", "time": "2025-07-12T16:09:48.219161Z", "fetched_at": "2025-07-12T16:10:50.016679+00:00", "symbol": "DOGE-USD"}, {"trade_id": 138731499, "side": "sell", "size": "12.80000000", "price": "0.19405000", "time": "2025-07-12T16:09:48.202622Z", "fetched_at": "2025-07-12T16:10:50.016679+00:00", "symbol": "DOGE-USD"}, {"trade_id": 138731498, "side": "sell", "size": "386.60000000", "price": "0.19405000", "time": "2025-07-12T16:09:47.959029Z", "fetched_at": "2025-07-12T16:10:50.016679+00:00", "symbol": "DOGE-USD"}, {"trade_id": 138731497, "side": "buy", "size": "183.00000000", "price": "0.19405000", "time": "2025-07-12T16:09:47.953547Z", "fetched_at": "2025-07-12T16:10:50.016679+00:00", "symbol": "DOGE-USD"}, {"trade_id": 138731496, "side": "sell", "size": "14.20000000", "price": "0.19404000", "time": "2025-07-12T16:09:47.534746Z", "fetched_at": "2025-07-12T16:10:50.016679+00:00", "symbol": "DOGE-USD"}, {"trade_id": 138731495, "side": "sell", "size": "5.70000000", "price": "0.19404000", "time": "2025-07-12T16:09:47.534746Z", "fetched_at": "2025-07-12T16:10:50.016679+00:00", "symbol": "DOGE-USD"}, {"trade_id": 138731494, "side": "buy", "size": "115.70000000", "price": "0.19401000", "time": "2025-07-12T16:09:46.710054Z", "fetched_at": "2025-07-12T16:10:50.016679+00:00", "symbol": "DOGE-USD"}, {"trade_id": 138731493, "side": "buy", "size": "107.30000000", "price": "0.19401000", "time": "2025-07-12T16:09:46.668493Z", "fetched_at": "2025-07-12T16:10:50.016679+00:00", "symbol": "DOGE-USD"}, {"trade_id": 138731492, "side": "buy", "size": "107.30000000", "price": "0.19401000", "time": "2025-07-12T16:09:46.652407Z", "fetched_at": "2025-07-12T16:10:50.016679+00:00", "symbol": "DOGE-USD"}, {"trade_id": 138731491, "side": "buy", "size": "107.30000000", "price": "0.19401000", "time": "2025-07-12T16:09:46.629831Z", "fetched_at": "2025-07-12T16:10:50.016679+00:00", "symbol": "DOGE-USD"}, {"trade_id": 138731490, "side": "buy", "size": "183.00000000", "price": "0.19402000", "time": "2025-07-12T16:09:46.629831Z", "fetched_at": "2025-07-12T16:10:50.016679+00:00", "symbol": "DOGE-USD"}, {"trade_id": 138731489, "side": "sell", "size": "5.70000000", "price": "0.19402000", "time": "2025-07-12T16:09:46.621449Z", "fetched_at": "2025-07-12T16:10:50.016679+00:00", "symbol": "DOGE-USD"}, {"trade_id": 138731488, "side": "buy", "size": "36.10000000", "price": "0.19399000", "time": "2025-07-12T16:09:46.496026Z", "fetched_at": "2025-07-12T16:10:50.016679+00:00", "symbol": "DOGE-USD"}, {"trade_id": 138731487, "side": "sell", "size": "262.90000000", "price": "0.19398000", "time": "2025-07-12T16:09:46.216984Z", "fetched_at": "2025-07-12T16:10:50.016679+00:00", "symbol": "DOGE-USD"}, {"trade_id": 138731486, "side": "buy", "size": "689.50000000", "price": "0.19397000", "time": "2025-07-12T16:09:45.454769Z", "fetched_at": "2025-07-12T16:10:50.016679+00:00", "symbol": "DOGE-USD"}, {"trade_id": 138731485, "side": "sell", "size": "19004.90000000", "price": "0.19400000", "time": "2025-07-12T16:09:45.426636Z", "fetched_at": "2025-07-12T16:10:50.016679+00:00", "symbol": "DOGE-USD"}, {"trade_id": 138731484, "side": "sell", "size": "5192.20000000", "price": "0.19400000", "time": "2025-07-12T16:09:45.426636Z", "fetched_at": "2025-07-12T16:10:50.016679+00:00", "symbol": "DOGE-USD"}, {"trade_id": 138731483, "side": "sell", "size": "20.90000000", "price": "0.19397000", "time": "2025-07-12T16:09:45.426636Z", "fetched_at": "2025-07-12T16:10:50.016679+00:00", "symbol": "DOGE-USD"}, {"trade_id": 138731482, "side": "sell", "size": "651.60000000", "price": "0.19399000", "time": "2025-07-12T16:09:45.423869Z", "fetched_at": "2025-07-12T16:10:50.016679+00:00", "symbol": "DOGE-USD"}, {"trade_id": 138731481, "side": "sell", "size": "5191.00000000", "price": "0.19399000", "time": "2025-07-12T16:09:45.423869Z", "fetched_at": "2025-07-12T16:10:50.016679+00:00", "symbol": "DOGE-USD"}, {"trade_id": 138731480, "side": "sell", "size": "5.70000000", "price": "0.19398000", "time": "2025-07-12T16:09:45.421842Z", "fetched_at": "2025-07-12T16:10:50.016679+00:00", "symbol": "DOGE-USD"}, {"trade_id": 138731479, "side": "sell", "size": "20.90000000", "price": "0.19397000", "time": "2025-07-12T16:09:45.418551Z", "fetched_at": "2025-07-12T16:10:50.016679+00:00", "symbol": "DOGE-USD"}, {"trade_id": 138731478, "side": "sell", "size": "1929.80000000", "price": "0.19396000", "time": "2025-07-12T16:09:45.418551Z", "fetched_at": "2025-07-12T16:10:50.016679+00:00", "symbol": "DOGE-USD"}, {"trade_id": 138731477, "side": "sell", "size": "26.90000000", "price": "0.19394000", "time": "2025-07-12T16:09:44.979306Z", "fetched_at": "2025-07-12T16:10:50.016679+00:00", "symbol": "DOGE-USD"}, {"trade_id": 138731476, "side": "sell", "size": "26.90000000", "price": "0.19394000", "time": "2025-07-12T16:09:44.963953Z", "fetched_at": "2025-07-12T16:10:50.016679+00:00", "symbol": "DOGE-USD"}, {"trade_id": 138731475, "side": "sell", "size": "26.90000000", "price": "0.19394000", "time": "2025-07-12T16:09:44.953751Z", "fetched_at": "2025-07-12T16:10:50.016679+00:00", "symbol": "DOGE-USD"}, {"trade_id": 138731474, "side": "sell", "size": "59.40000000", "price": "0.19393000", "time": "2025-07-12T16:09:44.544187Z", "fetched_at": "2025-07-12T16:10:50.016679+00:00", "symbol": "DOGE-USD"}, {"trade_id": 138731473, "side": "buy", "size": "19.40000000", "price": "0.19392000", "time": "2025-07-12T16:09:43.899525Z", "fetched_at": "2025-07-12T16:10:50.016679+00:00", "symbol": "DOGE-USD"}, {"trade_id": 138731472, "side": "buy", "size": "5.70000000", "price": "0.19392000", "time": "2025-07-12T16:09:43.899525Z", "fetched_at": "2025-07-12T16:10:50.016679+00:00", "symbol": "DOGE-USD"}, {"trade_id": 138731471, "side": "sell", "size": "24.60000000", "price": "0.19395000", "time": "2025-07-12T16:09:42.876813Z", "fetched_at": "2025-07-12T16:10:50.016679+00:00", "symbol": "DOGE-USD"}, {"trade_id": 138731470, "side": "buy", "size": "5.70000000", "price": "0.19396000", "time": "2025-07-12T16:09:42.739747Z", "fetched_at": "2025-07-12T16:10:50.016679+00:00", "symbol": "DOGE-USD"}, {"trade_id": 138731469, "side": "buy", "size": "19.40000000", "price": "0.19397000", "time": "2025-07-12T16:09:41.446897Z", "fetched_at": "2025-07-12T16:10:50.016679+00:00", "symbol": "DOGE-USD"}, {"trade_id": 138731468, "side": "sell", "size": "5.70000000", "price": "0.19402000", "time": "2025-07-12T16:09:40.153698Z", "fetched_at": "2025-07-12T16:10:50.016679+00:00", "symbol": "DOGE-USD"}, {"trade_id": 138731467, "side": "sell", "size": "26.20000000", "price": "0.19400000", "time": "2025-07-12T16:09:39.826946Z", "fetched_at": "2025-07-12T16:10:50.016679+00:00", "symbol": "DOGE-USD"}, {"trade_id": 138731466, "side": "sell", "size": "5.70000000", "price": "0.19400000", "time": "2025-07-12T16:09:39.826946Z", "fetched_at": "2025-07-12T16:10:50.016679+00:00", "symbol": "DOGE-USD"}, {"trade_id": 138731465, "side": "sell", "size": "26.20000000", "price": "0.19399000", "time": "2025-07-12T16:09:39.808495Z", "fetched_at": "2025-07-12T16:10:50.016679+00:00", "symbol": "DOGE-USD"}, {"trade_id": 138731464, "side": "sell", "size": "5.70000000", "price": "0.19398000", "time": "2025-07-12T16:09:39.756842Z", "fetched_at": "2025-07-12T16:10:50.016679+00:00", "symbol": "DOGE-USD"}, {"trade_id": 138731463, "side": "sell", "size": "28.10000000", "price": "0.19397000", "time": "2025-07-12T16:09:39.689795Z", "fetched_at": "2025-07-12T16:10:50.016679+00:00", "symbol": "DOGE-USD"}, {"trade_id": 138731462, "side": "sell", "size": "28.10000000", "price": "0.19396000", "time": "2025-07-12T16:09:39.622539Z", "fetched_at": "2025-07-12T16:10:50.016679+00:00", "symbol": "DOGE-USD"}, {"trade_id": 138731461, "side": "sell", "size": "625.30000000", "price": "0.19396000", "time": "2025-07-12T16:09:39.594888Z", "fetched_at": "2025-07-12T16:10:50.016679+00:00", "symbol": "DOGE-USD"}, {"trade_id": 138731460, "side": "sell", "size": "30.20000000", "price": "0.19396000", "time": "2025-07-12T16:09:39.546153Z", "fetched_at": "2025-07-12T16:10:50.016679+00:00", "symbol": "DOGE-USD"}, {"trade_id": 138731459, "side": "sell", "size": "30.20000000", "price": "0.19396000", "time": "2025-07-12T16:09:39.535994Z", "fetched_at": "2025-07-12T16:10:50.016679+00:00", "symbol": "DOGE-USD"}, {"trade_id": 138731458, "side": "sell", "size": "5.70000000", "price": "0.19396000", "time": "2025-07-12T16:09:39.535994Z", "fetched_at": "2025-07-12T16:10:50.016679+00:00", "symbol": "DOGE-USD"}, {"trade_id": 138731457, "side": "buy", "size": "23.50000000", "price": "0.19393000", "time": "2025-07-12T16:09:39.193060Z", "fetched_at": "2025-07-12T16:10:50.016679+00:00", "symbol": "DOGE-USD"}, {"trade_id": 138731456, "side": "sell", "size": "1808.00000000", "price": "0.19391000", "time": "2025-07-12T16:09:38.254988Z", "fetched_at": "2025-07-12T16:10:50.016679+00:00", "symbol": "DOGE-USD"}, {"trade_id": 138731455, "side": "sell", "size": "5.70000000", "price": "0.19396000", "time": "2025-07-12T16:09:36.931801Z", "fetched_at": "2025-07-12T16:10:50.016679+00:00", "symbol": "DOGE-USD"}, {"trade_id": 138731454, "side": "sell", "size": "5.70000000", "price": "0.19394000", "time": "2025-07-12T16:09:36.846702Z", "fetched_at": "2025-07-12T16:10:50.016679+00:00", "symbol": "DOGE-USD"}, {"trade_id": 138731453, "side": "sell", "size": "629.30000000", "price": "0.19393000", "time": "2025-07-12T16:09:36.836212Z", "fetched_at": "2025-07-12T16:10:50.016679+00:00", "symbol": "DOGE-USD"}, {"trade_id": 138731452, "side": "sell", "size": "32.20000000", "price": "0.19393000", "time": "2025-07-12T16:09:36.836212Z", "fetched_at": "2025-07-12T16:10:50.016679+00:00", "symbol": "DOGE-USD"}, {"trade_id": 138731451, "side": "buy", "size": "1041.90000000", "price": "0.19391000", "time": "2025-07-12T16:09:36.698817Z", "fetched_at": "2025-07-12T16:10:50.016679+00:00", "symbol": "DOGE-USD"}, {"trade_id": 138731450, "side": "buy", "size": "26.50000000", "price": "0.19392000", "time": "2025-07-12T16:09:36.461452Z", "fetched_at": "2025-07-12T16:10:50.016679+00:00", "symbol": "DOGE-USD"}, {"trade_id": 138731449, "side": "sell", "size": "647.10000000", "price": "0.19392000", "time": "2025-07-12T16:09:35.594148Z", "fetched_at": "2025-07-12T16:10:50.016679+00:00", "symbol": "DOGE-USD"}, {"trade_id": 138731448, "side": "sell", "size": "5.70000000", "price": "0.19392000", "time": "2025-07-12T16:09:35.594148Z", "fetched_at": "2025-07-12T16:10:50.016679+00:00", "symbol": "DOGE-USD"}, {"trade_id": 138731447, "side": "buy", "size": "33.60000000", "price": "0.19389000", "time": "2025-07-12T16:09:34.158450Z", "fetched_at": "2025-07-12T16:10:50.016679+00:00", "symbol": "DOGE-USD"}, {"trade_id": 138731446, "side": "sell", "size": "35.30000000", "price": "0.19389000", "time": "2025-07-12T16:09:33.657841Z", "fetched_at": "2025-07-12T16:10:50.016679+00:00", "symbol": "DOGE-USD"}, {"trade_id": 138731445, "side": "sell", "size": "1498.50000000", "price": "0.19387000", "time": "2025-07-12T16:09:33.136865Z", "fetched_at": "2025-07-12T16:10:50.016679+00:00", "symbol": "DOGE-USD"}, {"trade_id": 138731444, "side": "buy", "size": "5.70000000", "price": "0.19388000", "time": "2025-07-12T16:09:32.138648Z", "fetched_at": "2025-07-12T16:10:50.016679+00:00", "symbol": "DOGE-USD"}, {"trade_id": 138731443, "side": "sell", "size": "262.90000000", "price": "0.19392000", "time": "2025-07-12T16:09:30.826562Z", "fetched_at": "2025-07-12T16:10:50.016679+00:00", "symbol": "DOGE-USD"}, {"trade_id": 138731442, "side": "buy", "size": "19033.80000000", "price": "0.19393000", "time": "2025-07-12T16:09:30.819135Z", "fetched_at": "2025-07-12T16:10:50.016679+00:00", "symbol": "DOGE-USD"}, {"trade_id": 138731441, "side": "buy", "size": "107.30000000", "price": "0.19394000", "time": "2025-07-12T16:09:30.815963Z", "fetched_at": "2025-07-12T16:10:50.016679+00:00", "symbol": "DOGE-USD"}, {"trade_id": 138731440, "side": "sell", "size": "6.40000000", "price": "0.19396000", "time": "2025-07-12T16:09:30.548862Z", "fetched_at": "2025-07-12T16:10:50.016679+00:00", "symbol": "DOGE-USD"}, {"trade_id": 138731439, "side": "buy", "size": "1702.00000000", "price": "0.19396000", "time": "2025-07-12T16:09:30.387981Z", "fetched_at": "2025-07-12T16:10:50.016679+00:00", "symbol": "DOGE-USD"}, {"trade_id": 138731438, "side": "buy", "size": "2470.50000000", "price": "0.19396000", "time": "2025-07-12T16:09:30.378442Z", "fetched_at": "2025-07-12T16:10:50.016679+00:00", "symbol": "DOGE-USD"}, {"trade_id": 138731437, "side": "buy", "size": "3066.20000000", "price": "0.19396000", "time": "2025-07-12T16:09:30.371667Z", "fetched_at": "2025-07-12T16:10:50.016679+00:00", "symbol": "DOGE-USD"}, {"trade_id": 138731436, "side": "buy", "size": "21.00000000", "price": "0.19396000", "time": "2025-07-12T16:09:30.291059Z", "fetched_at": "2025-07-12T16:10:50.016679+00:00", "symbol": "DOGE-USD"}, {"trade_id": 138731435, "side": "sell", "size": "285.50000000", "price": "0.19398000", "time": "2025-07-12T16:09:28.077563Z", "fetched_at": "2025-07-12T16:10:50.016679+00:00", "symbol": "DOGE-USD"}, {"trade_id": 138731434, "side": "buy", "size": "107.30000000", "price": "0.19398000", "time": "2025-07-12T16:09:28.073109Z", "fetched_at": "2025-07-12T16:10:50.016679+00:00", "symbol": "DOGE-USD"}, {"trade_id": 138731433, "side": "buy", "size": "183.00000000", "price": "0.19398000", "time": "2025-07-12T16:09:28.073109Z", "fetched_at": "2025-07-12T16:10:50.016679+00:00", "symbol": "DOGE-USD"}, {"trade_id": 138731432, "side": "sell", "size": "5.70000000", "price": "0.19398000", "time": "2025-07-12T16:09:28.049766Z", "fetched_at": "2025-07-12T16:10:50.016679+00:00", "symbol": "DOGE-USD"}, {"trade_id": 138731431, "side": "buy", "size": "32.80000000", "price": "0.19397000", "time": "2025-07-12T16:09:27.497090Z", "fetched_at": "2025-07-12T16:10:50.016679+00:00", "symbol": "DOGE-USD"}, {"trade_id": 138731430, "side": "sell", "size": "541.50000000", "price": "0.19396000", "time": "2025-07-12T16:09:27.347403Z", "fetched_at": "2025-07-12T16:10:50.016679+00:00", "symbol": "DOGE-USD"}, {"trade_id": 138731429, "side": "sell", "size": "1.30000000", "price": "0.19396000", "time": "2025-07-12T16:09:27.347403Z", "fetched_at": "2025-07-12T16:10:50.016679+00:00", "symbol": "DOGE-USD"}, {"trade_id": 138731428, "side": "buy", "size": "37.10000000", "price": "0.19395000", "time": "2025-07-12T16:09:21.889801Z", "fetched_at": "2025-07-12T16:10:50.016679+00:00", "symbol": "DOGE-USD"}, {"trade_id": 138731427, "side": "sell", "size": "534.00000000", "price": "0.19396000", "time": "2025-07-12T16:09:20.460984Z", "fetched_at": "2025-07-12T16:10:50.016679+00:00", "symbol": "DOGE-USD"}, {"trade_id": 138731426, "side": "sell", "size": "14.00000000", "price": "0.19397000", "time": "2025-07-12T16:09:19.589640Z", "fetched_at": "2025-07-12T16:10:50.016679+00:00", "symbol": "DOGE-USD"}, {"trade_id": 138731425, "side": "sell", "size": "550.40000000", "price": "0.19396000", "time": "2025-07-12T16:09:19.084076Z", "fetched_at": "2025-07-12T16:10:50.016679+00:00", "symbol": "DOGE-USD"}, {"trade_id": 138731424, "side": "sell", "size": "5.70000000", "price": "0.19396000", "time": "2025-07-12T16:09:19.084076Z", "fetched_at": "2025-07-12T16:10:50.016679+00:00", "symbol": "DOGE-USD"}, {"trade_id": 138731423, "side": "buy", "size": "56.90000000", "price": "0.19395000", "time": "2025-07-12T16:09:18.665527Z", "fetched_at": "2025-07-12T16:10:50.016679+00:00", "symbol": "DOGE-USD"}, {"trade_id": 138731422, "side": "sell", "size": "618.10000000", "price": "0.19395000", "time": "2025-07-12T16:09:16.437415Z", "fetched_at": "2025-07-12T16:10:50.016679+00:00", "symbol": "DOGE-USD"}, {"trade_id": 138731421, "side": "sell", "size": "20.60000000", "price": "0.19395000", "time": "2025-07-12T16:09:16.437415Z", "fetched_at": "2025-07-12T16:10:50.016679+00:00", "symbol": "DOGE-USD"}, {"trade_id": 138731420, "side": "buy", "size": "44.70000000", "price": "0.19394000", "time": "2025-07-12T16:09:16.435841Z", "fetched_at": "2025-07-12T16:10:50.016679+00:00", "symbol": "DOGE-USD"}, {"trade_id": 138731419, "side": "sell", "size": "1075.20000000", "price": "0.19393000", "time": "2025-07-12T16:09:16.185291Z", "fetched_at": "2025-07-12T16:10:50.016679+00:00", "symbol": "DOGE-USD"}, {"trade_id": 138731418, "side": "sell", "size": "262.90000000", "price": "0.19395000", "time": "2025-07-12T16:09:15.136192Z", "fetched_at": "2025-07-12T16:10:50.016679+00:00", "symbol": "DOGE-USD"}, {"trade_id": 138731417, "side": "buy", "size": "15.60000000", "price": "0.19395000", "time": "2025-07-12T16:09:13.509348Z", "fetched_at": "2025-07-12T16:10:50.016679+00:00", "symbol": "DOGE-USD"}, {"trade_id": 138731416, "side": "sell", "size": "602.20000000", "price": "0.19396000", "time": "2025-07-12T16:09:11.615878Z", "fetched_at": "2025-07-12T16:10:50.016679+00:00", "symbol": "DOGE-USD"}, {"trade_id": 138731415, "side": "sell", "size": "5.70000000", "price": "0.19396000", "time": "2025-07-12T16:09:11.615878Z", "fetched_at": "2025-07-12T16:10:50.016679+00:00", "symbol": "DOGE-USD"}, {"trade_id": 138731414, "side": "sell", "size": "26.00000000", "price": "0.19395000", "time": "2025-07-12T16:09:11.044011Z", "fetched_at": "2025-07-12T16:10:50.016679+00:00", "symbol": "DOGE-USD"}, {"trade_id": 138731413, "side": "buy", "size": "57.80000000", "price": "0.19393000", "time": "2025-07-12T16:09:10.746832Z", "fetched_at": "2025-07-12T16:10:50.016679+00:00", "symbol": "DOGE-USD"}, {"trade_id": 138731412, "side": "sell", "size": "5.70000000", "price": "0.19394000", "time": "2025-07-12T16:09:10.454684Z", "fetched_at": "2025-07-12T16:10:50.016679+00:00", "symbol": "DOGE-USD"}, {"trade_id": 138731411, "side": "sell", "size": "1.30000000", "price": "0.19393000", "time": "2025-07-12T16:09:10.454684Z", "fetched_at": "2025-07-12T16:10:50.016679+00:00", "symbol": "DOGE-USD"}, {"trade_id": 138731410, "side": "sell", "size": "5.70000000", "price": "0.19392000", "time": "2025-07-12T16:09:10.150519Z", "fetched_at": "2025-07-12T16:10:50.016679+00:00", "symbol": "DOGE-USD"}, {"trade_id": 138731409, "side": "sell", "size": "1542.30000000", "price": "0.19392000", "time": "2025-07-12T16:09:10.150519Z", "fetched_at": "2025-07-12T16:10:50.016679+00:00", "symbol": "DOGE-USD"}, {"trade_id": 138731408, "side": "sell", "size": "28.40000000", "price": "0.19391000", "time": "2025-07-12T16:09:09.896942Z", "fetched_at": "2025-07-12T16:10:50.016679+00:00", "symbol": "DOGE-USD"}, {"trade_id": 138731407, "side": "sell", "size": "823.50000000", "price": "0.19389000", "time": "2025-07-12T16:09:09.752387Z", "fetched_at": "2025-07-12T16:10:50.016679+00:00", "symbol": "DOGE-USD"}, {"trade_id": 138731406, "side": "sell", "size": "677.40000000", "price": "0.19389000", "time": "2025-07-12T16:09:09.752387Z", "fetched_at": "2025-07-12T16:10:50.016679+00:00", "symbol": "DOGE-USD"}, {"trade_id": 138731405, "side": "sell", "size": "30.00000000", "price": "0.19388000", "time": "2025-07-12T16:09:09.752387Z", "fetched_at": "2025-07-12T16:10:50.016679+00:00", "symbol": "DOGE-USD"}, {"trade_id": 138731404, "side": "buy", "size": "31.80000000", "price": "0.19387000", "time": "2025-07-12T16:09:08.613540Z", "fetched_at": "2025-07-12T16:10:50.016679+00:00", "symbol": "DOGE-USD"}, {"trade_id": 138731403, "side": "sell", "size": "86.40000000", "price": "0.19390000", "time": "2025-07-12T16:09:07.833211Z", "fetched_at": "2025-07-12T16:10:50.016679+00:00", "symbol": "DOGE-USD"}, {"trade_id": 138731402, "side": "sell", "size": "33.20000000", "price": "0.19389000", "time": "2025-07-12T16:09:07.833211Z", "fetched_at": "2025-07-12T16:10:50.016679+00:00", "symbol": "DOGE-USD"}, {"trade_id": 138731401, "side": "sell", "size": "5.70000000", "price": "0.19388000", "time": "2025-07-12T16:09:07.833211Z", "fetched_at": "2025-07-12T16:10:50.016679+00:00", "symbol": "DOGE-USD"}, {"trade_id": 138731400, "side": "sell", "size": "594.90000000", "price": "0.19385000", "time": "2025-07-12T16:09:07.027930Z", "fetched_at": "2025-07-12T16:10:50.016679+00:00", "symbol": "DOGE-USD"}, {"trade_id": 138731399, "side": "buy", "size": "183.00000000", "price": "0.19385000", "time": "2025-07-12T16:09:06.977362Z", "fetched_at": "2025-07-12T16:10:50.016679+00:00", "symbol": "DOGE-USD"}, {"trade_id": 138731398, "side": "sell", "size": "5.70000000", "price": "0.19384000", "time": "2025-07-12T16:09:06.509321Z", "fetched_at": "2025-07-12T16:10:50.016679+00:00", "symbol": "DOGE-USD"}, {"trade_id": 138731397, "side": "sell", "size": "835.80000000", "price": "0.19383000", "time": "2025-07-12T16:09:06.428637Z", "fetched_at": "2025-07-12T16:10:50.016679+00:00", "symbol": "DOGE-USD"}, {"trade_id": 138731396, "side": "buy", "size": "42.00000000", "price": "0.19381000", "time": "2025-07-12T16:09:06.281608Z", "fetched_at": "2025-07-12T16:10:50.016679+00:00", "symbol": "DOGE-USD"}, {"trade_id": 138731395, "side": "sell", "size": "39.80000000", "price": "0.19380000", "time": "2025-07-12T16:09:04.611739Z", "fetched_at": "2025-07-12T16:10:50.016679+00:00", "symbol": "DOGE-USD"}, {"trade_id": 138731394, "side": "sell", "size": "39.80000000", "price": "0.19380000", "time": "2025-07-12T16:09:04.596272Z", "fetched_at": "2025-07-12T16:10:50.016679+00:00", "symbol": "DOGE-USD"}, {"trade_id": 138731393, "side": "sell", "size": "39.80000000", "price": "0.19380000", "time": "2025-07-12T16:09:04.556649Z", "fetched_at": "2025-07-12T16:10:50.016679+00:00", "symbol": "DOGE-USD"}, {"trade_id": 138731392, "side": "buy", "size": "57.70000000", "price": "0.19377000", "time": "2025-07-12T16:09:04.209912Z", "fetched_at": "2025-07-12T16:10:50.016679+00:00", "symbol": "DOGE-USD"}, {"trade_id": 138731391, "side": "buy", "size": "5.70000000", "price": "0.19376000", "time": "2025-07-12T16:09:03.160544Z", "fetched_at": "2025-07-12T16:10:50.016679+00:00", "symbol": "DOGE-USD"}, {"trade_id": 138731390, "side": "buy", "size": "5.70000000", "price": "0.19378000", "time": "2025-07-12T16:09:03.127631Z", "fetched_at": "2025-07-12T16:10:50.016679+00:00", "symbol": "DOGE-USD"}, {"trade_id": 138731389, "side": "buy", "size": "5.70000000", "price": "0.19380000", "time": "2025-07-12T16:09:03.089396Z", "fetched_at": "2025-07-12T16:10:50.016679+00:00", "symbol": "DOGE-USD"}, {"trade_id": 138731388, "side": "buy", "size": "5.70000000", "price": "0.19382000", "time": "2025-07-12T16:09:03.071850Z", "fetched_at": "2025-07-12T16:10:50.016679+00:00", "symbol": "DOGE-USD"}, {"trade_id": 138731387, "side": "buy", "size": "5.70000000", "price": "0.19384000", "time": "2025-07-12T16:09:02.965235Z", "fetched_at": "2025-07-12T16:10:50.016679+00:00", "symbol": "DOGE-USD"}, {"trade_id": 138731386, "side": "buy", "size": "5.70000000", "price": "0.19386000", "time": "2025-07-12T16:09:01.792073Z", "fetched_at": "2025-07-12T16:10:50.016679+00:00", "symbol": "DOGE-USD"}, {"trade_id": 138731385, "side": "buy", "size": "5.70000000", "price": "0.19388000", "time": "2025-07-12T16:09:01.737744Z", "fetched_at": "2025-07-12T16:10:50.016679+00:00", "symbol": "DOGE-USD"}, {"trade_id": 138731384, "side": "buy", "size": "107.30000000", "price": "0.19392000", "time": "2025-07-12T16:09:01.074212Z", "fetched_at": "2025-07-12T16:10:50.016679+00:00", "symbol": "DOGE-USD"}, {"trade_id": 138731383, "side": "buy", "size": "5.70000000", "price": "0.19392000", "time": "2025-07-12T16:09:01.074212Z", "fetched_at": "2025-07-12T16:10:50.016679+00:00", "symbol": "DOGE-USD"}, {"trade_id": 138731382, "side": "buy", "size": "107.30000000", "price": "0.19394000", "time": "2025-07-12T16:09:00.304001Z", "fetched_at": "2025-07-12T16:10:50.016679+00:00", "symbol": "DOGE-USD"}, {"trade_id": 138731381, "side": "buy", "size": "5.70000000", "price": "0.19394000", "time": "2025-07-12T16:09:00.304001Z", "fetched_at": "2025-07-12T16:10:50.016679+00:00", "symbol": "DOGE-USD"}, {"trade_id": 138731380, "side": "sell", "size": "697.90000000", "price": "0.19399000", "time": "2025-07-12T16:08:59.587731Z", "fetched_at": "2025-07-12T16:10:50.016679+00:00", "symbol": "DOGE-USD"}, {"trade_id": 138731379, "side": "buy", "size": "21.20000000", "price": "0.19398000", "time": "2025-07-12T16:08:59.021912Z", "fetched_at": "2025-07-12T16:10:50.016679+00:00", "symbol": "DOGE-USD"}, {"trade_id": 138731378, "side": "sell", "size": "34.20000000", "price": "0.19399000", "time": "2025-07-12T16:08:58.188472Z", "fetched_at": "2025-07-12T16:10:50.016679+00:00", "symbol": "DOGE-USD"}, {"trade_id": 138731377, "side": "sell", "size": "5.70000000", "price": "0.19398000", "time": "2025-07-12T16:08:58.176663Z", "fetched_at": "2025-07-12T16:10:50.016679+00:00", "symbol": "DOGE-USD"}, {"trade_id": 138731376, "side": "sell", "size": "5.70000000", "price": "0.19396000", "time": "2025-07-12T16:08:57.688391Z", "fetched_at": "2025-07-12T16:10:50.016679+00:00", "symbol": "DOGE-USD"}, {"trade_id": 138731375, "side": "buy", "size": "571.60000000", "price": "0.19394000", "time": "2025-07-12T16:08:57.367312Z", "fetched_at": "2025-07-12T16:10:50.016679+00:00", "symbol": "DOGE-USD"}, {"trade_id": 138731374, "side": "buy", "size": "183.00000000", "price": "0.19394000", "time": "2025-07-12T16:08:57.367312Z", "fetched_at": "2025-07-12T16:10:50.016679+00:00", "symbol": "DOGE-USD"}, {"trade_id": 138731373, "side": "sell", "size": "5.70000000", "price": "0.19392000", "time": "2025-07-12T16:08:56.924466Z", "fetched_at": "2025-07-12T16:10:50.016679+00:00", "symbol": "DOGE-USD"}, {"trade_id": 138731372, "side": "buy", "size": "25.60000000", "price": "0.19391000", "time": "2025-07-12T16:08:56.905516Z", "fetched_at": "2025-07-12T16:10:50.016679+00:00", "symbol": "DOGE-USD"}, {"trade_id": 138731371, "side": "sell", "size": "1769.10000000", "price": "0.19391000", "time": "2025-07-12T16:08:56.797150Z", "fetched_at": "2025-07-12T16:10:50.016679+00:00", "symbol": "DOGE-USD"}, {"trade_id": 138731370, "side": "sell", "size": "34.70000000", "price": "0.19390000", "time": "2025-07-12T16:08:56.747639Z", "fetched_at": "2025-07-12T16:10:50.016679+00:00", "symbol": "DOGE-USD"}, {"trade_id": 138731369, "side": "buy", "size": "18.10000000", "price": "0.19389000", "time": "2025-07-12T16:08:54.735742Z", "fetched_at": "2025-07-12T16:10:50.016679+00:00", "symbol": "DOGE-USD"}, {"trade_id": 138731368, "side": "buy", "size": "30.90000000", "price": "0.19393000", "time": "2025-07-12T16:08:52.236879Z", "fetched_at": "2025-07-12T16:10:50.016679+00:00", "symbol": "DOGE-USD"}, {"trade_id": 138731367, "side": "sell", "size": "1692.60000000", "price": "0.19396000", "time": "2025-07-12T16:08:51.953524Z", "fetched_at": "2025-07-12T16:10:50.016679+00:00", "symbol": "DOGE-USD"}, {"trade_id": 138731366, "side": "sell", "size": "5.70000000", "price": "0.19396000", "time": "2025-07-12T16:08:51.944720Z", "fetched_at": "2025-07-12T16:10:50.016679+00:00", "symbol": "DOGE-USD"}, {"trade_id": 138731365, "side": "sell", "size": "5.70000000", "price": "0.19394000", "time": "2025-07-12T16:08:51.925445Z", "fetched_at": "2025-07-12T16:10:50.016679+00:00", "symbol": "DOGE-USD"}, {"trade_id": 138731364, "side": "sell", "size": "4979.40000000", "price": "0.19393000", "time": "2025-07-12T16:08:51.910136Z", "fetched_at": "2025-07-12T16:10:50.016679+00:00", "symbol": "DOGE-USD"}, {"trade_id": 138731363, "side": "sell", "size": "36.60000000", "price": "0.19392000", "time": "2025-07-12T16:08:51.879787Z", "fetched_at": "2025-07-12T16:10:50.016679+00:00", "symbol": "DOGE-USD"}, {"trade_id": 138731362, "side": "sell", "size": "38.60000000", "price": "0.19391000", "time": "2025-07-12T16:08:51.714577Z", "fetched_at": "2025-07-12T16:10:50.016679+00:00", "symbol": "DOGE-USD"}, {"trade_id": 138731361, "side": "buy", "size": "33.90000000", "price": "0.19391000", "time": "2025-07-12T16:08:50.149362Z", "fetched_at": "2025-07-12T16:10:50.016679+00:00", "symbol": "DOGE-USD"}, {"trade_id": 138731360, "side": "sell", "size": "255.40000000", "price": "0.19393000", "time": "2025-07-12T16:08:49.652834Z", "fetched_at": "2025-07-12T16:10:50.016679+00:00", "symbol": "DOGE-USD"}, {"trade_id": 138731359, "side": "sell", "size": "31.70000000", "price": "0.19391000", "time": "2025-07-12T16:08:49.210490Z", "fetched_at": "2025-07-12T16:10:50.016679+00:00", "symbol": "DOGE-USD"}, {"trade_id": 138731358, "side": "sell", "size": "31.70000000", "price": "0.19391000", "time": "2025-07-12T16:08:49.195432Z", "fetched_at": "2025-07-12T16:10:50.016679+00:00", "symbol": "DOGE-USD"}, {"trade_id": 138731357, "side": "sell", "size": "44.90000000", "price": "0.19391000", "time": "2025-07-12T16:08:49.153107Z", "fetched_at": "2025-07-12T16:10:50.016679+00:00", "symbol": "DOGE-USD"}, {"trade_id": 138731356, "side": "sell", "size": "7.10000000", "price": "0.19391000", "time": "2025-07-12T16:08:48.524180Z", "fetched_at": "2025-07-12T16:10:50.016679+00:00", "symbol": "DOGE-USD"}, {"trade_id": 138731355, "side": "buy", "size": "59.10000000", "price": "0.19390000", "time": "2025-07-12T16:08:47.533031Z", "fetched_at": "2025-07-12T16:10:50.016679+00:00", "symbol": "DOGE-USD"}, {"trade_id": 138731354, "side": "sell", "size": "5.70000000", "price": "0.19392000", "time": "2025-07-12T16:08:47.486125Z", "fetched_at": "2025-07-12T16:10:50.016679+00:00", "symbol": "DOGE-USD"}, {"trade_id": 138731353, "side": "sell", "size": "50.10000000", "price": "0.19391000", "time": "2025-07-12T16:08:47.475118Z", "fetched_at": "2025-07-12T16:10:50.016679+00:00", "symbol": "DOGE-USD"}, {"trade_id": 138731352, "side": "sell", "size": "2086.70000000", "price": "0.19391000", "time": "2025-07-12T16:08:47.430419Z", "fetched_at": "2025-07-12T16:10:50.016679+00:00", "symbol": "DOGE-USD"}, {"trade_id": 138731351, "side": "sell", "size": "53.00000000", "price": "0.19390000", "time": "2025-07-12T16:08:47.310478Z", "fetched_at": "2025-07-12T16:10:50.016679+00:00", "symbol": "DOGE-USD"}, {"trade_id": 138731350, "side": "sell", "size": "56.40000000", "price": "0.19389000", "time": "2025-07-12T16:08:47.020736Z", "fetched_at": "2025-07-12T16:10:50.016679+00:00", "symbol": "DOGE-USD"}, {"trade_id": 138731349, "side": "sell", "size": "551.00000000", "price": "0.19388000", "time": "2025-07-12T16:08:46.879521Z", "fetched_at": "2025-07-12T16:10:50.016679+00:00", "symbol": "DOGE-USD"}, {"trade_id": 138731348, "side": "sell", "size": "1169.60000000", "price": "0.19390000", "time": "2025-07-12T16:08:46.821200Z", "fetched_at": "2025-07-12T16:10:50.016679+00:00", "symbol": "DOGE-USD"}, {"trade_id": 138731347, "side": "sell", "size": "1371.00000000", "price": "0.19390000", "time": "2025-07-12T16:08:46.821200Z", "fetched_at": "2025-07-12T16:10:50.016679+00:00", "symbol": "DOGE-USD"}, {"trade_id": 138731346, "side": "sell", "size": "59.40000000", "price": "0.19389000", "time": "2025-07-12T16:08:46.821200Z", "fetched_at": "2025-07-12T16:10:50.016679+00:00", "symbol": "DOGE-USD"}, {"trade_id": 138731345, "side": "sell", "size": "73.50000000", "price": "0.19388000", "time": "2025-07-12T16:08:45.714460Z", "fetched_at": "2025-07-12T16:10:50.016679+00:00", "symbol": "DOGE-USD"}, {"trade_id": 138731344, "side": "sell", "size": "71.30000000", "price": "0.19388000", "time": "2025-07-12T16:08:45.704313Z", "fetched_at": "2025-07-12T16:10:50.016679+00:00", "symbol": "DOGE-USD"}, {"trade_id": 138731343, "side": "sell", "size": "5.70000000", "price": "0.19388000", "time": "2025-07-12T16:08:45.704313Z", "fetched_at": "2025-07-12T16:10:50.016679+00:00", "symbol": "DOGE-USD"}, {"trade_id": 138731342, "side": "sell", "size": "607.60000000", "price": "0.19387000", "time": "2025-07-12T16:08:45.704313Z", "fetched_at": "2025-07-12T16:10:50.016679+00:00", "symbol": "DOGE-USD"}, {"trade_id": 138731341, "side": "sell", "size": "2068.10000000", "price": "0.19387000", "time": "2025-07-12T16:08:45.704313Z", "fetched_at": "2025-07-12T16:10:50.016679+00:00", "symbol": "DOGE-USD"}, {"trade_id": 138731340, "side": "buy", "size": "36.60000000", "price": "0.19383000", "time": "2025-07-12T16:08:45.005034Z", "fetched_at": "2025-07-12T16:10:50.016679+00:00", "symbol": "DOGE-USD"}, {"trade_id": 138731339, "side": "buy", "size": "605.50000000", "price": "0.19383000", "time": "2025-07-12T16:08:44.576945Z", "fetched_at": "2025-07-12T16:10:50.016679+00:00", "symbol": "DOGE-USD"}