[{"trade_id": 143782327, "side": "buy", "size": "138.46041000", "price": "0.74480000", "time": "2025-07-15T23:23:19.340027Z", "fetched_at": "2025-07-15T23:23:24.514347+00:00", "symbol": "ADA-USD"}, {"trade_id": 143782326, "side": "buy", "size": "174.51450785", "price": "0.74490000", "time": "2025-07-15T23:23:19.060095Z", "fetched_at": "2025-07-15T23:23:24.514347+00:00", "symbol": "ADA-USD"}, {"trade_id": 143782325, "side": "buy", "size": "519.62720000", "price": "0.74500000", "time": "2025-07-15T23:23:18.874980Z", "fetched_at": "2025-07-15T23:23:24.514347+00:00", "symbol": "ADA-USD"}, {"trade_id": 143782324, "side": "sell", "size": "109.67413100", "price": "0.74510000", "time": "2025-07-15T23:23:17.129445Z", "fetched_at": "2025-07-15T23:23:24.514347+00:00", "symbol": "ADA-USD"}, {"trade_id": 143782323, "side": "sell", "size": "154.63336000", "price": "0.74510000", "time": "2025-07-15T23:23:17.129445Z", "fetched_at": "2025-07-15T23:23:24.514347+00:00", "symbol": "ADA-USD"}, {"trade_id": 143782322, "side": "sell", "size": "1.50000000", "price": "0.74510000", "time": "2025-07-15T23:23:17.129445Z", "fetched_at": "2025-07-15T23:23:24.514347+00:00", "symbol": "ADA-USD"}, {"trade_id": 143782321, "side": "sell", "size": "121.96115243", "price": "0.74500000", "time": "2025-07-15T23:23:15.886617Z", "fetched_at": "2025-07-15T23:23:24.514347+00:00", "symbol": "ADA-USD"}, {"trade_id": 143782320, "side": "sell", "size": "1.50000000", "price": "0.74500000", "time": "2025-07-15T23:23:15.886617Z", "fetched_at": "2025-07-15T23:23:24.514347+00:00", "symbol": "ADA-USD"}, {"trade_id": 143782319, "side": "sell", "size": "1298.52672000", "price": "0.74490000", "time": "2025-07-15T23:23:15.827062Z", "fetched_at": "2025-07-15T23:23:24.514347+00:00", "symbol": "ADA-USD"}, {"trade_id": 143782318, "side": "sell", "size": "1.50000000", "price": "0.74490000", "time": "2025-07-15T23:23:15.827062Z", "fetched_at": "2025-07-15T23:23:24.514347+00:00", "symbol": "ADA-USD"}, {"trade_id": 143782317, "side": "sell", "size": "1116.54644035", "price": "0.74490000", "time": "2025-07-15T23:23:15.827062Z", "fetched_at": "2025-07-15T23:23:24.514347+00:00", "symbol": "ADA-USD"}, {"trade_id": 143782316, "side": "sell", "size": "2239.99176041", "price": "0.74490000", "time": "2025-07-15T23:23:15.819988Z", "fetched_at": "2025-07-15T23:23:24.514347+00:00", "symbol": "ADA-USD"}, {"trade_id": 143782315, "side": "sell", "size": "371.60730000", "price": "0.74480000", "time": "2025-07-15T23:23:15.130592Z", "fetched_at": "2025-07-15T23:23:24.514347+00:00", "symbol": "ADA-USD"}, {"trade_id": 143782314, "side": "sell", "size": "174.57290932", "price": "0.74480000", "time": "2025-07-15T23:23:15.130592Z", "fetched_at": "2025-07-15T23:23:24.514347+00:00", "symbol": "ADA-USD"}, {"trade_id": 143782313, "side": "sell", "size": "665.56038767", "price": "0.74480000", "time": "2025-07-15T23:23:15.130592Z", "fetched_at": "2025-07-15T23:23:24.514347+00:00", "symbol": "ADA-USD"}, {"trade_id": 143782312, "side": "sell", "size": "1306.65553912", "price": "0.74480000", "time": "2025-07-15T23:23:15.126544Z", "fetched_at": "2025-07-15T23:23:24.514347+00:00", "symbol": "ADA-USD"}, {"trade_id": 143782311, "side": "sell", "size": "322.52998000", "price": "0.74480000", "time": "2025-07-15T23:23:15.126544Z", "fetched_at": "2025-07-15T23:23:24.514347+00:00", "symbol": "ADA-USD"}, {"trade_id": 143782310, "side": "sell", "size": "174.57315748", "price": "0.74470000", "time": "2025-07-15T23:23:13.448797Z", "fetched_at": "2025-07-15T23:23:24.514347+00:00", "symbol": "ADA-USD"}, {"trade_id": 143782309, "side": "sell", "size": "81.09793000", "price": "0.74470000", "time": "2025-07-15T23:23:13.448797Z", "fetched_at": "2025-07-15T23:23:24.514347+00:00", "symbol": "ADA-USD"}, {"trade_id": 143782308, "side": "buy", "size": "995.36914837", "price": "0.74470000", "time": "2025-07-15T23:23:12.363017Z", "fetched_at": "2025-07-15T23:23:24.514347+00:00", "symbol": "ADA-USD"}, {"trade_id": 143782307, "side": "buy", "size": "12.10570008", "price": "0.74470000", "time": "2025-07-15T23:23:12.363017Z", "fetched_at": "2025-07-15T23:23:24.514347+00:00", "symbol": "ADA-USD"}, {"trade_id": 143782306, "side": "buy", "size": "12.10069803", "price": "0.74480000", "time": "2025-07-15T23:23:12.224734Z", "fetched_at": "2025-07-15T23:23:24.514347+00:00", "symbol": "ADA-USD"}, {"trade_id": 143782305, "side": "buy", "size": "265.35459318", "price": "0.74480000", "time": "2025-07-15T23:23:12.224734Z", "fetched_at": "2025-07-15T23:23:24.514347+00:00", "symbol": "ADA-USD"}, {"trade_id": 143782304, "side": "buy", "size": "519.62720000", "price": "0.74480000", "time": "2025-07-15T23:23:12.212526Z", "fetched_at": "2025-07-15T23:23:24.514347+00:00", "symbol": "ADA-USD"}, {"trade_id": 143782303, "side": "buy", "size": "12.13197325", "price": "0.74480000", "time": "2025-07-15T23:23:12.212526Z", "fetched_at": "2025-07-15T23:23:24.514347+00:00", "symbol": "ADA-USD"}, {"trade_id": 143782302, "side": "buy", "size": "12.39560881", "price": "0.74480000", "time": "2025-07-15T23:23:09.043196Z", "fetched_at": "2025-07-15T23:23:24.514347+00:00", "symbol": "ADA-USD"}, {"trade_id": 143782301, "side": "buy", "size": "14.72576619", "price": "0.74480000", "time": "2025-07-15T23:23:09.043196Z", "fetched_at": "2025-07-15T23:23:24.514347+00:00", "symbol": "ADA-USD"}, {"trade_id": 143782300, "side": "buy", "size": "6875.07781314", "price": "0.74470000", "time": "2025-07-15T23:23:08.868095Z", "fetched_at": "2025-07-15T23:23:24.514347+00:00", "symbol": "ADA-USD"}, {"trade_id": 143782299, "side": "buy", "size": "844.61440853", "price": "0.74470000", "time": "2025-07-15T23:23:08.868095Z", "fetched_at": "2025-07-15T23:23:24.514347+00:00", "symbol": "ADA-USD"}, {"trade_id": 143782298, "side": "buy", "size": "1.50000000", "price": "0.74470000", "time": "2025-07-15T23:23:08.868095Z", "fetched_at": "2025-07-15T23:23:24.514347+00:00", "symbol": "ADA-USD"}, {"trade_id": 143782297, "side": "buy", "size": "594.00000000", "price": "0.74480000", "time": "2025-07-15T23:23:08.868095Z", "fetched_at": "2025-07-15T23:23:24.514347+00:00", "symbol": "ADA-USD"}, {"trade_id": 143782296, "side": "buy", "size": "14.73807833", "price": "0.74480000", "time": "2025-07-15T23:23:08.868095Z", "fetched_at": "2025-07-15T23:23:24.514347+00:00", "symbol": "ADA-USD"}, {"trade_id": 143782295, "side": "buy", "size": "519.62720000", "price": "0.74480000", "time": "2025-07-15T23:23:08.868095Z", "fetched_at": "2025-07-15T23:23:24.514347+00:00", "symbol": "ADA-USD"}, {"trade_id": 143782294, "side": "buy", "size": "19.07966759", "price": "0.74480000", "time": "2025-07-15T23:23:07.383349Z", "fetched_at": "2025-07-15T23:23:24.514347+00:00", "symbol": "ADA-USD"}, {"trade_id": 143782293, "side": "buy", "size": "19.07966759", "price": "0.74480000", "time": "2025-07-15T23:23:07.360038Z", "fetched_at": "2025-07-15T23:23:24.514347+00:00", "symbol": "ADA-USD"}, {"trade_id": 143782292, "side": "buy", "size": "66.26704200", "price": "0.74480000", "time": "2025-07-15T23:23:04.434605Z", "fetched_at": "2025-07-15T23:23:24.514347+00:00", "symbol": "ADA-USD"}, {"trade_id": 143782291, "side": "buy", "size": "1.50000000", "price": "0.74480000", "time": "2025-07-15T23:23:04.434605Z", "fetched_at": "2025-07-15T23:23:24.514347+00:00", "symbol": "ADA-USD"}, {"trade_id": 143782290, "side": "buy", "size": "33.73686153", "price": "0.74490000", "time": "2025-07-15T23:23:03.015964Z", "fetched_at": "2025-07-15T23:23:24.514347+00:00", "symbol": "ADA-USD"}, {"trade_id": 143782289, "side": "buy", "size": "519.62720000", "price": "0.74500000", "time": "2025-07-15T23:23:00.905051Z", "fetched_at": "2025-07-15T23:23:24.514347+00:00", "symbol": "ADA-USD"}, {"trade_id": 143782288, "side": "buy", "size": "174.49108308", "price": "0.74500000", "time": "2025-07-15T23:23:00.905051Z", "fetched_at": "2025-07-15T23:23:24.514347+00:00", "symbol": "ADA-USD"}, {"trade_id": 143782287, "side": "buy", "size": "1.50000000", "price": "0.74500000", "time": "2025-07-15T23:23:00.905051Z", "fetched_at": "2025-07-15T23:23:24.514347+00:00", "symbol": "ADA-USD"}, {"trade_id": 143782286, "side": "buy", "size": "174.46766460", "price": "0.74510000", "time": "2025-07-15T23:23:00.185847Z", "fetched_at": "2025-07-15T23:23:24.514347+00:00", "symbol": "ADA-USD"}, {"trade_id": 143782285, "side": "buy", "size": "519.62720000", "price": "0.74520000", "time": "2025-07-15T23:22:58.239779Z", "fetched_at": "2025-07-15T23:23:24.514347+00:00", "symbol": "ADA-USD"}, {"trade_id": 143782284, "side": "buy", "size": "121.87936581", "price": "0.74510000", "time": "2025-07-15T23:22:55.453020Z", "fetched_at": "2025-07-15T23:23:24.514347+00:00", "symbol": "ADA-USD"}, {"trade_id": 143782283, "side": "buy", "size": "46.57108719", "price": "0.74510000", "time": "2025-07-15T23:22:55.453020Z", "fetched_at": "2025-07-15T23:23:24.514347+00:00", "symbol": "ADA-USD"}, {"trade_id": 143782282, "side": "buy", "size": "519.62720000", "price": "0.74520000", "time": "2025-07-15T23:22:55.453020Z", "fetched_at": "2025-07-15T23:23:24.514347+00:00", "symbol": "ADA-USD"}, {"trade_id": 143782281, "side": "sell", "size": "1.50000000", "price": "0.74520000", "time": "2025-07-15T23:22:54.619624Z", "fetched_at": "2025-07-15T23:23:24.514347+00:00", "symbol": "ADA-USD"}, {"trade_id": 143782280, "side": "sell", "size": "3355.56056653", "price": "0.74520000", "time": "2025-07-15T23:22:54.619624Z", "fetched_at": "2025-07-15T23:23:24.514347+00:00", "symbol": "ADA-USD"}, {"trade_id": 143782279, "side": "sell", "size": "3.30599433", "price": "0.74510000", "time": "2025-07-15T23:22:54.612328Z", "fetched_at": "2025-07-15T23:23:24.514347+00:00", "symbol": "ADA-USD"}, {"trade_id": 143782278, "side": "sell", "size": "1209.96648000", "price": "0.74510000", "time": "2025-07-15T23:22:54.612328Z", "fetched_at": "2025-07-15T23:23:24.514347+00:00", "symbol": "ADA-USD"}, {"trade_id": 143782277, "side": "sell", "size": "1.50000000", "price": "0.74510000", "time": "2025-07-15T23:22:54.612328Z", "fetched_at": "2025-07-15T23:23:24.514347+00:00", "symbol": "ADA-USD"}, {"trade_id": 143782276, "side": "sell", "size": "561.76760195", "price": "0.74510000", "time": "2025-07-15T23:22:54.612328Z", "fetched_at": "2025-07-15T23:23:24.514347+00:00", "symbol": "ADA-USD"}, {"trade_id": 143782275, "side": "sell", "size": "1419.40601965", "price": "0.74510000", "time": "2025-07-15T23:22:54.611748Z", "fetched_at": "2025-07-15T23:23:24.514347+00:00", "symbol": "ADA-USD"}, {"trade_id": 143782274, "side": "sell", "size": "1374.38694493", "price": "0.74510000", "time": "2025-07-15T23:22:54.608632Z", "fetched_at": "2025-07-15T23:23:24.514347+00:00", "symbol": "ADA-USD"}, {"trade_id": 143782273, "side": "sell", "size": "65.21164900", "price": "0.74510000", "time": "2025-07-15T23:22:50.846114Z", "fetched_at": "2025-07-15T23:23:24.514347+00:00", "symbol": "ADA-USD"}, {"trade_id": 143782272, "side": "sell", "size": "9.43323155", "price": "0.74500000", "time": "2025-07-15T23:22:49.120788Z", "fetched_at": "2025-07-15T23:23:24.514347+00:00", "symbol": "ADA-USD"}, {"trade_id": 143782271, "side": "sell", "size": "31.53297779", "price": "0.74500000", "time": "2025-07-15T23:22:47.245360Z", "fetched_at": "2025-07-15T23:23:24.514347+00:00", "symbol": "ADA-USD"}, {"trade_id": 143782270, "side": "sell", "size": "165.35599187", "price": "0.74500000", "time": "2025-07-15T23:22:47.245360Z", "fetched_at": "2025-07-15T23:23:24.514347+00:00", "symbol": "ADA-USD"}, {"trade_id": 143782269, "side": "sell", "size": "1.92241000", "price": "0.74500000", "time": "2025-07-15T23:22:47.245360Z", "fetched_at": "2025-07-15T23:23:24.514347+00:00", "symbol": "ADA-USD"}, {"trade_id": 143782268, "side": "sell", "size": "0.00012034", "price": "0.74500000", "time": "2025-07-15T23:22:47.245360Z", "fetched_at": "2025-07-15T23:23:24.514347+00:00", "symbol": "ADA-USD"}, {"trade_id": 143782267, "side": "sell", "size": "1.90364966", "price": "0.74500000", "time": "2025-07-15T23:22:46.705910Z", "fetched_at": "2025-07-15T23:23:24.514347+00:00", "symbol": "ADA-USD"}, {"trade_id": 143782266, "side": "sell", "size": "9.51904748", "price": "0.74500000", "time": "2025-07-15T23:22:46.705910Z", "fetched_at": "2025-07-15T23:23:24.514347+00:00", "symbol": "ADA-USD"}, {"trade_id": 143782265, "side": "sell", "size": "0.00003736", "price": "0.74500000", "time": "2025-07-15T23:22:46.705910Z", "fetched_at": "2025-07-15T23:23:24.514347+00:00", "symbol": "ADA-USD"}, {"trade_id": 143782264, "side": "sell", "size": "40.35786550", "price": "0.74490000", "time": "2025-07-15T23:22:46.705910Z", "fetched_at": "2025-07-15T23:23:24.514347+00:00", "symbol": "ADA-USD"}, {"trade_id": 143782263, "side": "buy", "size": "469.77546584", "price": "0.74470000", "time": "2025-07-15T23:22:46.694704Z", "fetched_at": "2025-07-15T23:23:24.514347+00:00", "symbol": "ADA-USD"}, {"trade_id": 143782262, "side": "buy", "size": "1.50000000", "price": "0.74470000", "time": "2025-07-15T23:22:46.694704Z", "fetched_at": "2025-07-15T23:23:24.514347+00:00", "symbol": "ADA-USD"}, {"trade_id": 143782261, "side": "buy", "size": "844.61440853", "price": "0.74470000", "time": "2025-07-15T23:22:46.694704Z", "fetched_at": "2025-07-15T23:23:24.514347+00:00", "symbol": "ADA-USD"}, {"trade_id": 143782260, "side": "buy", "size": "594.00000000", "price": "0.74470000", "time": "2025-07-15T23:22:46.694704Z", "fetched_at": "2025-07-15T23:23:24.514347+00:00", "symbol": "ADA-USD"}, {"trade_id": 143782259, "side": "buy", "size": "69.34042207", "price": "0.74470000", "time": "2025-07-15T23:22:46.694704Z", "fetched_at": "2025-07-15T23:23:24.514347+00:00", "symbol": "ADA-USD"}, {"trade_id": 143782258, "side": "buy", "size": "3346.51725693", "price": "0.74480000", "time": "2025-07-15T23:22:46.694704Z", "fetched_at": "2025-07-15T23:23:24.514347+00:00", "symbol": "ADA-USD"}, {"trade_id": 143782257, "side": "buy", "size": "476.55439565", "price": "0.74480000", "time": "2025-07-15T23:22:46.694704Z", "fetched_at": "2025-07-15T23:23:24.514347+00:00", "symbol": "ADA-USD"}, {"trade_id": 143782256, "side": "buy", "size": "174.53793890", "price": "0.74480000", "time": "2025-07-15T23:22:46.694704Z", "fetched_at": "2025-07-15T23:23:24.514347+00:00", "symbol": "ADA-USD"}, {"trade_id": 143782255, "side": "buy", "size": "844.61440853", "price": "0.74480000", "time": "2025-07-15T23:22:46.694704Z", "fetched_at": "2025-07-15T23:23:24.514347+00:00", "symbol": "ADA-USD"}, {"trade_id": 143782254, "side": "buy", "size": "2549.11917000", "price": "0.74480000", "time": "2025-07-15T23:22:46.694704Z", "fetched_at": "2025-07-15T23:23:24.514347+00:00", "symbol": "ADA-USD"}, {"trade_id": 143782253, "side": "buy", "size": "1713.06892000", "price": "0.74480000", "time": "2025-07-15T23:22:46.694704Z", "fetched_at": "2025-07-15T23:23:24.514347+00:00", "symbol": "ADA-USD"}, {"trade_id": 143782252, "side": "buy", "size": "1.50000000", "price": "0.74480000", "time": "2025-07-15T23:22:46.694704Z", "fetched_at": "2025-07-15T23:23:24.514347+00:00", "symbol": "ADA-USD"}, {"trade_id": 143782251, "side": "buy", "size": "594.00000000", "price": "0.74480000", "time": "2025-07-15T23:22:46.694704Z", "fetched_at": "2025-07-15T23:23:24.514347+00:00", "symbol": "ADA-USD"}, {"trade_id": 143782250, "side": "buy", "size": "670.56010827", "price": "0.74490000", "time": "2025-07-15T23:22:46.694704Z", "fetched_at": "2025-07-15T23:23:24.514347+00:00", "symbol": "ADA-USD"}, {"trade_id": 143782249, "side": "buy", "size": "1612.64991000", "price": "0.74490000", "time": "2025-07-15T23:22:46.694704Z", "fetched_at": "2025-07-15T23:23:24.514347+00:00", "symbol": "ADA-USD"}, {"trade_id": 143782248, "side": "buy", "size": "594.00000000", "price": "0.74490000", "time": "2025-07-15T23:22:46.694704Z", "fetched_at": "2025-07-15T23:23:24.514347+00:00", "symbol": "ADA-USD"}, {"trade_id": 143782247, "side": "buy", "size": "254.76436000", "price": "0.74490000", "time": "2025-07-15T23:22:46.694704Z", "fetched_at": "2025-07-15T23:23:24.514347+00:00", "symbol": "ADA-USD"}, {"trade_id": 143782246, "side": "buy", "size": "519.62720000", "price": "0.74490000", "time": "2025-07-15T23:22:46.694704Z", "fetched_at": "2025-07-15T23:23:24.514347+00:00", "symbol": "ADA-USD"}, {"trade_id": 143782245, "side": "sell", "size": "1090.43668264", "price": "0.74500000", "time": "2025-07-15T23:22:43.726716Z", "fetched_at": "2025-07-15T23:23:24.514347+00:00", "symbol": "ADA-USD"}, {"trade_id": 143782244, "side": "sell", "size": "169.19271736", "price": "0.74500000", "time": "2025-07-15T23:22:43.726716Z", "fetched_at": "2025-07-15T23:23:24.514347+00:00", "symbol": "ADA-USD"}, {"trade_id": 143782243, "side": "sell", "size": "633.53450000", "price": "0.74500000", "time": "2025-07-15T23:22:43.726716Z", "fetched_at": "2025-07-15T23:23:24.514347+00:00", "symbol": "ADA-USD"}, {"trade_id": 143782242, "side": "sell", "size": "891.00000000", "price": "0.74500000", "time": "2025-07-15T23:22:43.725118Z", "fetched_at": "2025-07-15T23:23:24.514347+00:00", "symbol": "ADA-USD"}, {"trade_id": 143782241, "side": "sell", "size": "891.00000000", "price": "0.74500000", "time": "2025-07-15T23:22:43.723990Z", "fetched_at": "2025-07-15T23:23:24.514347+00:00", "symbol": "ADA-USD"}, {"trade_id": 143782240, "side": "sell", "size": "891.00000000", "price": "0.74500000", "time": "2025-07-15T23:22:43.723752Z", "fetched_at": "2025-07-15T23:23:24.514347+00:00", "symbol": "ADA-USD"}, {"trade_id": 143782239, "side": "sell", "size": "1700.76550000", "price": "0.74500000", "time": "2025-07-15T23:22:43.723059Z", "fetched_at": "2025-07-15T23:23:24.514347+00:00", "symbol": "ADA-USD"}, {"trade_id": 143782238, "side": "sell", "size": "323.77354000", "price": "0.74490000", "time": "2025-07-15T23:22:43.549163Z", "fetched_at": "2025-07-15T23:23:24.514347+00:00", "symbol": "ADA-USD"}, {"trade_id": 143782237, "side": "buy", "size": "174.51450785", "price": "0.74490000", "time": "2025-07-15T23:22:43.513515Z", "fetched_at": "2025-07-15T23:23:24.514347+00:00", "symbol": "ADA-USD"}, {"trade_id": 143782236, "side": "buy", "size": "594.00000000", "price": "0.74490000", "time": "2025-07-15T23:22:43.513515Z", "fetched_at": "2025-07-15T23:23:24.514347+00:00", "symbol": "ADA-USD"}, {"trade_id": 143782235, "side": "buy", "size": "593.03336500", "price": "0.74500000", "time": "2025-07-15T23:22:43.044811Z", "fetched_at": "2025-07-15T23:23:24.514347+00:00", "symbol": "ADA-USD"}, {"trade_id": 143782234, "side": "buy", "size": "0.96663500", "price": "0.74500000", "time": "2025-07-15T23:22:39.698370Z", "fetched_at": "2025-07-15T23:23:24.514347+00:00", "symbol": "ADA-USD"}, {"trade_id": 143782233, "side": "sell", "size": "4.50384850", "price": "0.74500000", "time": "2025-07-15T23:22:35.645075Z", "fetched_at": "2025-07-15T23:23:24.514347+00:00", "symbol": "ADA-USD"}, {"trade_id": 143782232, "side": "sell", "size": "22.51985150", "price": "0.74500000", "time": "2025-07-15T23:22:35.645075Z", "fetched_at": "2025-07-15T23:23:24.514347+00:00", "symbol": "ADA-USD"}, {"trade_id": 143782231, "side": "buy", "size": "519.62720000", "price": "0.74500000", "time": "2025-07-15T23:22:35.008377Z", "fetched_at": "2025-07-15T23:23:24.514347+00:00", "symbol": "ADA-USD"}, {"trade_id": 143782230, "side": "sell", "size": "174.52739935", "price": "0.74500000", "time": "2025-07-15T23:22:34.600683Z", "fetched_at": "2025-07-15T23:23:24.514347+00:00", "symbol": "ADA-USD"}, {"trade_id": 143782229, "side": "sell", "size": "1.50000000", "price": "0.74500000", "time": "2025-07-15T23:22:34.600683Z", "fetched_at": "2025-07-15T23:23:24.514347+00:00", "symbol": "ADA-USD"}, {"trade_id": 143782228, "side": "buy", "size": "138.10669600", "price": "0.74490000", "time": "2025-07-15T23:22:34.080293Z", "fetched_at": "2025-07-15T23:23:24.514347+00:00", "symbol": "ADA-USD"}, {"trade_id": 143782227, "side": "sell", "size": "671.23103772", "price": "0.74490000", "time": "2025-07-15T23:22:33.945566Z", "fetched_at": "2025-07-15T23:23:24.514347+00:00", "symbol": "ADA-USD"}, {"trade_id": 143782226, "side": "sell", "size": "191.78319000", "price": "0.74490000", "time": "2025-07-15T23:22:33.945566Z", "fetched_at": "2025-07-15T23:23:24.514347+00:00", "symbol": "ADA-USD"}, {"trade_id": 143782225, "side": "sell", "size": "174.36209473", "price": "0.74490000", "time": "2025-07-15T23:22:33.945566Z", "fetched_at": "2025-07-15T23:23:24.514347+00:00", "symbol": "ADA-USD"}, {"trade_id": 143782224, "side": "sell", "size": "163.43325000", "price": "0.74490000", "time": "2025-07-15T23:22:33.945566Z", "fetched_at": "2025-07-15T23:23:24.514347+00:00", "symbol": "ADA-USD"}, {"trade_id": 143782223, "side": "sell", "size": "1.50000000", "price": "0.74490000", "time": "2025-07-15T23:22:33.945566Z", "fetched_at": "2025-07-15T23:23:24.514347+00:00", "symbol": "ADA-USD"}, {"trade_id": 143782222, "side": "buy", "size": "3.37341600", "price": "0.74480000", "time": "2025-07-15T23:22:30.883301Z", "fetched_at": "2025-07-15T23:23:24.514347+00:00", "symbol": "ADA-USD"}, {"trade_id": 143782221, "side": "buy", "size": "263.10437500", "price": "0.74480000", "time": "2025-07-15T23:22:26.935271Z", "fetched_at": "2025-07-15T23:23:24.514347+00:00", "symbol": "ADA-USD"}, {"trade_id": 143782220, "side": "sell", "size": "526.97361465", "price": "0.74480000", "time": "2025-07-15T23:22:25.493952Z", "fetched_at": "2025-07-15T23:23:24.514347+00:00", "symbol": "ADA-USD"}, {"trade_id": 143782219, "side": "sell", "size": "592.46142535", "price": "0.74480000", "time": "2025-07-15T23:22:25.493470Z", "fetched_at": "2025-07-15T23:23:24.514347+00:00", "symbol": "ADA-USD"}, {"trade_id": 143782218, "side": "sell", "size": "174.36209473", "price": "0.74480000", "time": "2025-07-15T23:22:25.493470Z", "fetched_at": "2025-07-15T23:23:24.514347+00:00", "symbol": "ADA-USD"}, {"trade_id": 143782217, "side": "sell", "size": "390.71273047", "price": "0.74480000", "time": "2025-07-15T23:22:25.493470Z", "fetched_at": "2025-07-15T23:23:24.514347+00:00", "symbol": "ADA-USD"}, {"trade_id": 143782216, "side": "sell", "size": "5032.10000000", "price": "0.74480000", "time": "2025-07-15T23:22:25.493470Z", "fetched_at": "2025-07-15T23:23:24.514347+00:00", "symbol": "ADA-USD"}, {"trade_id": 143782215, "side": "sell", "size": "0.00007656", "price": "0.74470000", "time": "2025-07-15T23:22:25.415828Z", "fetched_at": "2025-07-15T23:23:24.514347+00:00", "symbol": "ADA-USD"}, {"trade_id": 143782214, "side": "sell", "size": "638.82290000", "price": "0.74470000", "time": "2025-07-15T23:22:25.164954Z", "fetched_at": "2025-07-15T23:23:24.514347+00:00", "symbol": "ADA-USD"}, {"trade_id": 143782213, "side": "sell", "size": "32.58833000", "price": "0.74470000", "time": "2025-07-15T23:22:25.161057Z", "fetched_at": "2025-07-15T23:23:24.514347+00:00", "symbol": "ADA-USD"}, {"trade_id": 143782212, "side": "buy", "size": "6.65995097", "price": "0.74470000", "time": "2025-07-15T23:22:25.094033Z", "fetched_at": "2025-07-15T23:23:24.514347+00:00", "symbol": "ADA-USD"}, {"trade_id": 143782211, "side": "buy", "size": "505.71307600", "price": "0.74470000", "time": "2025-07-15T23:22:25.094033Z", "fetched_at": "2025-07-15T23:23:24.514347+00:00", "symbol": "ADA-USD"}, {"trade_id": 143782210, "side": "buy", "size": "88.28692400", "price": "0.74470000", "time": "2025-07-15T23:22:23.549265Z", "fetched_at": "2025-07-15T23:23:24.514347+00:00", "symbol": "ADA-USD"}, {"trade_id": 143782209, "side": "sell", "size": "405.48968000", "price": "0.74480000", "time": "2025-07-15T23:22:23.199396Z", "fetched_at": "2025-07-15T23:23:24.514347+00:00", "symbol": "ADA-USD"}, {"trade_id": 143782208, "side": "sell", "size": "30.69701330", "price": "0.74470000", "time": "2025-07-15T23:22:23.197539Z", "fetched_at": "2025-07-15T23:23:24.514347+00:00", "symbol": "ADA-USD"}, {"trade_id": 143782207, "side": "sell", "size": "405.48968000", "price": "0.74470000", "time": "2025-07-15T23:22:23.193397Z", "fetched_at": "2025-07-15T23:23:24.514347+00:00", "symbol": "ADA-USD"}, {"trade_id": 143782206, "side": "buy", "size": "67.99020000", "price": "0.74460000", "time": "2025-07-15T23:22:23.189327Z", "fetched_at": "2025-07-15T23:23:24.514347+00:00", "symbol": "ADA-USD"}, {"trade_id": 143782205, "side": "buy", "size": "527.50980000", "price": "0.74470000", "time": "2025-07-15T23:22:23.189312Z", "fetched_at": "2025-07-15T23:23:24.514347+00:00", "symbol": "ADA-USD"}, {"trade_id": 143782204, "side": "buy", "size": "66.49020000", "price": "0.74470000", "time": "2025-07-15T23:22:23.189015Z", "fetched_at": "2025-07-15T23:23:24.514347+00:00", "symbol": "ADA-USD"}, {"trade_id": 143782203, "side": "buy", "size": "1.50000000", "price": "0.74470000", "time": "2025-07-15T23:22:23.189015Z", "fetched_at": "2025-07-15T23:23:24.514347+00:00", "symbol": "ADA-USD"}, {"trade_id": 143782202, "side": "buy", "size": "7.21572159", "price": "0.74480000", "time": "2025-07-15T23:22:23.188843Z", "fetched_at": "2025-07-15T23:23:24.514347+00:00", "symbol": "ADA-USD"}, {"trade_id": 143782201, "side": "buy", "size": "1.50000000", "price": "0.74480000", "time": "2025-07-15T23:22:23.188843Z", "fetched_at": "2025-07-15T23:23:24.514347+00:00", "symbol": "ADA-USD"}, {"trade_id": 143782200, "side": "buy", "size": "594.00000000", "price": "0.74480000", "time": "2025-07-15T23:22:23.188843Z", "fetched_at": "2025-07-15T23:23:24.514347+00:00", "symbol": "ADA-USD"}, {"trade_id": 143782199, "side": "sell", "size": "15.60152900", "price": "0.74510000", "time": "2025-07-15T23:22:17.957802Z", "fetched_at": "2025-07-15T23:23:24.514347+00:00", "symbol": "ADA-USD"}, {"trade_id": 143782198, "side": "buy", "size": "174.42005772", "price": "0.74510000", "time": "2025-07-15T23:22:14.566674Z", "fetched_at": "2025-07-15T23:23:24.514347+00:00", "symbol": "ADA-USD"}, {"trade_id": 143782197, "side": "sell", "size": "594.00000000", "price": "0.74520000", "time": "2025-07-15T23:22:14.556311Z", "fetched_at": "2025-07-15T23:23:24.514347+00:00", "symbol": "ADA-USD"}, {"trade_id": 143782196, "side": "sell", "size": "14.86417770", "price": "0.74510000", "time": "2025-07-15T23:22:14.553372Z", "fetched_at": "2025-07-15T23:23:24.514347+00:00", "symbol": "ADA-USD"}, {"trade_id": 143782195, "side": "sell", "size": "1.75162797", "price": "0.74510000", "time": "2025-07-15T23:22:14.553372Z", "fetched_at": "2025-07-15T23:23:24.514347+00:00", "symbol": "ADA-USD"}, {"trade_id": 143782194, "side": "sell", "size": "34.49596933", "price": "0.74510000", "time": "2025-07-15T23:22:14.553372Z", "fetched_at": "2025-07-15T23:23:24.514347+00:00", "symbol": "ADA-USD"}, {"trade_id": 143782193, "side": "buy", "size": "661.52849822", "price": "0.74510000", "time": "2025-07-15T23:22:14.544224Z", "fetched_at": "2025-07-15T23:23:24.514347+00:00", "symbol": "ADA-USD"}, {"trade_id": 143782192, "side": "sell", "size": "2.33550395", "price": "0.74510000", "time": "2025-07-15T23:22:14.538613Z", "fetched_at": "2025-07-15T23:23:24.514347+00:00", "symbol": "ADA-USD"}, {"trade_id": 143782191, "side": "sell", "size": "56.02898117", "price": "0.74510000", "time": "2025-07-15T23:22:14.538613Z", "fetched_at": "2025-07-15T23:23:24.514347+00:00", "symbol": "ADA-USD"}, {"trade_id": 143782190, "side": "sell", "size": "30.10306618", "price": "0.74490000", "time": "2025-07-15T23:22:14.538613Z", "fetched_at": "2025-07-15T23:23:24.514347+00:00", "symbol": "ADA-USD"}, {"trade_id": 143782189, "side": "sell", "size": "57.26126466", "price": "0.74490000", "time": "2025-07-15T23:22:14.531971Z", "fetched_at": "2025-07-15T23:23:24.514347+00:00", "symbol": "ADA-USD"}, {"trade_id": 143782188, "side": "buy", "size": "3.11400525", "price": "0.74490000", "time": "2025-07-15T23:22:14.526431Z", "fetched_at": "2025-07-15T23:23:24.514347+00:00", "symbol": "ADA-USD"}, {"trade_id": 143782187, "side": "buy", "size": "4.15200700", "price": "0.74490000", "time": "2025-07-15T23:22:14.526431Z", "fetched_at": "2025-07-15T23:23:24.514347+00:00", "symbol": "ADA-USD"}, {"trade_id": 143782186, "side": "buy", "size": "3564.00000000", "price": "0.74480000", "time": "2025-07-15T23:22:14.519811Z", "fetched_at": "2025-07-15T23:23:24.514347+00:00", "symbol": "ADA-USD"}, {"trade_id": 143782185, "side": "buy", "size": "6873.56320000", "price": "0.74480000", "time": "2025-07-15T23:22:14.519305Z", "fetched_at": "2025-07-15T23:23:24.514347+00:00", "symbol": "ADA-USD"}, {"trade_id": 143782184, "side": "buy", "size": "2663.65798425", "price": "0.74480000", "time": "2025-07-15T23:22:14.518970Z", "fetched_at": "2025-07-15T23:23:24.514347+00:00", "symbol": "ADA-USD"}, {"trade_id": 143782183, "side": "buy", "size": "9.34201575", "price": "0.74490000", "time": "2025-07-15T23:22:14.518970Z", "fetched_at": "2025-07-15T23:23:24.514347+00:00", "symbol": "ADA-USD"}, {"trade_id": 143782182, "side": "sell", "size": "385.69369859", "price": "0.74500000", "time": "2025-07-15T23:22:14.518928Z", "fetched_at": "2025-07-15T23:23:24.514347+00:00", "symbol": "ADA-USD"}, {"trade_id": 143782181, "side": "sell", "size": "1466.97089000", "price": "0.74490000", "time": "2025-07-15T23:22:14.518579Z", "fetched_at": "2025-07-15T23:23:24.514347+00:00", "symbol": "ADA-USD"}, {"trade_id": 143782180, "side": "buy", "size": "6637.12330000", "price": "0.74480000", "time": "2025-07-15T23:22:14.518229Z", "fetched_at": "2025-07-15T23:23:24.514347+00:00", "symbol": "ADA-USD"}, {"trade_id": 143782179, "side": "sell", "size": "19.79598141", "price": "0.74500000", "time": "2025-07-15T23:22:14.516445Z", "fetched_at": "2025-07-15T23:23:24.514347+00:00", "symbol": "ADA-USD"}, {"trade_id": 143782178, "side": "buy", "size": "16977.91699490", "price": "0.74480000", "time": "2025-07-15T23:22:14.513929Z", "fetched_at": "2025-07-15T23:23:24.514347+00:00", "symbol": "ADA-USD"}, {"trade_id": 143782177, "side": "buy", "size": "390.09794466", "price": "0.74480000", "time": "2025-07-15T23:22:14.513929Z", "fetched_at": "2025-07-15T23:23:24.514347+00:00", "symbol": "ADA-USD"}, {"trade_id": 143782176, "side": "buy", "size": "275.69095044", "price": "0.74480000", "time": "2025-07-15T23:22:14.513929Z", "fetched_at": "2025-07-15T23:23:24.514347+00:00", "symbol": "ADA-USD"}, {"trade_id": 143782175, "side": "buy", "size": "1.50000000", "price": "0.74480000", "time": "2025-07-15T23:22:14.513929Z", "fetched_at": "2025-07-15T23:23:24.514347+00:00", "symbol": "ADA-USD"}, {"trade_id": 143782174, "side": "buy", "size": "1200.00000000", "price": "0.74490000", "time": "2025-07-15T23:22:14.512905Z", "fetched_at": "2025-07-15T23:23:24.514347+00:00", "symbol": "ADA-USD"}, {"trade_id": 143782173, "side": "buy", "size": "4024.95471926", "price": "0.74490000", "time": "2025-07-15T23:22:14.512905Z", "fetched_at": "2025-07-15T23:23:24.514347+00:00", "symbol": "ADA-USD"}, {"trade_id": 143782172, "side": "buy", "size": "4421.80245374", "price": "0.74490000", "time": "2025-07-15T23:22:14.512905Z", "fetched_at": "2025-07-15T23:23:24.514347+00:00", "symbol": "ADA-USD"}, {"trade_id": 143782171, "side": "buy", "size": "275.69095044", "price": "0.74530000", "time": "2025-07-15T23:22:14.512698Z", "fetched_at": "2025-07-15T23:23:24.514347+00:00", "symbol": "ADA-USD"}, {"trade_id": 143782170, "side": "buy", "size": "67.99020000", "price": "0.74490000", "time": "2025-07-15T23:22:14.511310Z", "fetched_at": "2025-07-15T23:23:24.514347+00:00", "symbol": "ADA-USD"}, {"trade_id": 143782169, "side": "buy", "size": "5950.09842626", "price": "0.74490000", "time": "2025-07-15T23:22:14.509749Z", "fetched_at": "2025-07-15T23:23:24.514347+00:00", "symbol": "ADA-USD"}, {"trade_id": 143782168, "side": "buy", "size": "500.00000000", "price": "0.74490000", "time": "2025-07-15T23:22:14.509749Z", "fetched_at": "2025-07-15T23:23:24.514347+00:00", "symbol": "ADA-USD"}, {"trade_id": 143782167, "side": "buy", "size": "658.90724734", "price": "0.74490000", "time": "2025-07-15T23:22:14.509749Z", "fetched_at": "2025-07-15T23:23:24.514347+00:00", "symbol": "ADA-USD"}, {"trade_id": 143782166, "side": "buy", "size": "1.50000000", "price": "0.74490000", "time": "2025-07-15T23:22:14.509749Z", "fetched_at": "2025-07-15T23:23:24.514347+00:00", "symbol": "ADA-USD"}, {"trade_id": 143782165, "side": "buy", "size": "190.71800781", "price": "0.74500000", "time": "2025-07-15T23:22:14.509749Z", "fetched_at": "2025-07-15T23:23:24.514347+00:00", "symbol": "ADA-USD"}, {"trade_id": 143782164, "side": "buy", "size": "658.79266623", "price": "0.74500000", "time": "2025-07-15T23:22:14.509749Z", "fetched_at": "2025-07-15T23:23:24.514347+00:00", "symbol": "ADA-USD"}, {"trade_id": 143782163, "side": "buy", "size": "1.50000000", "price": "0.74500000", "time": "2025-07-15T23:22:14.509749Z", "fetched_at": "2025-07-15T23:23:24.514347+00:00", "symbol": "ADA-USD"}, {"trade_id": 143782162, "side": "buy", "size": "594.00000000", "price": "0.74500000", "time": "2025-07-15T23:22:14.509749Z", "fetched_at": "2025-07-15T23:23:24.514347+00:00", "symbol": "ADA-USD"}, {"trade_id": 143782161, "side": "buy", "size": "275.69095044", "price": "0.74500000", "time": "2025-07-15T23:22:14.509749Z", "fetched_at": "2025-07-15T23:23:24.514347+00:00", "symbol": "ADA-USD"}, {"trade_id": 143782160, "side": "buy", "size": "1.50000000", "price": "0.74510000", "time": "2025-07-15T23:22:14.509749Z", "fetched_at": "2025-07-15T23:23:24.514347+00:00", "symbol": "ADA-USD"}, {"trade_id": 143782159, "side": "buy", "size": "594.00000000", "price": "0.74510000", "time": "2025-07-15T23:22:14.509749Z", "fetched_at": "2025-07-15T23:23:24.514347+00:00", "symbol": "ADA-USD"}, {"trade_id": 143782158, "side": "buy", "size": "1.50000000", "price": "0.74520000", "time": "2025-07-15T23:22:14.509749Z", "fetched_at": "2025-07-15T23:23:24.514347+00:00", "symbol": "ADA-USD"}, {"trade_id": 143782157, "side": "buy", "size": "4988.30000000", "price": "0.74520000", "time": "2025-07-15T23:22:14.509749Z", "fetched_at": "2025-07-15T23:23:24.514347+00:00", "symbol": "ADA-USD"}, {"trade_id": 143782156, "side": "buy", "size": "819.63254413", "price": "0.74530000", "time": "2025-07-15T23:22:14.509047Z", "fetched_at": "2025-07-15T23:23:24.514347+00:00", "symbol": "ADA-USD"}, {"trade_id": 143782155, "side": "buy", "size": "390.09794466", "price": "0.74530000", "time": "2025-07-15T23:22:14.509047Z", "fetched_at": "2025-07-15T23:23:24.514347+00:00", "symbol": "ADA-USD"}, {"trade_id": 143782154, "side": "buy", "size": "264.09031743", "price": "0.74530000", "time": "2025-07-15T23:22:14.509047Z", "fetched_at": "2025-07-15T23:23:24.514347+00:00", "symbol": "ADA-USD"}, {"trade_id": 143782153, "side": "buy", "size": "69.53930960", "price": "0.74530000", "time": "2025-07-15T23:22:14.509047Z", "fetched_at": "2025-07-15T23:23:24.514347+00:00", "symbol": "ADA-USD"}, {"trade_id": 143782152, "side": "buy", "size": "206.15164084", "price": "0.74530000", "time": "2025-07-15T23:22:14.508157Z", "fetched_at": "2025-07-15T23:23:24.514347+00:00", "symbol": "ADA-USD"}, {"trade_id": 143782151, "side": "buy", "size": "594.00000000", "price": "0.74530000", "time": "2025-07-15T23:22:14.508157Z", "fetched_at": "2025-07-15T23:23:24.514347+00:00", "symbol": "ADA-USD"}, {"trade_id": 143782150, "side": "buy", "size": "694.86925047", "price": "0.74530000", "time": "2025-07-15T23:22:14.508157Z", "fetched_at": "2025-07-15T23:23:24.514347+00:00", "symbol": "ADA-USD"}, {"trade_id": 143782149, "side": "buy", "size": "815.39522882", "price": "0.74530000", "time": "2025-07-15T23:22:14.508157Z", "fetched_at": "2025-07-15T23:23:24.514347+00:00", "symbol": "ADA-USD"}, {"trade_id": 143782148, "side": "buy", "size": "29.21917971", "price": "0.74530000", "time": "2025-07-15T23:22:14.507811Z", "fetched_at": "2025-07-15T23:23:24.514347+00:00", "symbol": "ADA-USD"}, {"trade_id": 143782147, "side": "buy", "size": "568.83379473", "price": "0.74530000", "time": "2025-07-15T23:22:14.507811Z", "fetched_at": "2025-07-15T23:23:24.514347+00:00", "symbol": "ADA-USD"}, {"trade_id": 143782146, "side": "buy", "size": "1712.14976000", "price": "0.74530000", "time": "2025-07-15T23:22:14.507811Z", "fetched_at": "2025-07-15T23:23:24.514347+00:00", "symbol": "ADA-USD"}, {"trade_id": 143782145, "side": "buy", "size": "1.50000000", "price": "0.74530000", "time": "2025-07-15T23:22:14.507811Z", "fetched_at": "2025-07-15T23:23:24.514347+00:00", "symbol": "ADA-USD"}, {"trade_id": 143782144, "side": "buy", "size": "670.77702721", "price": "0.74540000", "time": "2025-07-15T23:22:14.507811Z", "fetched_at": "2025-07-15T23:23:24.514347+00:00", "symbol": "ADA-USD"}, {"trade_id": 143782143, "side": "buy", "size": "79.17813081", "price": "0.74540000", "time": "2025-07-15T23:22:14.507811Z", "fetched_at": "2025-07-15T23:23:24.514347+00:00", "symbol": "ADA-USD"}, {"trade_id": 143782142, "side": "buy", "size": "2460.81722919", "price": "0.74540000", "time": "2025-07-15T23:22:14.507686Z", "fetched_at": "2025-07-15T23:23:24.514347+00:00", "symbol": "ADA-USD"}, {"trade_id": 143782141, "side": "buy", "size": "1712.14976000", "price": "0.74540000", "time": "2025-07-15T23:22:14.507686Z", "fetched_at": "2025-07-15T23:23:24.514347+00:00", "symbol": "ADA-USD"}, {"trade_id": 143782140, "side": "buy", "size": "594.00000000", "price": "0.74540000", "time": "2025-07-15T23:22:14.507686Z", "fetched_at": "2025-07-15T23:23:24.514347+00:00", "symbol": "ADA-USD"}, {"trade_id": 143782139, "side": "buy", "size": "174.32647218", "price": "0.74550000", "time": "2025-07-15T23:22:14.507548Z", "fetched_at": "2025-07-15T23:23:24.514347+00:00", "symbol": "ADA-USD"}, {"trade_id": 143782138, "side": "buy", "size": "1612.64991000", "price": "0.74550000", "time": "2025-07-15T23:22:14.507548Z", "fetched_at": "2025-07-15T23:23:24.514347+00:00", "symbol": "ADA-USD"}, {"trade_id": 143782137, "side": "buy", "size": "254.76436000", "price": "0.74550000", "time": "2025-07-15T23:22:14.507548Z", "fetched_at": "2025-07-15T23:23:24.514347+00:00", "symbol": "ADA-USD"}, {"trade_id": 143782136, "side": "buy", "size": "22.14403734", "price": "0.74550000", "time": "2025-07-15T23:22:14.507548Z", "fetched_at": "2025-07-15T23:23:24.514347+00:00", "symbol": "ADA-USD"}, {"trade_id": 143782135, "side": "sell", "size": "13.23848594", "price": "0.74550000", "time": "2025-07-15T23:22:13.707001Z", "fetched_at": "2025-07-15T23:23:24.514347+00:00", "symbol": "ADA-USD"}, {"trade_id": 143782134, "side": "sell", "size": "558.58556000", "price": "0.74550000", "time": "2025-07-15T23:22:13.707001Z", "fetched_at": "2025-07-15T23:23:24.514347+00:00", "symbol": "ADA-USD"}, {"trade_id": 143782133, "side": "sell", "size": "67.99020000", "price": "0.74540000", "time": "2025-07-15T23:22:11.778937Z", "fetched_at": "2025-07-15T23:23:24.514347+00:00", "symbol": "ADA-USD"}, {"trade_id": 143782132, "side": "buy", "size": "174.32647218", "price": "0.74550000", "time": "2025-07-15T23:22:11.754743Z", "fetched_at": "2025-07-15T23:23:24.514347+00:00", "symbol": "ADA-USD"}, {"trade_id": 143782131, "side": "sell", "size": "10.00000000", "price": "0.74560000", "time": "2025-07-15T23:22:10.849081Z", "fetched_at": "2025-07-15T23:23:24.514347+00:00", "symbol": "ADA-USD"}, {"trade_id": 143782130, "side": "sell", "size": "35.18158000", "price": "0.74560000", "time": "2025-07-15T23:22:06.983528Z", "fetched_at": "2025-07-15T23:23:24.514347+00:00", "symbol": "ADA-USD"}, {"trade_id": 143782129, "side": "sell", "size": "174.40793596", "price": "0.74560000", "time": "2025-07-15T23:22:06.983528Z", "fetched_at": "2025-07-15T23:23:24.514347+00:00", "symbol": "ADA-USD"}, {"trade_id": 143782128, "side": "sell", "size": "1.50000000", "price": "0.74560000", "time": "2025-07-15T23:22:06.983528Z", "fetched_at": "2025-07-15T23:23:24.514347+00:00", "symbol": "ADA-USD"}, {"trade_id": 143782127, "side": "sell", "size": "216.42132000", "price": "0.74550000", "time": "2025-07-15T23:22:06.940703Z", "fetched_at": "2025-07-15T23:23:24.514347+00:00", "symbol": "ADA-USD"}, {"trade_id": 143782126, "side": "sell", "size": "1.50000000", "price": "0.74550000", "time": "2025-07-15T23:22:06.940703Z", "fetched_at": "2025-07-15T23:23:24.514347+00:00", "symbol": "ADA-USD"}, {"trade_id": 143782125, "side": "sell", "size": "906.19833308", "price": "0.74550000", "time": "2025-07-15T23:22:06.940703Z", "fetched_at": "2025-07-15T23:23:24.514347+00:00", "symbol": "ADA-USD"}, {"trade_id": 143782124, "side": "sell", "size": "76.83657000", "price": "0.74540000", "time": "2025-07-15T23:22:06.162709Z", "fetched_at": "2025-07-15T23:23:24.514347+00:00", "symbol": "ADA-USD"}, {"trade_id": 143782123, "side": "sell", "size": "169.72182000", "price": "0.74520000", "time": "2025-07-15T23:22:05.928724Z", "fetched_at": "2025-07-15T23:23:24.514347+00:00", "symbol": "ADA-USD"}, {"trade_id": 143782122, "side": "sell", "size": "126.80788000", "price": "0.74520000", "time": "2025-07-15T23:22:05.928724Z", "fetched_at": "2025-07-15T23:23:24.514347+00:00", "symbol": "ADA-USD"}, {"trade_id": 143782121, "side": "buy", "size": "109.75433388", "price": "0.74510000", "time": "2025-07-15T23:22:02.713532Z", "fetched_at": "2025-07-15T23:23:24.514347+00:00", "symbol": "ADA-USD"}, {"trade_id": 143782120, "side": "buy", "size": "29.52538312", "price": "0.74510000", "time": "2025-07-15T23:22:02.713532Z", "fetched_at": "2025-07-15T23:23:24.514347+00:00", "symbol": "ADA-USD"}, {"trade_id": 143782119, "side": "sell", "size": "174.43173810", "price": "0.74510000", "time": "2025-07-15T23:22:01.294663Z", "fetched_at": "2025-07-15T23:23:24.514347+00:00", "symbol": "ADA-USD"}, {"trade_id": 143782118, "side": "sell", "size": "221.73798000", "price": "0.74510000", "time": "2025-07-15T23:22:01.294663Z", "fetched_at": "2025-07-15T23:23:24.514347+00:00", "symbol": "ADA-USD"}, {"trade_id": 143782117, "side": "buy", "size": "4.11740388", "price": "0.74510000", "time": "2025-07-15T23:21:56.329943Z", "fetched_at": "2025-07-15T23:23:24.514347+00:00", "symbol": "ADA-USD"}, {"trade_id": 143782116, "side": "sell", "size": "135.66519100", "price": "0.74520000", "time": "2025-07-15T23:21:54.443680Z", "fetched_at": "2025-07-15T23:23:24.514347+00:00", "symbol": "ADA-USD"}, {"trade_id": 143782115, "side": "sell", "size": "118.80000000", "price": "0.74520000", "time": "2025-07-15T23:21:54.443680Z", "fetched_at": "2025-07-15T23:23:24.514347+00:00", "symbol": "ADA-USD"}, {"trade_id": 143782114, "side": "buy", "size": "25.04828040", "price": "0.74520000", "time": "2025-07-15T23:21:51.726612Z", "fetched_at": "2025-07-15T23:23:24.514347+00:00", "symbol": "ADA-USD"}, {"trade_id": 143782113, "side": "sell", "size": "105.07877720", "price": "0.74530000", "time": "2025-07-15T23:21:45.744765Z", "fetched_at": "2025-07-15T23:23:24.514347+00:00", "symbol": "ADA-USD"}, {"trade_id": 143782112, "side": "buy", "size": "22.19293770", "price": "0.74500000", "time": "2025-07-15T23:21:45.575275Z", "fetched_at": "2025-07-15T23:23:24.514347+00:00", "symbol": "ADA-USD"}, {"trade_id": 143782111, "side": "buy", "size": "1.50000000", "price": "0.74500000", "time": "2025-07-15T23:21:45.575275Z", "fetched_at": "2025-07-15T23:23:24.514347+00:00", "symbol": "ADA-USD"}, {"trade_id": 143782110, "side": "buy", "size": "650.52901278", "price": "0.74510000", "time": "2025-07-15T23:21:45.575275Z", "fetched_at": "2025-07-15T23:23:24.514347+00:00", "symbol": "ADA-USD"}, {"trade_id": 143782109, "side": "buy", "size": "676.42914061", "price": "0.74510000", "time": "2025-07-15T23:21:45.575275Z", "fetched_at": "2025-07-15T23:23:24.514347+00:00", "symbol": "ADA-USD"}, {"trade_id": 143782108, "side": "buy", "size": "594.00000000", "price": "0.74510000", "time": "2025-07-15T23:21:45.575275Z", "fetched_at": "2025-07-15T23:23:24.514347+00:00", "symbol": "ADA-USD"}, {"trade_id": 143782107, "side": "buy", "size": "594.00000000", "price": "0.74520000", "time": "2025-07-15T23:21:45.575275Z", "fetched_at": "2025-07-15T23:23:24.514347+00:00", "symbol": "ADA-USD"}, {"trade_id": 143782106, "side": "buy", "size": "32.34439491", "price": "0.74520000", "time": "2025-07-15T23:21:45.575275Z", "fetched_at": "2025-07-15T23:23:24.514347+00:00", "symbol": "ADA-USD"}, {"trade_id": 143782105, "side": "buy", "size": "65.80096192", "price": "0.74530000", "time": "2025-07-15T23:21:45.122090Z", "fetched_at": "2025-07-15T23:23:24.514347+00:00", "symbol": "ADA-USD"}, {"trade_id": 143782104, "side": "buy", "size": "174.34985915", "price": "0.74540000", "time": "2025-07-15T23:21:45.041967Z", "fetched_at": "2025-07-15T23:23:24.514347+00:00", "symbol": "ADA-USD"}, {"trade_id": 143782103, "side": "sell", "size": "35.17714000", "price": "0.74540000", "time": "2025-07-15T23:21:41.003475Z", "fetched_at": "2025-07-15T23:23:24.514347+00:00", "symbol": "ADA-USD"}, {"trade_id": 143782102, "side": "sell", "size": "65.02969928", "price": "0.74540000", "time": "2025-07-15T23:21:41.003475Z", "fetched_at": "2025-07-15T23:23:24.514347+00:00", "symbol": "ADA-USD"}, {"trade_id": 143782101, "side": "sell", "size": "109.35602000", "price": "0.74540000", "time": "2025-07-15T23:21:40.999698Z", "fetched_at": "2025-07-15T23:23:24.514347+00:00", "symbol": "ADA-USD"}, {"trade_id": 143782100, "side": "sell", "size": "1.50000000", "price": "0.74540000", "time": "2025-07-15T23:21:40.999698Z", "fetched_at": "2025-07-15T23:23:24.514347+00:00", "symbol": "ADA-USD"}, {"trade_id": 143782099, "side": "sell", "size": "303.84598000", "price": "0.74520000", "time": "2025-07-15T23:21:35.332366Z", "fetched_at": "2025-07-15T23:23:24.514347+00:00", "symbol": "ADA-USD"}, {"trade_id": 143782098, "side": "buy", "size": "209.77470841", "price": "0.74510000", "time": "2025-07-15T23:21:34.720851Z", "fetched_at": "2025-07-15T23:23:24.514347+00:00", "symbol": "ADA-USD"}, {"trade_id": 143782097, "side": "buy", "size": "4.14117059", "price": "0.74520000", "time": "2025-07-15T23:21:34.720851Z", "fetched_at": "2025-07-15T23:23:24.514347+00:00", "symbol": "ADA-USD"}, {"trade_id": 143782096, "side": "buy", "size": "6.22071477", "price": "0.74530000", "time": "2025-07-15T23:21:34.023311Z", "fetched_at": "2025-07-15T23:23:24.514347+00:00", "symbol": "ADA-USD"}, {"trade_id": 143782095, "side": "buy", "size": "5.67147465", "price": "0.74540000", "time": "2025-07-15T23:21:32.910218Z", "fetched_at": "2025-07-15T23:23:24.514347+00:00", "symbol": "ADA-USD"}, {"trade_id": 143782094, "side": "sell", "size": "6.64340400", "price": "0.74550000", "time": "2025-07-15T23:21:32.207194Z", "fetched_at": "2025-07-15T23:23:24.514347+00:00", "symbol": "ADA-USD"}, {"trade_id": 143782093, "side": "sell", "size": "200.63636000", "price": "0.74540000", "time": "2025-07-15T23:21:31.491295Z", "fetched_at": "2025-07-15T23:23:24.514347+00:00", "symbol": "ADA-USD"}, {"trade_id": 143782092, "side": "sell", "size": "260.58580000", "price": "0.74540000", "time": "2025-07-15T23:21:29.977475Z", "fetched_at": "2025-07-15T23:23:24.514347+00:00", "symbol": "ADA-USD"}, {"trade_id": 143782091, "side": "buy", "size": "4.41120109", "price": "0.74530000", "time": "2025-07-15T23:21:24.860853Z", "fetched_at": "2025-07-15T23:23:24.514347+00:00", "symbol": "ADA-USD"}, {"trade_id": 143782090, "side": "buy", "size": "4.69562327", "price": "0.74540000", "time": "2025-07-15T23:21:24.579134Z", "fetched_at": "2025-07-15T23:23:24.514347+00:00", "symbol": "ADA-USD"}, {"trade_id": 143782089, "side": "buy", "size": "174.32647217", "price": "0.74550000", "time": "2025-07-15T23:21:22.630422Z", "fetched_at": "2025-07-15T23:23:24.514347+00:00", "symbol": "ADA-USD"}, {"trade_id": 143782088, "side": "buy", "size": "33.89110200", "price": "0.74550000", "time": "2025-07-15T23:21:22.433681Z", "fetched_at": "2025-07-15T23:23:24.514347+00:00", "symbol": "ADA-USD"}, {"trade_id": 143782087, "side": "sell", "size": "124.81648874", "price": "0.74550000", "time": "2025-07-15T23:21:20.018989Z", "fetched_at": "2025-07-15T23:23:24.514347+00:00", "symbol": "ADA-USD"}, {"trade_id": 143782086, "side": "sell", "size": "1.50000000", "price": "0.74550000", "time": "2025-07-15T23:21:20.018989Z", "fetched_at": "2025-07-15T23:23:24.514347+00:00", "symbol": "ADA-USD"}, {"trade_id": 143782085, "side": "sell", "size": "1.50000000", "price": "0.74540000", "time": "2025-07-15T23:21:19.518881Z", "fetched_at": "2025-07-15T23:23:24.514347+00:00", "symbol": "ADA-USD"}, {"trade_id": 143782084, "side": "sell", "size": "35.18642000", "price": "0.74530000", "time": "2025-07-15T23:21:19.476475Z", "fetched_at": "2025-07-15T23:23:24.514347+00:00", "symbol": "ADA-USD"}, {"trade_id": 143782083, "side": "sell", "size": "174.43212513", "price": "0.74530000", "time": "2025-07-15T23:21:19.476475Z", "fetched_at": "2025-07-15T23:23:24.514347+00:00", "symbol": "ADA-USD"}, {"trade_id": 143782082, "side": "sell", "size": "1.50000000", "price": "0.74530000", "time": "2025-07-15T23:21:19.476475Z", "fetched_at": "2025-07-15T23:23:24.514347+00:00", "symbol": "ADA-USD"}, {"trade_id": 143782081, "side": "sell", "size": "34.88151000", "price": "0.74520000", "time": "2025-07-15T23:21:19.384778Z", "fetched_at": "2025-07-15T23:23:24.514347+00:00", "symbol": "ADA-USD"}, {"trade_id": 143782080, "side": "sell", "size": "6.31123300", "price": "0.74510000", "time": "2025-07-15T23:21:18.209117Z", "fetched_at": "2025-07-15T23:23:24.514347+00:00", "symbol": "ADA-USD"}, {"trade_id": 143782079, "side": "buy", "size": "13.76319785", "price": "0.74500000", "time": "2025-07-15T23:21:18.082883Z", "fetched_at": "2025-07-15T23:23:24.514347+00:00", "symbol": "ADA-USD"}, {"trade_id": 143782078, "side": "buy", "size": "48.56637015", "price": "0.74510000", "time": "2025-07-15T23:21:18.082883Z", "fetched_at": "2025-07-15T23:23:24.514347+00:00", "symbol": "ADA-USD"}, {"trade_id": 143782077, "side": "sell", "size": "12.72705300", "price": "0.74520000", "time": "2025-07-15T23:21:15.500869Z", "fetched_at": "2025-07-15T23:23:24.514347+00:00", "symbol": "ADA-USD"}, {"trade_id": 143782076, "side": "sell", "size": "22.74538500", "price": "0.74520000", "time": "2025-07-15T23:21:14.436016Z", "fetched_at": "2025-07-15T23:23:24.514347+00:00", "symbol": "ADA-USD"}, {"trade_id": 143782075, "side": "sell", "size": "125.98382137", "price": "0.74530000", "time": "2025-07-15T23:21:10.584510Z", "fetched_at": "2025-07-15T23:23:24.514347+00:00", "symbol": "ADA-USD"}, {"trade_id": 143782074, "side": "sell", "size": "1.50000000", "price": "0.74530000", "time": "2025-07-15T23:21:10.584510Z", "fetched_at": "2025-07-15T23:23:24.514347+00:00", "symbol": "ADA-USD"}, {"trade_id": 143782073, "side": "sell", "size": "24.18739000", "price": "0.74520000", "time": "2025-07-15T23:21:10.584510Z", "fetched_at": "2025-07-15T23:23:24.514347+00:00", "symbol": "ADA-USD"}, {"trade_id": 143782072, "side": "sell", "size": "66.50992000", "price": "0.74500000", "time": "2025-07-15T23:21:08.061241Z", "fetched_at": "2025-07-15T23:23:24.514347+00:00", "symbol": "ADA-USD"}, {"trade_id": 143782071, "side": "buy", "size": "1.50000000", "price": "0.74500000", "time": "2025-07-15T23:21:08.051951Z", "fetched_at": "2025-07-15T23:23:24.514347+00:00", "symbol": "ADA-USD"}, {"trade_id": 143782070, "side": "buy", "size": "8.58115079", "price": "0.74510000", "time": "2025-07-15T23:21:08.051737Z", "fetched_at": "2025-07-15T23:23:24.514347+00:00", "symbol": "ADA-USD"}, {"trade_id": 143782069, "side": "buy", "size": "1.50000000", "price": "0.74510000", "time": "2025-07-15T23:21:08.051737Z", "fetched_at": "2025-07-15T23:23:24.514347+00:00", "symbol": "ADA-USD"}, {"trade_id": 143782068, "side": "buy", "size": "30.06805721", "price": "0.74530000", "time": "2025-07-15T23:21:05.168607Z", "fetched_at": "2025-07-15T23:23:24.514347+00:00", "symbol": "ADA-USD"}, {"trade_id": 143782067, "side": "buy", "size": "1.50000000", "price": "0.74530000", "time": "2025-07-15T23:21:05.168607Z", "fetched_at": "2025-07-15T23:23:24.514347+00:00", "symbol": "ADA-USD"}, {"trade_id": 143782066, "side": "sell", "size": "739.68924642", "price": "0.74540000", "time": "2025-07-15T23:21:03.823896Z", "fetched_at": "2025-07-15T23:23:24.514347+00:00", "symbol": "ADA-USD"}, {"trade_id": 143782065, "side": "sell", "size": "84.54022504", "price": "0.74540000", "time": "2025-07-15T23:21:03.823896Z", "fetched_at": "2025-07-15T23:23:24.514347+00:00", "symbol": "ADA-USD"}, {"trade_id": 143782064, "side": "sell", "size": "303.84410000", "price": "0.74540000", "time": "2025-07-15T23:21:03.823896Z", "fetched_at": "2025-07-15T23:23:24.514347+00:00", "symbol": "ADA-USD"}, {"trade_id": 143782063, "side": "sell", "size": "176.89700000", "price": "0.74540000", "time": "2025-07-15T23:21:03.823896Z", "fetched_at": "2025-07-15T23:23:24.514347+00:00", "symbol": "ADA-USD"}, {"trade_id": 143782062, "side": "sell", "size": "20.15854000", "price": "0.74540000", "time": "2025-07-15T23:21:03.823896Z", "fetched_at": "2025-07-15T23:23:24.514347+00:00", "symbol": "ADA-USD"}, {"trade_id": 143782061, "side": "sell", "size": "16.25248854", "price": "0.74540000", "time": "2025-07-15T23:21:03.823896Z", "fetched_at": "2025-07-15T23:23:24.514347+00:00", "symbol": "ADA-USD"}, {"trade_id": 143782060, "side": "sell", "size": "357.20682000", "price": "0.74540000", "time": "2025-07-15T23:21:03.080328Z", "fetched_at": "2025-07-15T23:23:24.514347+00:00", "symbol": "ADA-USD"}, {"trade_id": 143782059, "side": "sell", "size": "173.38426000", "price": "0.74540000", "time": "2025-07-15T23:21:03.080328Z", "fetched_at": "2025-07-15T23:23:24.514347+00:00", "symbol": "ADA-USD"}, {"trade_id": 143782058, "side": "sell", "size": "174.45382361", "price": "0.74540000", "time": "2025-07-15T23:21:03.080328Z", "fetched_at": "2025-07-15T23:23:24.514347+00:00", "symbol": "ADA-USD"}, {"trade_id": 143782057, "side": "sell", "size": "2.12573900", "price": "0.74540000", "time": "2025-07-15T23:21:01.951430Z", "fetched_at": "2025-07-15T23:23:24.514347+00:00", "symbol": "ADA-USD"}, {"trade_id": 143782056, "side": "sell", "size": "35.19076000", "price": "0.74530000", "time": "2025-07-15T23:21:01.951430Z", "fetched_at": "2025-07-15T23:23:24.514347+00:00", "symbol": "ADA-USD"}, {"trade_id": 143782055, "side": "sell", "size": "1.50000000", "price": "0.74530000", "time": "2025-07-15T23:21:01.951430Z", "fetched_at": "2025-07-15T23:23:24.514347+00:00", "symbol": "ADA-USD"}, {"trade_id": 143782054, "side": "sell", "size": "268.98340000", "price": "0.74520000", "time": "2025-07-15T23:21:01.465934Z", "fetched_at": "2025-07-15T23:23:24.514347+00:00", "symbol": "ADA-USD"}, {"trade_id": 143782053, "side": "sell", "size": "52.62674000", "price": "0.74520000", "time": "2025-07-15T23:21:01.465934Z", "fetched_at": "2025-07-15T23:23:24.514347+00:00", "symbol": "ADA-USD"}, {"trade_id": 143782052, "side": "buy", "size": "173.57143823", "price": "0.74510000", "time": "2025-07-15T23:21:01.209574Z", "fetched_at": "2025-07-15T23:23:24.514347+00:00", "symbol": "ADA-USD"}, {"trade_id": 143782051, "side": "buy", "size": "302.76000000", "price": "0.74520000", "time": "2025-07-15T23:21:01.209574Z", "fetched_at": "2025-07-15T23:23:24.514347+00:00", "symbol": "ADA-USD"}, {"trade_id": 143782050, "side": "buy", "size": "4.57135677", "price": "0.74520000", "time": "2025-07-15T23:21:01.209574Z", "fetched_at": "2025-07-15T23:23:24.514347+00:00", "symbol": "ADA-USD"}, {"trade_id": 143782049, "side": "buy", "size": "298.17788000", "price": "0.74520000", "time": "2025-07-15T23:21:01.209574Z", "fetched_at": "2025-07-15T23:23:24.514347+00:00", "symbol": "ADA-USD"}, {"trade_id": 143782048, "side": "sell", "size": "34.88629000", "price": "0.74520000", "time": "2025-07-15T23:21:00.927347Z", "fetched_at": "2025-07-15T23:23:24.514347+00:00", "symbol": "ADA-USD"}, {"trade_id": 143782047, "side": "sell", "size": "322.52998000", "price": "0.74510000", "time": "2025-07-15T23:21:00.753155Z", "fetched_at": "2025-07-15T23:23:24.514347+00:00", "symbol": "ADA-USD"}, {"trade_id": 143782046, "side": "sell", "size": "343.80560000", "price": "0.74500000", "time": "2025-07-15T23:21:00.647305Z", "fetched_at": "2025-07-15T23:23:24.514347+00:00", "symbol": "ADA-USD"}, {"trade_id": 143782045, "side": "buy", "size": "4.49137240", "price": "0.74500000", "time": "2025-07-15T23:20:59.860454Z", "fetched_at": "2025-07-15T23:23:24.514347+00:00", "symbol": "ADA-USD"}, {"trade_id": 143782044, "side": "buy", "size": "139.70000000", "price": "0.74500000", "time": "2025-07-15T23:20:59.860454Z", "fetched_at": "2025-07-15T23:23:24.514347+00:00", "symbol": "ADA-USD"}, {"trade_id": 143782043, "side": "buy", "size": "133.69127516", "price": "0.74500000", "time": "2025-07-15T23:20:59.860454Z", "fetched_at": "2025-07-15T23:23:24.514347+00:00", "symbol": "ADA-USD"}, {"trade_id": 143782042, "side": "buy", "size": "1.50000000", "price": "0.74500000", "time": "2025-07-15T23:20:59.860454Z", "fetched_at": "2025-07-15T23:23:24.514347+00:00", "symbol": "ADA-USD"}, {"trade_id": 143782041, "side": "buy", "size": "4.91054456", "price": "0.74510000", "time": "2025-07-15T23:20:58.749590Z", "fetched_at": "2025-07-15T23:23:24.514347+00:00", "symbol": "ADA-USD"}, {"trade_id": 143782040, "side": "buy", "size": "1.50000000", "price": "0.74510000", "time": "2025-07-15T23:20:58.749590Z", "fetched_at": "2025-07-15T23:23:24.514347+00:00", "symbol": "ADA-USD"}, {"trade_id": 143782039, "side": "buy", "size": "6.68810267", "price": "0.74520000", "time": "2025-07-15T23:20:57.106802Z", "fetched_at": "2025-07-15T23:23:24.514347+00:00", "symbol": "ADA-USD"}, {"trade_id": 143782038, "side": "buy", "size": "1.50000000", "price": "0.74520000", "time": "2025-07-15T23:20:57.106802Z", "fetched_at": "2025-07-15T23:23:24.514347+00:00", "symbol": "ADA-USD"}, {"trade_id": 143782037, "side": "buy", "size": "0.00002893", "price": "0.74530000", "time": "2025-07-15T23:20:57.009520Z", "fetched_at": "2025-07-15T23:23:24.514347+00:00", "symbol": "ADA-USD"}, {"trade_id": 143782036, "side": "buy", "size": "6.68900000", "price": "0.74530000", "time": "2025-07-15T23:20:57.007410Z", "fetched_at": "2025-07-15T23:23:24.514347+00:00", "symbol": "ADA-USD"}, {"trade_id": 143782035, "side": "buy", "size": "5.69057600", "price": "0.74530000", "time": "2025-07-15T23:20:56.617883Z", "fetched_at": "2025-07-15T23:23:24.514347+00:00", "symbol": "ADA-USD"}, {"trade_id": 143782034, "side": "buy", "size": "94.00007932", "price": "0.74530000", "time": "2025-07-15T23:20:53.722345Z", "fetched_at": "2025-07-15T23:23:24.514347+00:00", "symbol": "ADA-USD"}, {"trade_id": 143782033, "side": "buy", "size": "1.50000000", "price": "0.74530000", "time": "2025-07-15T23:20:53.722345Z", "fetched_at": "2025-07-15T23:23:24.514347+00:00", "symbol": "ADA-USD"}, {"trade_id": 143782032, "side": "buy", "size": "6.62632968", "price": "0.74540000", "time": "2025-07-15T23:20:53.722345Z", "fetched_at": "2025-07-15T23:23:24.514347+00:00", "symbol": "ADA-USD"}, {"trade_id": 143782031, "side": "buy", "size": "1.50000000", "price": "0.74540000", "time": "2025-07-15T23:20:53.722345Z", "fetched_at": "2025-07-15T23:23:24.514347+00:00", "symbol": "ADA-USD"}, {"trade_id": 143782030, "side": "buy", "size": "6.43561515", "price": "0.74550000", "time": "2025-07-15T23:20:51.196177Z", "fetched_at": "2025-07-15T23:23:24.514347+00:00", "symbol": "ADA-USD"}, {"trade_id": 143782029, "side": "buy", "size": "1.50000000", "price": "0.74550000", "time": "2025-07-15T23:20:51.196177Z", "fetched_at": "2025-07-15T23:23:24.514347+00:00", "symbol": "ADA-USD"}, {"trade_id": 143782028, "side": "sell", "size": "11.17114300", "price": "0.74560000", "time": "2025-07-15T23:20:49.616580Z", "fetched_at": "2025-07-15T23:23:24.514347+00:00", "symbol": "ADA-USD"}, {"trade_id": 143782027, "side": "buy", "size": "9.17341361", "price": "0.74560000", "time": "2025-07-15T23:20:49.097500Z", "fetched_at": "2025-07-15T23:23:24.514347+00:00", "symbol": "ADA-USD"}, {"trade_id": 143782026, "side": "buy", "size": "1.50000000", "price": "0.74560000", "time": "2025-07-15T23:20:49.097500Z", "fetched_at": "2025-07-15T23:23:24.514347+00:00", "symbol": "ADA-USD"}, {"trade_id": 143782025, "side": "buy", "size": "11.33604157", "price": "0.74570000", "time": "2025-07-15T23:20:48.714226Z", "fetched_at": "2025-07-15T23:23:24.514347+00:00", "symbol": "ADA-USD"}, {"trade_id": 143782024, "side": "buy", "size": "1.50000000", "price": "0.74570000", "time": "2025-07-15T23:20:48.714226Z", "fetched_at": "2025-07-15T23:23:24.514347+00:00", "symbol": "ADA-USD"}, {"trade_id": 143782023, "side": "buy", "size": "12.70913120", "price": "0.74580000", "time": "2025-07-15T23:20:48.485845Z", "fetched_at": "2025-07-15T23:23:24.514347+00:00", "symbol": "ADA-USD"}, {"trade_id": 143782022, "side": "buy", "size": "1.50000000", "price": "0.74580000", "time": "2025-07-15T23:20:48.485845Z", "fetched_at": "2025-07-15T23:23:24.514347+00:00", "symbol": "ADA-USD"}, {"trade_id": 143782021, "side": "buy", "size": "35.11881259", "price": "0.74600000", "time": "2025-07-15T23:20:48.209929Z", "fetched_at": "2025-07-15T23:23:24.514347+00:00", "symbol": "ADA-USD"}, {"trade_id": 143782020, "side": "buy", "size": "63.20328000", "price": "0.74600000", "time": "2025-07-15T23:20:48.209776Z", "fetched_at": "2025-07-15T23:23:24.514347+00:00", "symbol": "ADA-USD"}, {"trade_id": 143782019, "side": "buy", "size": "98.32209000", "price": "0.74600000", "time": "2025-07-15T23:20:48.197798Z", "fetched_at": "2025-07-15T23:23:24.514347+00:00", "symbol": "ADA-USD"}, {"trade_id": 143782018, "side": "sell", "size": "1.50000000", "price": "0.74600000", "time": "2025-07-15T23:20:43.812246Z", "fetched_at": "2025-07-15T23:23:24.514347+00:00", "symbol": "ADA-USD"}, {"trade_id": 143782017, "side": "sell", "size": "998.60000000", "price": "0.74590000", "time": "2025-07-15T23:20:43.784207Z", "fetched_at": "2025-07-15T23:23:24.514347+00:00", "symbol": "ADA-USD"}, {"trade_id": 143782016, "side": "sell", "size": "1.50000000", "price": "0.74590000", "time": "2025-07-15T23:20:43.784207Z", "fetched_at": "2025-07-15T23:23:24.514347+00:00", "symbol": "ADA-USD"}, {"trade_id": 143782015, "side": "sell", "size": "485.21087449", "price": "0.74570000", "time": "2025-07-15T23:20:42.310258Z", "fetched_at": "2025-07-15T23:23:24.514347+00:00", "symbol": "ADA-USD"}, {"trade_id": 143782014, "side": "sell", "size": "781.60362751", "price": "0.74570000", "time": "2025-07-15T23:20:42.309815Z", "fetched_at": "2025-07-15T23:23:24.514347+00:00", "symbol": "ADA-USD"}, {"trade_id": 143782013, "side": "sell", "size": "554.55148000", "price": "0.74570000", "time": "2025-07-15T23:20:42.309815Z", "fetched_at": "2025-07-15T23:23:24.514347+00:00", "symbol": "ADA-USD"}, {"trade_id": 143782012, "side": "buy", "size": "20.19576300", "price": "0.74560000", "time": "2025-07-15T23:20:37.048462Z", "fetched_at": "2025-07-15T23:23:24.514347+00:00", "symbol": "ADA-USD"}, {"trade_id": 143782011, "side": "buy", "size": "1.50000000", "price": "0.74560000", "time": "2025-07-15T23:20:36.294586Z", "fetched_at": "2025-07-15T23:23:24.514347+00:00", "symbol": "ADA-USD"}, {"trade_id": 143782010, "side": "buy", "size": "36.39857090", "price": "0.74570000", "time": "2025-07-15T23:20:36.281783Z", "fetched_at": "2025-07-15T23:23:24.514347+00:00", "symbol": "ADA-USD"}, {"trade_id": 143782009, "side": "buy", "size": "174.26000000", "price": "0.74580000", "time": "2025-07-15T23:20:36.069542Z", "fetched_at": "2025-07-15T23:23:24.514347+00:00", "symbol": "ADA-USD"}, {"trade_id": 143782008, "side": "buy", "size": "174.25634890", "price": "0.74580000", "time": "2025-07-15T23:20:36.069542Z", "fetched_at": "2025-07-15T23:23:24.514347+00:00", "symbol": "ADA-USD"}, {"trade_id": 143782007, "side": "sell", "size": "57.10261600", "price": "0.74590000", "time": "2025-07-15T23:20:35.707808Z", "fetched_at": "2025-07-15T23:23:24.514347+00:00", "symbol": "ADA-USD"}, {"trade_id": 143782006, "side": "buy", "size": "447.26680000", "price": "0.74580000", "time": "2025-07-15T23:20:33.520712Z", "fetched_at": "2025-07-15T23:23:24.514347+00:00", "symbol": "ADA-USD"}, {"trade_id": 143782005, "side": "sell", "size": "1390.14732141", "price": "0.74580000", "time": "2025-07-15T23:20:33.515160Z", "fetched_at": "2025-07-15T23:23:24.514347+00:00", "symbol": "ADA-USD"}, {"trade_id": 143782004, "side": "sell", "size": "131.95073433", "price": "0.74590000", "time": "2025-07-15T23:20:32.857973Z", "fetched_at": "2025-07-15T23:23:24.514347+00:00", "symbol": "ADA-USD"}, {"trade_id": 143782003, "side": "sell", "size": "1.50000000", "price": "0.74590000", "time": "2025-07-15T23:20:32.857973Z", "fetched_at": "2025-07-15T23:23:24.514347+00:00", "symbol": "ADA-USD"}, {"trade_id": 143782002, "side": "sell", "size": "2.64975810", "price": "0.74580000", "time": "2025-07-15T23:20:32.857973Z", "fetched_at": "2025-07-15T23:23:24.514347+00:00", "symbol": "ADA-USD"}, {"trade_id": 143782001, "side": "sell", "size": "119.10000000", "price": "0.74580000", "time": "2025-07-15T23:20:32.857973Z", "fetched_at": "2025-07-15T23:23:24.514347+00:00", "symbol": "ADA-USD"}, {"trade_id": 143782000, "side": "sell", "size": "1.50000000", "price": "0.74580000", "time": "2025-07-15T23:20:32.857973Z", "fetched_at": "2025-07-15T23:23:24.514347+00:00", "symbol": "ADA-USD"}, {"trade_id": 143781999, "side": "sell", "size": "12.65892297", "price": "0.74570000", "time": "2025-07-15T23:20:32.638461Z", "fetched_at": "2025-07-15T23:23:24.514347+00:00", "symbol": "ADA-USD"}, {"trade_id": 143781998, "side": "sell", "size": "437.43192000", "price": "0.74570000", "time": "2025-07-15T23:20:32.638461Z", "fetched_at": "2025-07-15T23:23:24.514347+00:00", "symbol": "ADA-USD"}, {"trade_id": 143781997, "side": "sell", "size": "100.30942100", "price": "0.74570000", "time": "2025-07-15T23:20:31.462526Z", "fetched_at": "2025-07-15T23:23:24.514347+00:00", "symbol": "ADA-USD"}, {"trade_id": 143781996, "side": "buy", "size": "1.34102200", "price": "0.74560000", "time": "2025-07-15T23:20:30.161068Z", "fetched_at": "2025-07-15T23:23:24.514347+00:00", "symbol": "ADA-USD"}, {"trade_id": 143781995, "side": "buy", "size": "24.86653992", "price": "0.74560000", "time": "2025-07-15T23:20:28.610452Z", "fetched_at": "2025-07-15T23:23:24.514347+00:00", "symbol": "ADA-USD"}, {"trade_id": 143781994, "side": "buy", "size": "184.40322909", "price": "0.74570000", "time": "2025-07-15T23:20:28.480542Z", "fetched_at": "2025-07-15T23:23:24.514347+00:00", "symbol": "ADA-USD"}, {"trade_id": 143781993, "side": "buy", "size": "60.75677091", "price": "0.74570000", "time": "2025-07-15T23:20:28.476848Z", "fetched_at": "2025-07-15T23:23:24.514347+00:00", "symbol": "ADA-USD"}, {"trade_id": 143781992, "side": "buy", "size": "35.64308909", "price": "0.74570000", "time": "2025-07-15T23:20:28.476848Z", "fetched_at": "2025-07-15T23:23:24.514347+00:00", "symbol": "ADA-USD"}, {"trade_id": 143781991, "side": "buy", "size": "209.51084174", "price": "0.74570000", "time": "2025-07-15T23:20:28.473686Z", "fetched_at": "2025-07-15T23:23:24.514347+00:00", "symbol": "ADA-USD"}, {"trade_id": 143781990, "side": "buy", "size": "246.61475685", "price": "0.74570000", "time": "2025-07-15T23:20:28.460734Z", "fetched_at": "2025-07-15T23:23:24.514347+00:00", "symbol": "ADA-USD"}, {"trade_id": 143781989, "side": "buy", "size": "73.78523775", "price": "0.74570000", "time": "2025-07-15T23:20:28.448676Z", "fetched_at": "2025-07-15T23:23:24.514347+00:00", "symbol": "ADA-USD"}, {"trade_id": 143781988, "side": "buy", "size": "15.10914178", "price": "0.74570000", "time": "2025-07-15T23:20:28.437985Z", "fetched_at": "2025-07-15T23:23:24.514347+00:00", "symbol": "ADA-USD"}, {"trade_id": 143781987, "side": "buy", "size": "173.70828546", "price": "0.74570000", "time": "2025-07-15T23:20:28.415448Z", "fetched_at": "2025-07-15T23:23:24.514347+00:00", "symbol": "ADA-USD"}, {"trade_id": 143781986, "side": "buy", "size": "83.89898126", "price": "0.74570000", "time": "2025-07-15T23:20:28.405941Z", "fetched_at": "2025-07-15T23:23:24.514347+00:00", "symbol": "ADA-USD"}, {"trade_id": 143781985, "side": "buy", "size": "62.63044504", "price": "0.74570000", "time": "2025-07-15T23:20:28.392354Z", "fetched_at": "2025-07-15T23:23:24.514347+00:00", "symbol": "ADA-USD"}, {"trade_id": 143781984, "side": "buy", "size": "15.87066788", "price": "0.74570000", "time": "2025-07-15T23:20:28.374868Z", "fetched_at": "2025-07-15T23:23:24.514347+00:00", "symbol": "ADA-USD"}, {"trade_id": 143781983, "side": "buy", "size": "1486.20371373", "price": "0.74570000", "time": "2025-07-15T23:20:28.363377Z", "fetched_at": "2025-07-15T23:23:24.514347+00:00", "symbol": "ADA-USD"}, {"trade_id": 143781982, "side": "sell", "size": "270.32644000", "price": "0.74570000", "time": "2025-07-15T23:20:28.358048Z", "fetched_at": "2025-07-15T23:23:24.514347+00:00", "symbol": "ADA-USD"}, {"trade_id": 143781981, "side": "sell", "size": "1612.64991000", "price": "0.74570000", "time": "2025-07-15T23:20:28.358048Z", "fetched_at": "2025-07-15T23:23:24.514347+00:00", "symbol": "ADA-USD"}, {"trade_id": 143781980, "side": "sell", "size": "564.41221746", "price": "0.74570000", "time": "2025-07-15T23:20:28.358048Z", "fetched_at": "2025-07-15T23:23:24.514347+00:00", "symbol": "ADA-USD"}, {"trade_id": 143781979, "side": "buy", "size": "241.26134971", "price": "0.74570000", "time": "2025-07-15T23:20:26.529451Z", "fetched_at": "2025-07-15T23:23:24.514347+00:00", "symbol": "ADA-USD"}, {"trade_id": 143781978, "side": "buy", "size": "204.93426566", "price": "0.74570000", "time": "2025-07-15T23:20:26.359235Z", "fetched_at": "2025-07-15T23:23:24.514347+00:00", "symbol": "ADA-USD"}, {"trade_id": 143781977, "side": "buy", "size": "10.44931834", "price": "0.74570000", "time": "2025-07-15T23:20:26.359235Z", "fetched_at": "2025-07-15T23:23:24.514347+00:00", "symbol": "ADA-USD"}, {"trade_id": 143781976, "side": "sell", "size": "22.61776071", "price": "0.74580000", "time": "2025-07-15T23:20:26.023283Z", "fetched_at": "2025-07-15T23:23:24.514347+00:00", "symbol": "ADA-USD"}, {"trade_id": 143781975, "side": "sell", "size": "1.50000000", "price": "0.74580000", "time": "2025-07-15T23:20:26.023283Z", "fetched_at": "2025-07-15T23:23:24.514347+00:00", "symbol": "ADA-USD"}, {"trade_id": 143781974, "side": "sell", "size": "1.50000000", "price": "0.74570000", "time": "2025-07-15T23:20:25.645092Z", "fetched_at": "2025-07-15T23:23:24.514347+00:00", "symbol": "ADA-USD"}, {"trade_id": 143781973, "side": "sell", "size": "43.74338949", "price": "0.74560000", "time": "2025-07-15T23:20:25.633444Z", "fetched_at": "2025-07-15T23:23:24.514347+00:00", "symbol": "ADA-USD"}, {"trade_id": 143781972, "side": "sell", "size": "123.21985000", "price": "0.74560000", "time": "2025-07-15T23:20:25.630118Z", "fetched_at": "2025-07-15T23:23:24.514347+00:00", "symbol": "ADA-USD"}, {"trade_id": 143781971, "side": "sell", "size": "174.31600684", "price": "0.74550000", "time": "2025-07-15T23:20:23.612253Z", "fetched_at": "2025-07-15T23:23:24.514347+00:00", "symbol": "ADA-USD"}, {"trade_id": 143781970, "side": "sell", "size": "313.91328000", "price": "0.74550000", "time": "2025-07-15T23:20:23.612253Z", "fetched_at": "2025-07-15T23:23:24.514347+00:00", "symbol": "ADA-USD"}, {"trade_id": 143781969, "side": "buy", "size": "23.00697799", "price": "0.74550000", "time": "2025-07-15T23:20:22.957453Z", "fetched_at": "2025-07-15T23:23:24.514347+00:00", "symbol": "ADA-USD"}, {"trade_id": 143781968, "side": "buy", "size": "1.50000000", "price": "0.74550000", "time": "2025-07-15T23:20:22.957453Z", "fetched_at": "2025-07-15T23:23:24.514347+00:00", "symbol": "ADA-USD"}, {"trade_id": 143781967, "side": "buy", "size": "18.57656594", "price": "0.74550000", "time": "2025-07-15T23:20:22.957453Z", "fetched_at": "2025-07-15T23:23:24.514347+00:00", "symbol": "ADA-USD"}, {"trade_id": 143781966, "side": "buy", "size": "157.97476596", "price": "0.74560000", "time": "2025-07-15T23:20:22.185243Z", "fetched_at": "2025-07-15T23:23:24.514347+00:00", "symbol": "ADA-USD"}, {"trade_id": 143781965, "side": "buy", "size": "157.98000000", "price": "0.74560000", "time": "2025-07-15T23:20:22.185243Z", "fetched_at": "2025-07-15T23:23:24.514347+00:00", "symbol": "ADA-USD"}, {"trade_id": 143781964, "side": "buy", "size": "0.61240700", "price": "0.74560000", "time": "2025-07-15T23:20:19.489421Z", "fetched_at": "2025-07-15T23:23:24.514347+00:00", "symbol": "ADA-USD"}, {"trade_id": 143781963, "side": "sell", "size": "163.46612200", "price": "0.74570000", "time": "2025-07-15T23:20:15.309915Z", "fetched_at": "2025-07-15T23:23:24.514347+00:00", "symbol": "ADA-USD"}, {"trade_id": 143781962, "side": "sell", "size": "405.04855000", "price": "0.74570000", "time": "2025-07-15T23:20:15.309915Z", "fetched_at": "2025-07-15T23:23:24.514347+00:00", "symbol": "ADA-USD"}, {"trade_id": 143781961, "side": "sell", "size": "88.91925000", "price": "0.74570000", "time": "2025-07-15T23:20:15.309915Z", "fetched_at": "2025-07-15T23:23:24.514347+00:00", "symbol": "ADA-USD"}, {"trade_id": 143781960, "side": "buy", "size": "18.95397917", "price": "0.74560000", "time": "2025-07-15T23:20:12.014654Z", "fetched_at": "2025-07-15T23:23:24.514347+00:00", "symbol": "ADA-USD"}, {"trade_id": 143781959, "side": "buy", "size": "725.48000000", "price": "0.74560000", "time": "2025-07-15T23:20:12.014654Z", "fetched_at": "2025-07-15T23:23:24.514347+00:00", "symbol": "ADA-USD"}, {"trade_id": 143781958, "side": "buy", "size": "14.60829913", "price": "0.74560000", "time": "2025-07-15T23:20:12.014654Z", "fetched_at": "2025-07-15T23:23:24.514347+00:00", "symbol": "ADA-USD"}, {"trade_id": 143781957, "side": "buy", "size": "28.14552822", "price": "0.74560000", "time": "2025-07-15T23:20:05.233008Z", "fetched_at": "2025-07-15T23:23:24.514347+00:00", "symbol": "ADA-USD"}, {"trade_id": 143781956, "side": "buy", "size": "28.14175384", "price": "0.74570000", "time": "2025-07-15T23:20:05.166344Z", "fetched_at": "2025-07-15T23:23:24.514347+00:00", "symbol": "ADA-USD"}, {"trade_id": 143781955, "side": "sell", "size": "1351.15577318", "price": "0.74560000", "time": "2025-07-15T23:20:04.166661Z", "fetched_at": "2025-07-15T23:23:24.514347+00:00", "symbol": "ADA-USD"}, {"trade_id": 143781954, "side": "sell", "size": "16.92502682", "price": "0.74560000", "time": "2025-07-15T23:20:04.165427Z", "fetched_at": "2025-07-15T23:23:24.514347+00:00", "symbol": "ADA-USD"}, {"trade_id": 143781953, "side": "sell", "size": "1512.02212038", "price": "0.74560000", "time": "2025-07-15T23:20:03.177710Z", "fetched_at": "2025-07-15T23:23:24.514347+00:00", "symbol": "ADA-USD"}, {"trade_id": 143781952, "side": "sell", "size": "594.00000000", "price": "0.74560000", "time": "2025-07-15T23:20:03.177710Z", "fetched_at": "2025-07-15T23:23:24.514347+00:00", "symbol": "ADA-USD"}, {"trade_id": 143781951, "side": "sell", "size": "598.91144000", "price": "0.74550000", "time": "2025-07-15T23:20:03.177710Z", "fetched_at": "2025-07-15T23:23:24.514347+00:00", "symbol": "ADA-USD"}, {"trade_id": 143781950, "side": "sell", "size": "174.23986449", "price": "0.74550000", "time": "2025-07-15T23:20:03.177710Z", "fetched_at": "2025-07-15T23:23:24.514347+00:00", "symbol": "ADA-USD"}, {"trade_id": 143781949, "side": "sell", "size": "298.17788000", "price": "0.74550000", "time": "2025-07-15T23:20:03.177710Z", "fetched_at": "2025-07-15T23:23:24.514347+00:00", "symbol": "ADA-USD"}, {"trade_id": 143781948, "side": "buy", "size": "2.86738558", "price": "0.74540000", "time": "2025-07-15T23:20:02.684443Z", "fetched_at": "2025-07-15T23:23:24.514347+00:00", "symbol": "ADA-USD"}, {"trade_id": 143781947, "side": "buy", "size": "1.50000000", "price": "0.74540000", "time": "2025-07-15T23:20:02.684443Z", "fetched_at": "2025-07-15T23:23:24.514347+00:00", "symbol": "ADA-USD"}, {"trade_id": 143781946, "side": "buy", "size": "2.90453094", "price": "0.74550000", "time": "2025-07-15T23:20:02.599699Z", "fetched_at": "2025-07-15T23:23:24.514347+00:00", "symbol": "ADA-USD"}, {"trade_id": 143781945, "side": "buy", "size": "3.16427599", "price": "0.74560000", "time": "2025-07-15T23:20:02.424193Z", "fetched_at": "2025-07-15T23:23:24.514347+00:00", "symbol": "ADA-USD"}, {"trade_id": 143781944, "side": "buy", "size": "193.94230852", "price": "0.74560000", "time": "2025-07-15T23:20:02.424193Z", "fetched_at": "2025-07-15T23:23:24.514347+00:00", "symbol": "ADA-USD"}, {"trade_id": 143781943, "side": "buy", "size": "122.32630000", "price": "0.74560000", "time": "2025-07-15T23:20:02.415114Z", "fetched_at": "2025-07-15T23:23:24.514347+00:00", "symbol": "ADA-USD"}, {"trade_id": 143781942, "side": "buy", "size": "368.05679000", "price": "0.74560000", "time": "2025-07-15T23:20:02.406563Z", "fetched_at": "2025-07-15T23:23:24.514347+00:00", "symbol": "ADA-USD"}, {"trade_id": 143781941, "side": "buy", "size": "1.50000000", "price": "0.74560000", "time": "2025-07-15T23:20:02.406563Z", "fetched_at": "2025-07-15T23:23:24.514347+00:00", "symbol": "ADA-USD"}, {"trade_id": 143781940, "side": "buy", "size": "3.16385166", "price": "0.74570000", "time": "2025-07-15T23:20:02.388777Z", "fetched_at": "2025-07-15T23:23:24.514347+00:00", "symbol": "ADA-USD"}, {"trade_id": 143781939, "side": "buy", "size": "3.17554059", "price": "0.74580000", "time": "2025-07-15T23:20:02.359059Z", "fetched_at": "2025-07-15T23:23:24.514347+00:00", "symbol": "ADA-USD"}, {"trade_id": 143781938, "side": "buy", "size": "593.99999406", "price": "0.74580000", "time": "2025-07-15T23:20:02.264940Z", "fetched_at": "2025-07-15T23:23:24.514347+00:00", "symbol": "ADA-USD"}, {"trade_id": 143781937, "side": "buy", "size": "2.91371594", "price": "0.74580000", "time": "2025-07-15T23:20:02.264940Z", "fetched_at": "2025-07-15T23:23:24.514347+00:00", "symbol": "ADA-USD"}, {"trade_id": 143781936, "side": "buy", "size": "672.23741452", "price": "0.74580000", "time": "2025-07-15T23:20:01.593013Z", "fetched_at": "2025-07-15T23:23:24.514347+00:00", "symbol": "ADA-USD"}, {"trade_id": 143781935, "side": "buy", "size": "1.50000000", "price": "0.74580000", "time": "2025-07-15T23:20:01.593013Z", "fetched_at": "2025-07-15T23:23:24.514347+00:00", "symbol": "ADA-USD"}, {"trade_id": 143781934, "side": "buy", "size": "675.02907982", "price": "0.74590000", "time": "2025-07-15T23:20:01.552582Z", "fetched_at": "2025-07-15T23:23:24.514347+00:00", "symbol": "ADA-USD"}, {"trade_id": 143781933, "side": "buy", "size": "275.69095044", "price": "0.74590000", "time": "2025-07-15T23:20:01.552582Z", "fetched_at": "2025-07-15T23:23:24.514347+00:00", "symbol": "ADA-USD"}, {"trade_id": 143781932, "side": "buy", "size": "1.50000000", "price": "0.74590000", "time": "2025-07-15T23:20:01.552582Z", "fetched_at": "2025-07-15T23:23:24.514347+00:00", "symbol": "ADA-USD"}, {"trade_id": 143781931, "side": "buy", "size": "8.77624382", "price": "0.74600000", "time": "2025-07-15T23:20:01.533448Z", "fetched_at": "2025-07-15T23:23:24.514347+00:00", "symbol": "ADA-USD"}, {"trade_id": 143781930, "side": "buy", "size": "227.94063862", "price": "0.74600000", "time": "2025-07-15T23:20:01.533448Z", "fetched_at": "2025-07-15T23:23:24.514347+00:00", "symbol": "ADA-USD"}, {"trade_id": 143781929, "side": "buy", "size": "435.69024550", "price": "0.74600000", "time": "2025-07-15T23:20:01.525991Z", "fetched_at": "2025-07-15T23:23:24.514347+00:00", "symbol": "ADA-USD"}, {"trade_id": 143781928, "side": "buy", "size": "1.50000000", "price": "0.74600000", "time": "2025-07-15T23:20:01.525991Z", "fetched_at": "2025-07-15T23:23:24.514347+00:00", "symbol": "ADA-USD"}, {"trade_id": 143781927, "side": "sell", "size": "67.99020000", "price": "0.74620000", "time": "2025-07-15T23:20:01.524939Z", "fetched_at": "2025-07-15T23:23:24.514347+00:00", "symbol": "ADA-USD"}, {"trade_id": 143781926, "side": "buy", "size": "594.00000000", "price": "0.74610000", "time": "2025-07-15T23:20:01.436084Z", "fetched_at": "2025-07-15T23:23:24.514347+00:00", "symbol": "ADA-USD"}, {"trade_id": 143781925, "side": "buy", "size": "0.00000195", "price": "0.74620000", "time": "2025-07-15T23:20:01.428579Z", "fetched_at": "2025-07-15T23:23:24.514347+00:00", "symbol": "ADA-USD"}, {"trade_id": 143781924, "side": "buy", "size": "601.77999805", "price": "0.74620000", "time": "2025-07-15T23:20:01.421640Z", "fetched_at": "2025-07-15T23:23:24.514347+00:00", "symbol": "ADA-USD"}, {"trade_id": 143781923, "side": "buy", "size": "594.00000000", "price": "0.74620000", "time": "2025-07-15T23:20:01.421640Z", "fetched_at": "2025-07-15T23:23:24.514347+00:00", "symbol": "ADA-USD"}, {"trade_id": 143781922, "side": "buy", "size": "7.77055195", "price": "0.74620000", "time": "2025-07-15T23:20:01.421640Z", "fetched_at": "2025-07-15T23:23:24.514347+00:00", "symbol": "ADA-USD"}, {"trade_id": 143781921, "side": "sell", "size": "697.17088000", "price": "0.74620000", "time": "2025-07-15T23:20:00.719607Z", "fetched_at": "2025-07-15T23:23:24.514347+00:00", "symbol": "ADA-USD"}, {"trade_id": 143781920, "side": "buy", "size": "594.00000000", "price": "0.74620000", "time": "2025-07-15T23:20:00.156763Z", "fetched_at": "2025-07-15T23:23:24.514347+00:00", "symbol": "ADA-USD"}, {"trade_id": 143781919, "side": "buy", "size": "29.47849104", "price": "0.74630000", "time": "2025-07-15T23:20:00.156763Z", "fetched_at": "2025-07-15T23:23:24.514347+00:00", "symbol": "ADA-USD"}, {"trade_id": 143781918, "side": "buy", "size": "352.14785206", "price": "0.74620000", "time": "2025-07-15T23:20:00.147704Z", "fetched_at": "2025-07-15T23:23:24.514347+00:00", "symbol": "ADA-USD"}, {"trade_id": 143781917, "side": "buy", "size": "648.13324030", "price": "0.74620000", "time": "2025-07-15T23:20:00.147704Z", "fetched_at": "2025-07-15T23:23:24.514347+00:00", "symbol": "ADA-USD"}, {"trade_id": 143781916, "side": "buy", "size": "831.26177570", "price": "0.74620000", "time": "2025-07-15T23:20:00.147704Z", "fetched_at": "2025-07-15T23:23:24.514347+00:00", "symbol": "ADA-USD"}, {"trade_id": 143781915, "side": "buy", "size": "29.47849104", "price": "0.74630000", "time": "2025-07-15T23:20:00.147704Z", "fetched_at": "2025-07-15T23:23:24.514347+00:00", "symbol": "ADA-USD"}, {"trade_id": 143781914, "side": "buy", "size": "1.50000000", "price": "0.74630000", "time": "2025-07-15T23:20:00.147704Z", "fetched_at": "2025-07-15T23:23:24.514347+00:00", "symbol": "ADA-USD"}, {"trade_id": 143781913, "side": "buy", "size": "30.98971827", "price": "0.74640000", "time": "2025-07-15T23:20:00.105805Z", "fetched_at": "2025-07-15T23:23:24.514347+00:00", "symbol": "ADA-USD"}, {"trade_id": 143781912, "side": "buy", "size": "72.98000000", "price": "0.74650000", "time": "2025-07-15T23:19:59.996269Z", "fetched_at": "2025-07-15T23:23:24.514347+00:00", "symbol": "ADA-USD"}, {"trade_id": 143781911, "side": "buy", "size": "659.69000000", "price": "0.74650000", "time": "2025-07-15T23:19:59.996269Z", "fetched_at": "2025-07-15T23:23:24.514347+00:00", "symbol": "ADA-USD"}, {"trade_id": 143781910, "side": "buy", "size": "30.78157476", "price": "0.74650000", "time": "2025-07-15T23:19:59.996269Z", "fetched_at": "2025-07-15T23:23:24.514347+00:00", "symbol": "ADA-USD"}, {"trade_id": 143781909, "side": "buy", "size": "1815.98683100", "price": "0.74640000", "time": "2025-07-15T23:19:58.708532Z", "fetched_at": "2025-07-15T23:23:24.514347+00:00", "symbol": "ADA-USD"}, {"trade_id": 143781908, "side": "buy", "size": "1710.08499000", "price": "0.74640000", "time": "2025-07-15T23:19:58.708532Z", "fetched_at": "2025-07-15T23:23:24.514347+00:00", "symbol": "ADA-USD"}, {"trade_id": 143781907, "side": "buy", "size": "2238.79508000", "price": "0.74640000", "time": "2025-07-15T23:19:58.708532Z", "fetched_at": "2025-07-15T23:23:24.514347+00:00", "symbol": "ADA-USD"}, {"trade_id": 143781906, "side": "buy", "size": "2198.77130000", "price": "0.74640000", "time": "2025-07-15T23:19:58.708532Z", "fetched_at": "2025-07-15T23:23:24.514347+00:00", "symbol": "ADA-USD"}, {"trade_id": 143781905, "side": "buy", "size": "831.26177570", "price": "0.74640000", "time": "2025-07-15T23:19:58.708532Z", "fetched_at": "2025-07-15T23:23:24.514347+00:00", "symbol": "ADA-USD"}, {"trade_id": 143781904, "side": "buy", "size": "594.00000000", "price": "0.74640000", "time": "2025-07-15T23:19:58.708532Z", "fetched_at": "2025-07-15T23:23:24.514347+00:00", "symbol": "ADA-USD"}, {"trade_id": 143781903, "side": "buy", "size": "298.17788000", "price": "0.74640000", "time": "2025-07-15T23:19:58.708532Z", "fetched_at": "2025-07-15T23:23:24.514347+00:00", "symbol": "ADA-USD"}, {"trade_id": 143781902, "side": "buy", "size": "229.05062000", "price": "0.74640000", "time": "2025-07-15T23:19:58.708532Z", "fetched_at": "2025-07-15T23:23:24.514347+00:00", "symbol": "ADA-USD"}, {"trade_id": 143781901, "side": "buy", "size": "270.32644000", "price": "0.74640000", "time": "2025-07-15T23:19:58.708532Z", "fetched_at": "2025-07-15T23:23:24.514347+00:00", "symbol": "ADA-USD"}, {"trade_id": 143781900, "side": "buy", "size": "723.90666894", "price": "0.74650000", "time": "2025-07-15T23:19:58.708532Z", "fetched_at": "2025-07-15T23:23:24.514347+00:00", "symbol": "ADA-USD"}, {"trade_id": 143781899, "side": "buy", "size": "195.27000000", "price": "0.74650000", "time": "2025-07-15T23:19:58.708532Z", "fetched_at": "2025-07-15T23:23:24.514347+00:00", "symbol": "ADA-USD"}, {"trade_id": 143781898, "side": "buy", "size": "864.26000000", "price": "0.74650000", "time": "2025-07-15T23:19:58.708532Z", "fetched_at": "2025-07-15T23:23:24.514347+00:00", "symbol": "ADA-USD"}, {"trade_id": 143781897, "side": "buy", "size": "65.28531536", "price": "0.74650000", "time": "2025-07-15T23:19:58.708532Z", "fetched_at": "2025-07-15T23:23:24.514347+00:00", "symbol": "ADA-USD"}, {"trade_id": 143781896, "side": "buy", "size": "270.32644000", "price": "0.74650000", "time": "2025-07-15T23:19:58.708532Z", "fetched_at": "2025-07-15T23:23:24.514347+00:00", "symbol": "ADA-USD"}, {"trade_id": 143781895, "side": "sell", "size": "83.56373400", "price": "0.74640000", "time": "2025-07-15T23:19:56.931992Z", "fetched_at": "2025-07-15T23:23:24.514347+00:00", "symbol": "ADA-USD"}, {"trade_id": 143781894, "side": "sell", "size": "176.86344000", "price": "0.74640000", "time": "2025-07-15T23:19:56.931992Z", "fetched_at": "2025-07-15T23:23:24.514347+00:00", "symbol": "ADA-USD"}, {"trade_id": 143781893, "side": "sell", "size": "301.08628600", "price": "0.74630000", "time": "2025-07-15T23:19:55.033032Z", "fetched_at": "2025-07-15T23:23:24.514347+00:00", "symbol": "ADA-USD"}, {"trade_id": 143781892, "side": "sell", "size": "28.46689400", "price": "0.74630000", "time": "2025-07-15T23:19:54.753309Z", "fetched_at": "2025-07-15T23:23:24.514347+00:00", "symbol": "ADA-USD"}, {"trade_id": 143781891, "side": "sell", "size": "35.13990000", "price": "0.74630000", "time": "2025-07-15T23:19:54.753309Z", "fetched_at": "2025-07-15T23:23:24.514347+00:00", "symbol": "ADA-USD"}, {"trade_id": 143781890, "side": "sell", "size": "1.50000000", "price": "0.74630000", "time": "2025-07-15T23:19:54.753309Z", "fetched_at": "2025-07-15T23:23:24.514347+00:00", "symbol": "ADA-USD"}, {"trade_id": 143781889, "side": "sell", "size": "140.77832000", "price": "0.74610000", "time": "2025-07-15T23:19:46.036402Z", "fetched_at": "2025-07-15T23:23:24.514347+00:00", "symbol": "ADA-USD"}, {"trade_id": 143781888, "side": "sell", "size": "103.84847151", "price": "0.74610000", "time": "2025-07-15T23:19:45.740208Z", "fetched_at": "2025-07-15T23:23:24.514347+00:00", "symbol": "ADA-USD"}, {"trade_id": 143781887, "side": "sell", "size": "84.01169388", "price": "0.74600000", "time": "2025-07-15T23:19:45.732412Z", "fetched_at": "2025-07-15T23:23:24.514347+00:00", "symbol": "ADA-USD"}, {"trade_id": 143781886, "side": "sell", "size": "90.21067000", "price": "0.74600000", "time": "2025-07-15T23:19:45.731525Z", "fetched_at": "2025-07-15T23:23:24.514347+00:00", "symbol": "ADA-USD"}, {"trade_id": 143781885, "side": "buy", "size": "15.27349089", "price": "0.74600000", "time": "2025-07-15T23:19:43.695296Z", "fetched_at": "2025-07-15T23:23:24.514347+00:00", "symbol": "ADA-USD"}, {"trade_id": 143781884, "side": "buy", "size": "21.51037322", "price": "0.74610000", "time": "2025-07-15T23:19:40.980963Z", "fetched_at": "2025-07-15T23:23:24.514347+00:00", "symbol": "ADA-USD"}, {"trade_id": 143781883, "side": "buy", "size": "174.16293890", "price": "0.74620000", "time": "2025-07-15T23:19:38.407735Z", "fetched_at": "2025-07-15T23:23:24.514347+00:00", "symbol": "ADA-USD"}, {"trade_id": 143781882, "side": "buy", "size": "492.67218259", "price": "0.74620000", "time": "2025-07-15T23:19:38.407735Z", "fetched_at": "2025-07-15T23:23:24.514347+00:00", "symbol": "ADA-USD"}, {"trade_id": 143781881, "side": "buy", "size": "179.81107522", "price": "0.74620000", "time": "2025-07-15T23:19:38.278424Z", "fetched_at": "2025-07-15T23:23:24.514347+00:00", "symbol": "ADA-USD"}, {"trade_id": 143781880, "side": "buy", "size": "129.84283949", "price": "0.74620000", "time": "2025-07-15T23:19:38.239631Z", "fetched_at": "2025-07-15T23:23:24.514347+00:00", "symbol": "ADA-USD"}, {"trade_id": 143781879, "side": "buy", "size": "561.64701877", "price": "0.74620000", "time": "2025-07-15T23:19:38.228690Z", "fetched_at": "2025-07-15T23:23:24.514347+00:00", "symbol": "ADA-USD"}, {"trade_id": 143781878, "side": "buy", "size": "403.31688393", "price": "0.74620000", "time": "2025-07-15T23:19:38.217974Z", "fetched_at": "2025-07-15T23:23:24.514347+00:00", "symbol": "ADA-USD"}, {"trade_id": 143781877, "side": "buy", "size": "174.16293890", "price": "0.74620000", "time": "2025-07-15T23:19:38.217974Z", "fetched_at": "2025-07-15T23:23:24.514347+00:00", "symbol": "ADA-USD"}, {"trade_id": 143781876, "side": "buy", "size": "174.17000000", "price": "0.74620000", "time": "2025-07-15T23:19:38.217974Z", "fetched_at": "2025-07-15T23:23:24.514347+00:00", "symbol": "ADA-USD"}, {"trade_id": 143781875, "side": "sell", "size": "1.50000000", "price": "0.74620000", "time": "2025-07-15T23:19:37.984461Z", "fetched_at": "2025-07-15T23:23:24.514347+00:00", "symbol": "ADA-USD"}, {"trade_id": 143781874, "side": "sell", "size": "1.50000000", "price": "0.74610000", "time": "2025-07-15T23:19:37.955794Z", "fetched_at": "2025-07-15T23:23:24.514347+00:00", "symbol": "ADA-USD"}, {"trade_id": 143781873, "side": "sell", "size": "1.50000000", "price": "0.74600000", "time": "2025-07-15T23:19:37.774887Z", "fetched_at": "2025-07-15T23:23:24.514347+00:00", "symbol": "ADA-USD"}, {"trade_id": 143781872, "side": "sell", "size": "21.25410000", "price": "0.74590000", "time": "2025-07-15T23:19:37.727978Z", "fetched_at": "2025-07-15T23:23:24.514347+00:00", "symbol": "ADA-USD"}, {"trade_id": 143781871, "side": "sell", "size": "34.18400000", "price": "0.74590000", "time": "2025-07-15T23:19:37.710426Z", "fetched_at": "2025-07-15T23:23:24.514347+00:00", "symbol": "ADA-USD"}, {"trade_id": 143781870, "side": "sell", "size": "1.50000000", "price": "0.74590000", "time": "2025-07-15T23:19:37.710426Z", "fetched_at": "2025-07-15T23:23:24.514347+00:00", "symbol": "ADA-USD"}, {"trade_id": 143781869, "side": "sell", "size": "57.23426549", "price": "0.74580000", "time": "2025-07-15T23:19:37.599051Z", "fetched_at": "2025-07-15T23:23:24.514347+00:00", "symbol": "ADA-USD"}, {"trade_id": 143781868, "side": "sell", "size": "1183.66069451", "price": "0.74580000", "time": "2025-07-15T23:19:37.598486Z", "fetched_at": "2025-07-15T23:23:24.514347+00:00", "symbol": "ADA-USD"}, {"trade_id": 143781867, "side": "sell", "size": "174.31586151", "price": "0.74570000", "time": "2025-07-15T23:19:37.594114Z", "fetched_at": "2025-07-15T23:23:24.514347+00:00", "symbol": "ADA-USD"}, {"trade_id": 143781866, "side": "sell", "size": "34.86317000", "price": "0.74570000", "time": "2025-07-15T23:19:37.568305Z", "fetched_at": "2025-07-15T23:23:24.514347+00:00", "symbol": "ADA-USD"}, {"trade_id": 143781865, "side": "sell", "size": "670.45020748", "price": "0.74580000", "time": "2025-07-15T23:19:37.553958Z", "fetched_at": "2025-07-15T23:23:24.514347+00:00", "symbol": "ADA-USD"}, {"trade_id": 143781864, "side": "sell", "size": "4999.00000000", "price": "0.74580000", "time": "2025-07-15T23:19:37.553958Z", "fetched_at": "2025-07-15T23:23:24.514347+00:00", "symbol": "ADA-USD"}, {"trade_id": 143781863, "side": "sell", "size": "1.50000000", "price": "0.74580000", "time": "2025-07-15T23:19:37.553958Z", "fetched_at": "2025-07-15T23:23:24.514347+00:00", "symbol": "ADA-USD"}, {"trade_id": 143781862, "side": "sell", "size": "533.52480768", "price": "0.74580000", "time": "2025-07-15T23:19:37.553958Z", "fetched_at": "2025-07-15T23:23:24.514347+00:00", "symbol": "ADA-USD"}, {"trade_id": 143781861, "side": "sell", "size": "174.31586151", "price": "0.74570000", "time": "2025-07-15T23:19:37.552404Z", "fetched_at": "2025-07-15T23:23:24.514347+00:00", "symbol": "ADA-USD"}, {"trade_id": 143781860, "side": "sell", "size": "34.87223000", "price": "0.74560000", "time": "2025-07-15T23:19:37.552404Z", "fetched_at": "2025-07-15T23:23:24.514347+00:00", "symbol": "ADA-USD"}, {"trade_id": 143781859, "side": "sell", "size": "301.34936695", "price": "0.74570000", "time": "2025-07-15T23:19:36.969345Z", "fetched_at": "2025-07-15T23:23:24.514347+00:00", "symbol": "ADA-USD"}, {"trade_id": 143781858, "side": "sell", "size": "102.27283265", "price": "0.74570000", "time": "2025-07-15T23:19:36.969345Z", "fetched_at": "2025-07-15T23:23:24.514347+00:00", "symbol": "ADA-USD"}, {"trade_id": 143781857, "side": "sell", "size": "1.50000000", "price": "0.74570000", "time": "2025-07-15T23:19:36.969345Z", "fetched_at": "2025-07-15T23:23:24.514347+00:00", "symbol": "ADA-USD"}, {"trade_id": 143781856, "side": "sell", "size": "1612.64991000", "price": "0.74560000", "time": "2025-07-15T23:19:36.969345Z", "fetched_at": "2025-07-15T23:23:24.514347+00:00", "symbol": "ADA-USD"}, {"trade_id": 143781855, "side": "sell", "size": "329.56445000", "price": "0.74560000", "time": "2025-07-15T23:19:36.969345Z", "fetched_at": "2025-07-15T23:23:24.514347+00:00", "symbol": "ADA-USD"}, {"trade_id": 143781854, "side": "sell", "size": "35.17223000", "price": "0.74560000", "time": "2025-07-15T23:19:36.969345Z", "fetched_at": "2025-07-15T23:23:24.514347+00:00", "symbol": "ADA-USD"}, {"trade_id": 143781853, "side": "sell", "size": "174.36115064", "price": "0.74560000", "time": "2025-07-15T23:19:36.969345Z", "fetched_at": "2025-07-15T23:23:24.514347+00:00", "symbol": "ADA-USD"}, {"trade_id": 143781852, "side": "sell", "size": "1.50000000", "price": "0.74560000", "time": "2025-07-15T23:19:36.969345Z", "fetched_at": "2025-07-15T23:23:24.514347+00:00", "symbol": "ADA-USD"}, {"trade_id": 143781851, "side": "sell", "size": "329.50450000", "price": "0.74540000", "time": "2025-07-15T23:19:33.499751Z", "fetched_at": "2025-07-15T23:23:24.514347+00:00", "symbol": "ADA-USD"}, {"trade_id": 143781850, "side": "sell", "size": "34.87254000", "price": "0.74540000", "time": "2025-07-15T23:19:33.499751Z", "fetched_at": "2025-07-15T23:23:24.514347+00:00", "symbol": "ADA-USD"}, {"trade_id": 143781849, "side": "buy", "size": "92.24082769", "price": "0.74530000", "time": "2025-07-15T23:19:31.296983Z", "fetched_at": "2025-07-15T23:23:24.514347+00:00", "symbol": "ADA-USD"}, {"trade_id": 143781848, "side": "buy", "size": "5.65291473", "price": "0.74530000", "time": "2025-07-15T23:19:31.296983Z", "fetched_at": "2025-07-15T23:23:24.514347+00:00", "symbol": "ADA-USD"}, {"trade_id": 143781847, "side": "buy", "size": "2.10535458", "price": "0.74530000", "time": "2025-07-15T23:19:31.296983Z", "fetched_at": "2025-07-15T23:23:24.514347+00:00", "symbol": "ADA-USD"}, {"trade_id": 143781846, "side": "sell", "size": "321.15434000", "price": "0.74530000", "time": "2025-07-15T23:19:29.814585Z", "fetched_at": "2025-07-15T23:23:24.514347+00:00", "symbol": "ADA-USD"}, {"trade_id": 143781845, "side": "buy", "size": "5.37823631", "price": "0.74530000", "time": "2025-07-15T23:19:27.234409Z", "fetched_at": "2025-07-15T23:23:24.514347+00:00", "symbol": "ADA-USD"}, {"trade_id": 143781844, "side": "buy", "size": "1.50000000", "price": "0.74530000", "time": "2025-07-15T23:19:27.234409Z", "fetched_at": "2025-07-15T23:23:24.514347+00:00", "symbol": "ADA-USD"}, {"trade_id": 143781843, "side": "sell", "size": "68.50535600", "price": "0.74540000", "time": "2025-07-15T23:19:25.316806Z", "fetched_at": "2025-07-15T23:23:24.514347+00:00", "symbol": "ADA-USD"}, {"trade_id": 143781842, "side": "sell", "size": "322.52998000", "price": "0.74540000", "time": "2025-07-15T23:19:25.316806Z", "fetched_at": "2025-07-15T23:23:24.514347+00:00", "symbol": "ADA-USD"}, {"trade_id": 143781841, "side": "buy", "size": "115.71514701", "price": "0.74540000", "time": "2025-07-15T23:19:20.012454Z", "fetched_at": "2025-07-15T23:23:24.514347+00:00", "symbol": "ADA-USD"}, {"trade_id": 143781840, "side": "buy", "size": "0.00000520", "price": "0.74550000", "time": "2025-07-15T23:19:19.848962Z", "fetched_at": "2025-07-15T23:23:24.514347+00:00", "symbol": "ADA-USD"}, {"trade_id": 143781839, "side": "buy", "size": "115.69962000", "price": "0.74550000", "time": "2025-07-15T23:19:19.845042Z", "fetched_at": "2025-07-15T23:23:24.514347+00:00", "symbol": "ADA-USD"}, {"trade_id": 143781838, "side": "buy", "size": "114.06085577", "price": "0.74550000", "time": "2025-07-15T23:19:19.836965Z", "fetched_at": "2025-07-15T23:23:24.514347+00:00", "symbol": "ADA-USD"}, {"trade_id": 143781837, "side": "buy", "size": "1.94340423", "price": "0.74550000", "time": "2025-07-15T23:19:19.836965Z", "fetched_at": "2025-07-15T23:23:24.514347+00:00", "symbol": "ADA-USD"}, {"trade_id": 143781836, "side": "sell", "size": "174.38476293", "price": "0.74550000", "time": "2025-07-15T23:19:17.919092Z", "fetched_at": "2025-07-15T23:23:24.514347+00:00", "symbol": "ADA-USD"}, {"trade_id": 143781835, "side": "sell", "size": "30.30113700", "price": "0.74550000", "time": "2025-07-15T23:19:17.844718Z", "fetched_at": "2025-07-15T23:23:24.514347+00:00", "symbol": "ADA-USD"}, {"trade_id": 143781834, "side": "sell", "size": "1.50000000", "price": "0.74550000", "time": "2025-07-15T23:19:17.844718Z", "fetched_at": "2025-07-15T23:23:24.514347+00:00", "symbol": "ADA-USD"}, {"trade_id": 143781833, "side": "sell", "size": "174.38476293", "price": "0.74540000", "time": "2025-07-15T23:19:17.615098Z", "fetched_at": "2025-07-15T23:23:24.514347+00:00", "symbol": "ADA-USD"}, {"trade_id": 143781832, "side": "sell", "size": "453.90736000", "price": "0.74530000", "time": "2025-07-15T23:19:17.475563Z", "fetched_at": "2025-07-15T23:23:24.514347+00:00", "symbol": "ADA-USD"}, {"trade_id": 143781831, "side": "buy", "size": "52.61008252", "price": "0.74520000", "time": "2025-07-15T23:19:16.250060Z", "fetched_at": "2025-07-15T23:23:24.514347+00:00", "symbol": "ADA-USD"}, {"trade_id": 143781830, "side": "buy", "size": "1.60355148", "price": "0.74520000", "time": "2025-07-15T23:19:16.250060Z", "fetched_at": "2025-07-15T23:23:24.514347+00:00", "symbol": "ADA-USD"}, {"trade_id": 143781829, "side": "buy", "size": "0.19317300", "price": "0.74520000", "time": "2025-07-15T23:19:15.321607Z", "fetched_at": "2025-07-15T23:23:24.514347+00:00", "symbol": "ADA-USD"}, {"trade_id": 143781828, "side": "buy", "size": "2.30200434", "price": "0.74530000", "time": "2025-07-15T23:19:13.881521Z", "fetched_at": "2025-07-15T23:23:24.514347+00:00", "symbol": "ADA-USD"}, {"trade_id": 143781827, "side": "sell", "size": "32.58620900", "price": "0.74540000", "time": "2025-07-15T23:19:12.515317Z", "fetched_at": "2025-07-15T23:23:24.514347+00:00", "symbol": "ADA-USD"}, {"trade_id": 143781826, "side": "sell", "size": "1.27484900", "price": "0.74540000", "time": "2025-07-15T23:19:12.307341Z", "fetched_at": "2025-07-15T23:23:24.514347+00:00", "symbol": "ADA-USD"}, {"trade_id": 143781825, "side": "sell", "size": "2.15191100", "price": "0.74540000", "time": "2025-07-15T23:19:10.437900Z", "fetched_at": "2025-07-15T23:23:24.514347+00:00", "symbol": "ADA-USD"}, {"trade_id": 143781824, "side": "sell", "size": "1.50000000", "price": "0.74540000", "time": "2025-07-15T23:19:10.437900Z", "fetched_at": "2025-07-15T23:23:24.514347+00:00", "symbol": "ADA-USD"}, {"trade_id": 143781823, "side": "sell", "size": "364.52133200", "price": "0.74530000", "time": "2025-07-15T23:19:09.504908Z", "fetched_at": "2025-07-15T23:23:24.514347+00:00", "symbol": "ADA-USD"}, {"trade_id": 143781822, "side": "sell", "size": "212.73806800", "price": "0.74530000", "time": "2025-07-15T23:19:08.738878Z", "fetched_at": "2025-07-15T23:23:24.514347+00:00", "symbol": "ADA-USD"}, {"trade_id": 143781821, "side": "buy", "size": "564.82857440", "price": "0.74510000", "time": "2025-07-15T23:19:05.055198Z", "fetched_at": "2025-07-15T23:23:24.514347+00:00", "symbol": "ADA-USD"}, {"trade_id": 143781820, "side": "buy", "size": "721.59686800", "price": "0.74510000", "time": "2025-07-15T23:19:05.055198Z", "fetched_at": "2025-07-15T23:23:24.514347+00:00", "symbol": "ADA-USD"}