[{"trade_id": 143777485, "side": "sell", "size": "1.50000000", "price": "0.73620000", "time": "2025-07-15T22:39:28.865599Z", "fetched_at": "2025-07-15T22:39:32.753891+00:00", "symbol": "ADA-USD"}, {"trade_id": 143777484, "side": "sell", "size": "0.85458000", "price": "0.73620000", "time": "2025-07-15T22:39:22.827339Z", "fetched_at": "2025-07-15T22:39:32.753891+00:00", "symbol": "ADA-USD"}, {"trade_id": 143777483, "side": "sell", "size": "1.50000000", "price": "0.73610000", "time": "2025-07-15T22:39:22.827339Z", "fetched_at": "2025-07-15T22:39:32.753891+00:00", "symbol": "ADA-USD"}, {"trade_id": 143777482, "side": "sell", "size": "13.12015800", "price": "0.73610000", "time": "2025-07-15T22:39:22.473122Z", "fetched_at": "2025-07-15T22:39:32.753891+00:00", "symbol": "ADA-USD"}, {"trade_id": 143777481, "side": "sell", "size": "6.44482200", "price": "0.73600000", "time": "2025-07-15T22:39:20.097293Z", "fetched_at": "2025-07-15T22:39:32.753891+00:00", "symbol": "ADA-USD"}, {"trade_id": 143777480, "side": "sell", "size": "1.34547400", "price": "0.73610000", "time": "2025-07-15T22:39:16.120867Z", "fetched_at": "2025-07-15T22:39:32.753891+00:00", "symbol": "ADA-USD"}, {"trade_id": 143777479, "side": "sell", "size": "4.43275764", "price": "0.73600000", "time": "2025-07-15T22:39:15.565170Z", "fetched_at": "2025-07-15T22:39:32.753891+00:00", "symbol": "ADA-USD"}, {"trade_id": 143777478, "side": "sell", "size": "1.50000000", "price": "0.73600000", "time": "2025-07-15T22:39:15.565170Z", "fetched_at": "2025-07-15T22:39:32.753891+00:00", "symbol": "ADA-USD"}, {"trade_id": 143777477, "side": "sell", "size": "54.22175423", "price": "0.73590000", "time": "2025-07-15T22:39:14.393267Z", "fetched_at": "2025-07-15T22:39:32.753891+00:00", "symbol": "ADA-USD"}, {"trade_id": 143777476, "side": "sell", "size": "38.86422900", "price": "0.73590000", "time": "2025-07-15T22:39:14.341067Z", "fetched_at": "2025-07-15T22:39:32.753891+00:00", "symbol": "ADA-USD"}, {"trade_id": 143777475, "side": "sell", "size": "1.50000000", "price": "0.73590000", "time": "2025-07-15T22:39:14.341067Z", "fetched_at": "2025-07-15T22:39:32.753891+00:00", "symbol": "ADA-USD"}, {"trade_id": 143777474, "side": "sell", "size": "176.61168477", "price": "0.73580000", "time": "2025-07-15T22:39:14.181693Z", "fetched_at": "2025-07-15T22:39:32.753891+00:00", "symbol": "ADA-USD"}, {"trade_id": 143777473, "side": "sell", "size": "295.37832000", "price": "0.73580000", "time": "2025-07-15T22:39:11.209270Z", "fetched_at": "2025-07-15T22:39:32.753891+00:00", "symbol": "ADA-USD"}, {"trade_id": 143777472, "side": "sell", "size": "163.40744977", "price": "0.73580000", "time": "2025-07-15T22:39:11.209270Z", "fetched_at": "2025-07-15T22:39:32.753891+00:00", "symbol": "ADA-USD"}, {"trade_id": 143777471, "side": "sell", "size": "13.20423500", "price": "0.73580000", "time": "2025-07-15T22:39:10.467478Z", "fetched_at": "2025-07-15T22:39:32.753891+00:00", "symbol": "ADA-USD"}, {"trade_id": 143777470, "side": "buy", "size": "1299.90378131", "price": "0.73570000", "time": "2025-07-15T22:39:05.050395Z", "fetched_at": "2025-07-15T22:39:32.753891+00:00", "symbol": "ADA-USD"}, {"trade_id": 143777469, "side": "buy", "size": "856.25242067", "price": "0.73570000", "time": "2025-07-15T22:39:05.050395Z", "fetched_at": "2025-07-15T22:39:32.753891+00:00", "symbol": "ADA-USD"}, {"trade_id": 143777468, "side": "buy", "size": "838.46067245", "price": "0.73570000", "time": "2025-07-15T22:39:05.050395Z", "fetched_at": "2025-07-15T22:39:32.753891+00:00", "symbol": "ADA-USD"}, {"trade_id": 143777467, "side": "buy", "size": "1.50000000", "price": "0.73570000", "time": "2025-07-15T22:39:05.050395Z", "fetched_at": "2025-07-15T22:39:32.753891+00:00", "symbol": "ADA-USD"}, {"trade_id": 143777466, "side": "buy", "size": "0.00000936", "price": "0.73580000", "time": "2025-07-15T22:39:05.050395Z", "fetched_at": "2025-07-15T22:39:32.753891+00:00", "symbol": "ADA-USD"}, {"trade_id": 143777465, "side": "buy", "size": "45.11905000", "price": "0.73580000", "time": "2025-07-15T22:39:05.040734Z", "fetched_at": "2025-07-15T22:39:32.753891+00:00", "symbol": "ADA-USD"}, {"trade_id": 143777464, "side": "buy", "size": "1.50000000", "price": "0.73580000", "time": "2025-07-15T22:39:05.040734Z", "fetched_at": "2025-07-15T22:39:32.753891+00:00", "symbol": "ADA-USD"}, {"trade_id": 143777463, "side": "buy", "size": "277.54378000", "price": "0.73590000", "time": "2025-07-15T22:39:04.924453Z", "fetched_at": "2025-07-15T22:39:32.753891+00:00", "symbol": "ADA-USD"}, {"trade_id": 143777462, "side": "buy", "size": "297.67824000", "price": "0.73590000", "time": "2025-07-15T22:39:04.924453Z", "fetched_at": "2025-07-15T22:39:32.753891+00:00", "symbol": "ADA-USD"}, {"trade_id": 143777461, "side": "buy", "size": "45.11292822", "price": "0.73590000", "time": "2025-07-15T22:39:04.924453Z", "fetched_at": "2025-07-15T22:39:32.753891+00:00", "symbol": "ADA-USD"}, {"trade_id": 143777460, "side": "buy", "size": "45.11292000", "price": "0.73590000", "time": "2025-07-15T22:39:04.535816Z", "fetched_at": "2025-07-15T22:39:32.753891+00:00", "symbol": "ADA-USD"}, {"trade_id": 143777459, "side": "buy", "size": "45.11292000", "price": "0.73590000", "time": "2025-07-15T22:39:04.399469Z", "fetched_at": "2025-07-15T22:39:32.753891+00:00", "symbol": "ADA-USD"}, {"trade_id": 143777458, "side": "buy", "size": "1.50000000", "price": "0.73590000", "time": "2025-07-15T22:39:04.399469Z", "fetched_at": "2025-07-15T22:39:32.753891+00:00", "symbol": "ADA-USD"}, {"trade_id": 143777457, "side": "buy", "size": "176.62480000", "price": "0.73600000", "time": "2025-07-15T22:39:04.109591Z", "fetched_at": "2025-07-15T22:39:32.753891+00:00", "symbol": "ADA-USD"}, {"trade_id": 143777456, "side": "sell", "size": "187.54999683", "price": "0.73620000", "time": "2025-07-15T22:39:01.867029Z", "fetched_at": "2025-07-15T22:39:32.753891+00:00", "symbol": "ADA-USD"}, {"trade_id": 143777455, "side": "sell", "size": "1666.19789616", "price": "0.73620000", "time": "2025-07-15T22:39:01.867029Z", "fetched_at": "2025-07-15T22:39:32.753891+00:00", "symbol": "ADA-USD"}, {"trade_id": 143777454, "side": "sell", "size": "1787.80315352", "price": "0.73620000", "time": "2025-07-15T22:39:01.867029Z", "fetched_at": "2025-07-15T22:39:32.753891+00:00", "symbol": "ADA-USD"}, {"trade_id": 143777453, "side": "sell", "size": "838.46067245", "price": "0.73620000", "time": "2025-07-15T22:39:01.867029Z", "fetched_at": "2025-07-15T22:39:32.753891+00:00", "symbol": "ADA-USD"}, {"trade_id": 143777452, "side": "sell", "size": "1.50000000", "price": "0.73620000", "time": "2025-07-15T22:39:01.867029Z", "fetched_at": "2025-07-15T22:39:32.753891+00:00", "symbol": "ADA-USD"}, {"trade_id": 143777451, "side": "sell", "size": "732.16940676", "price": "0.73610000", "time": "2025-07-15T22:39:01.867029Z", "fetched_at": "2025-07-15T22:39:32.753891+00:00", "symbol": "ADA-USD"}, {"trade_id": 143777450, "side": "sell", "size": "176.60320628", "price": "0.73600000", "time": "2025-07-15T22:38:58.123407Z", "fetched_at": "2025-07-15T22:39:32.753891+00:00", "symbol": "ADA-USD"}, {"trade_id": 143777449, "side": "sell", "size": "176.60320628", "price": "0.73600000", "time": "2025-07-15T22:38:58.110987Z", "fetched_at": "2025-07-15T22:39:32.753891+00:00", "symbol": "ADA-USD"}, {"trade_id": 143777448, "side": "buy", "size": "15.54329310", "price": "0.73600000", "time": "2025-07-15T22:38:56.796453Z", "fetched_at": "2025-07-15T22:39:32.753891+00:00", "symbol": "ADA-USD"}, {"trade_id": 143777447, "side": "buy", "size": "1.50000000", "price": "0.73600000", "time": "2025-07-15T22:38:56.796453Z", "fetched_at": "2025-07-15T22:39:32.753891+00:00", "symbol": "ADA-USD"}, {"trade_id": 143777446, "side": "buy", "size": "15.54118153", "price": "0.73610000", "time": "2025-07-15T22:38:56.720010Z", "fetched_at": "2025-07-15T22:39:32.753891+00:00", "symbol": "ADA-USD"}, {"trade_id": 143777445, "side": "buy", "size": "15.53907053", "price": "0.73620000", "time": "2025-07-15T22:38:56.661432Z", "fetched_at": "2025-07-15T22:39:32.753891+00:00", "symbol": "ADA-USD"}, {"trade_id": 143777444, "side": "buy", "size": "15.53991883", "price": "0.73620000", "time": "2025-07-15T22:38:56.642096Z", "fetched_at": "2025-07-15T22:39:32.753891+00:00", "symbol": "ADA-USD"}, {"trade_id": 143777443, "side": "buy", "size": "85.96286800", "price": "0.73620000", "time": "2025-07-15T22:38:51.636967Z", "fetched_at": "2025-07-15T22:39:32.753891+00:00", "symbol": "ADA-USD"}, {"trade_id": 143777442, "side": "buy", "size": "277.54378000", "price": "0.73620000", "time": "2025-07-15T22:38:51.636967Z", "fetched_at": "2025-07-15T22:39:32.753891+00:00", "symbol": "ADA-USD"}, {"trade_id": 143777441, "side": "sell", "size": "176.58928057", "price": "0.73620000", "time": "2025-07-15T22:38:51.553270Z", "fetched_at": "2025-07-15T22:39:32.753891+00:00", "symbol": "ADA-USD"}, {"trade_id": 143777440, "side": "buy", "size": "269.62925039", "price": "0.73600000", "time": "2025-07-15T22:38:50.337775Z", "fetched_at": "2025-07-15T22:39:32.753891+00:00", "symbol": "ADA-USD"}, {"trade_id": 143777439, "side": "buy", "size": "4.71443161", "price": "0.73610000", "time": "2025-07-15T22:38:50.337775Z", "fetched_at": "2025-07-15T22:39:32.753891+00:00", "symbol": "ADA-USD"}, {"trade_id": 143777438, "side": "sell", "size": "0.05621222", "price": "0.73620000", "time": "2025-07-15T22:38:47.003353Z", "fetched_at": "2025-07-15T22:39:32.753891+00:00", "symbol": "ADA-USD"}, {"trade_id": 143777437, "side": "sell", "size": "77.65928715", "price": "0.73620000", "time": "2025-07-15T22:38:46.984736Z", "fetched_at": "2025-07-15T22:39:32.753891+00:00", "symbol": "ADA-USD"}, {"trade_id": 143777436, "side": "sell", "size": "56.74959531", "price": "0.73620000", "time": "2025-07-15T22:38:46.984736Z", "fetched_at": "2025-07-15T22:39:32.753891+00:00", "symbol": "ADA-USD"}, {"trade_id": 143777435, "side": "buy", "size": "159.91592662", "price": "0.73600000", "time": "2025-07-15T22:38:46.832242Z", "fetched_at": "2025-07-15T22:39:32.753891+00:00", "symbol": "ADA-USD"}, {"trade_id": 143777434, "side": "buy", "size": "1.50000000", "price": "0.73600000", "time": "2025-07-15T22:38:46.832242Z", "fetched_at": "2025-07-15T22:39:32.753891+00:00", "symbol": "ADA-USD"}, {"trade_id": 143777433, "side": "buy", "size": "594.00000000", "price": "0.73610000", "time": "2025-07-15T22:38:46.832242Z", "fetched_at": "2025-07-15T22:39:32.753891+00:00", "symbol": "ADA-USD"}, {"trade_id": 143777432, "side": "buy", "size": "5.90408438", "price": "0.73610000", "time": "2025-07-15T22:38:46.832242Z", "fetched_at": "2025-07-15T22:39:32.753891+00:00", "symbol": "ADA-USD"}, {"trade_id": 143777431, "side": "buy", "size": "1.50000000", "price": "0.73610000", "time": "2025-07-15T22:38:46.832242Z", "fetched_at": "2025-07-15T22:39:32.753891+00:00", "symbol": "ADA-USD"}, {"trade_id": 143777430, "side": "buy", "size": "5.90328241", "price": "0.73620000", "time": "2025-07-15T22:38:46.655812Z", "fetched_at": "2025-07-15T22:39:32.753891+00:00", "symbol": "ADA-USD"}, {"trade_id": 143777429, "side": "buy", "size": "1.50000000", "price": "0.73620000", "time": "2025-07-15T22:38:46.655812Z", "fetched_at": "2025-07-15T22:39:32.753891+00:00", "symbol": "ADA-USD"}, {"trade_id": 143777428, "side": "buy", "size": "6.02075278", "price": "0.73630000", "time": "2025-07-15T22:38:46.581618Z", "fetched_at": "2025-07-15T22:39:32.753891+00:00", "symbol": "ADA-USD"}, {"trade_id": 143777427, "side": "buy", "size": "1.50000000", "price": "0.73630000", "time": "2025-07-15T22:38:46.581618Z", "fetched_at": "2025-07-15T22:39:32.753891+00:00", "symbol": "ADA-USD"}, {"trade_id": 143777426, "side": "buy", "size": "6.82590090", "price": "0.73640000", "time": "2025-07-15T22:38:46.373665Z", "fetched_at": "2025-07-15T22:39:32.753891+00:00", "symbol": "ADA-USD"}, {"trade_id": 143777425, "side": "buy", "size": "474.58913404", "price": "0.73630000", "time": "2025-07-15T22:38:44.754953Z", "fetched_at": "2025-07-15T22:39:32.753891+00:00", "symbol": "ADA-USD"}, {"trade_id": 143777424, "side": "buy", "size": "176.52886596", "price": "0.73640000", "time": "2025-07-15T22:38:44.754953Z", "fetched_at": "2025-07-15T22:39:32.753891+00:00", "symbol": "ADA-USD"}, {"trade_id": 143777423, "side": "buy", "size": "159.21987017", "price": "0.73630000", "time": "2025-07-15T22:38:44.734416Z", "fetched_at": "2025-07-15T22:39:32.753891+00:00", "symbol": "ADA-USD"}, {"trade_id": 143777422, "side": "buy", "size": "32.44516388", "price": "0.73630000", "time": "2025-07-15T22:38:44.734416Z", "fetched_at": "2025-07-15T22:39:32.753891+00:00", "symbol": "ADA-USD"}, {"trade_id": 143777421, "side": "buy", "size": "176.52886595", "price": "0.73640000", "time": "2025-07-15T22:38:44.734416Z", "fetched_at": "2025-07-15T22:39:32.753891+00:00", "symbol": "ADA-USD"}, {"trade_id": 143777420, "side": "buy", "size": "176.52886000", "price": "0.73640000", "time": "2025-07-15T22:38:43.421024Z", "fetched_at": "2025-07-15T22:39:32.753891+00:00", "symbol": "ADA-USD"}, {"trade_id": 143777419, "side": "sell", "size": "20.00000000", "price": "0.73650000", "time": "2025-07-15T22:38:33.490598Z", "fetched_at": "2025-07-15T22:39:32.753891+00:00", "symbol": "ADA-USD"}, {"trade_id": 143777418, "side": "sell", "size": "53.21233500", "price": "0.73650000", "time": "2025-07-15T22:38:32.782007Z", "fetched_at": "2025-07-15T22:39:32.753891+00:00", "symbol": "ADA-USD"}, {"trade_id": 143777417, "side": "sell", "size": "1.50000000", "price": "0.73650000", "time": "2025-07-15T22:38:32.782007Z", "fetched_at": "2025-07-15T22:39:32.753891+00:00", "symbol": "ADA-USD"}, {"trade_id": 143777416, "side": "buy", "size": "271.55465000", "price": "0.73640000", "time": "2025-07-15T22:38:32.126189Z", "fetched_at": "2025-07-15T22:39:32.753891+00:00", "symbol": "ADA-USD"}, {"trade_id": 143777415, "side": "sell", "size": "67.64810539", "price": "0.73630000", "time": "2025-07-15T22:38:24.967272Z", "fetched_at": "2025-07-15T22:39:32.753891+00:00", "symbol": "ADA-USD"}, {"trade_id": 143777414, "side": "sell", "size": "11.04958600", "price": "0.73640000", "time": "2025-07-15T22:38:24.456160Z", "fetched_at": "2025-07-15T22:39:32.753891+00:00", "symbol": "ADA-USD"}, {"trade_id": 143777413, "side": "sell", "size": "325.12868000", "price": "0.73640000", "time": "2025-07-15T22:38:24.456160Z", "fetched_at": "2025-07-15T22:39:32.753891+00:00", "symbol": "ADA-USD"}, {"trade_id": 143777412, "side": "sell", "size": "1.34383100", "price": "0.73630000", "time": "2025-07-15T22:38:21.554716Z", "fetched_at": "2025-07-15T22:39:32.753891+00:00", "symbol": "ADA-USD"}, {"trade_id": 143777411, "side": "sell", "size": "263.78501600", "price": "0.73630000", "time": "2025-07-15T22:38:21.136095Z", "fetched_at": "2025-07-15T22:39:32.753891+00:00", "symbol": "ADA-USD"}, {"trade_id": 143777410, "side": "sell", "size": "32.98655800", "price": "0.73630000", "time": "2025-07-15T22:38:20.973207Z", "fetched_at": "2025-07-15T22:39:32.753891+00:00", "symbol": "ADA-USD"}, {"trade_id": 143777409, "side": "sell", "size": "487.69304000", "price": "0.73640000", "time": "2025-07-15T22:38:19.054934Z", "fetched_at": "2025-07-15T22:39:32.753891+00:00", "symbol": "ADA-USD"}, {"trade_id": 143777408, "side": "sell", "size": "14.03284437", "price": "0.73640000", "time": "2025-07-15T22:38:18.720631Z", "fetched_at": "2025-07-15T22:39:32.753891+00:00", "symbol": "ADA-USD"}, {"trade_id": 143777407, "side": "sell", "size": "176.51829971", "price": "0.73630000", "time": "2025-07-15T22:38:18.186490Z", "fetched_at": "2025-07-15T22:39:32.753891+00:00", "symbol": "ADA-USD"}, {"trade_id": 143777406, "side": "sell", "size": "176.51829971", "price": "0.73630000", "time": "2025-07-15T22:38:18.174933Z", "fetched_at": "2025-07-15T22:39:32.753891+00:00", "symbol": "ADA-USD"}, {"trade_id": 143777405, "side": "buy", "size": "23.23647578", "price": "0.73630000", "time": "2025-07-15T22:38:16.489441Z", "fetched_at": "2025-07-15T22:39:32.753891+00:00", "symbol": "ADA-USD"}, {"trade_id": 143777404, "side": "buy", "size": "1.50000000", "price": "0.73630000", "time": "2025-07-15T22:38:16.489441Z", "fetched_at": "2025-07-15T22:39:32.753891+00:00", "symbol": "ADA-USD"}, {"trade_id": 143777403, "side": "buy", "size": "31.72092851", "price": "0.73640000", "time": "2025-07-15T22:38:16.122540Z", "fetched_at": "2025-07-15T22:39:32.753891+00:00", "symbol": "ADA-USD"}, {"trade_id": 143777402, "side": "buy", "size": "1.50000000", "price": "0.73640000", "time": "2025-07-15T22:38:16.122540Z", "fetched_at": "2025-07-15T22:39:32.753891+00:00", "symbol": "ADA-USD"}, {"trade_id": 143777401, "side": "buy", "size": "1.50000000", "price": "0.73650000", "time": "2025-07-15T22:38:15.324643Z", "fetched_at": "2025-07-15T22:39:32.753891+00:00", "symbol": "ADA-USD"}, {"trade_id": 143777400, "side": "buy", "size": "23.48122284", "price": "0.73660000", "time": "2025-07-15T22:38:15.319702Z", "fetched_at": "2025-07-15T22:39:32.753891+00:00", "symbol": "ADA-USD"}, {"trade_id": 143777399, "side": "sell", "size": "64.36074900", "price": "0.73670000", "time": "2025-07-15T22:38:15.123267Z", "fetched_at": "2025-07-15T22:39:32.753891+00:00", "symbol": "ADA-USD"}, {"trade_id": 143777398, "side": "buy", "size": "176.43303000", "price": "0.73680000", "time": "2025-07-15T22:38:12.470986Z", "fetched_at": "2025-07-15T22:39:32.753891+00:00", "symbol": "ADA-USD"}, {"trade_id": 143777397, "side": "buy", "size": "176.43303000", "price": "0.73680000", "time": "2025-07-15T22:38:12.418704Z", "fetched_at": "2025-07-15T22:39:32.753891+00:00", "symbol": "ADA-USD"}, {"trade_id": 143777396, "side": "buy", "size": "87.43865644", "price": "0.73690000", "time": "2025-07-15T22:38:10.985490Z", "fetched_at": "2025-07-15T22:39:32.753891+00:00", "symbol": "ADA-USD"}, {"trade_id": 143777395, "side": "buy", "size": "33.08134356", "price": "0.73690000", "time": "2025-07-15T22:38:10.985490Z", "fetched_at": "2025-07-15T22:39:32.753891+00:00", "symbol": "ADA-USD"}, {"trade_id": 143777394, "side": "sell", "size": "1.50000000", "price": "0.73700000", "time": "2025-07-15T22:38:09.765308Z", "fetched_at": "2025-07-15T22:39:32.753891+00:00", "symbol": "ADA-USD"}, {"trade_id": 143777393, "side": "sell", "size": "25.02646267", "price": "0.73700000", "time": "2025-07-15T22:38:09.765308Z", "fetched_at": "2025-07-15T22:39:32.753891+00:00", "symbol": "ADA-USD"}, {"trade_id": 143777392, "side": "sell", "size": "0.01492142", "price": "0.73690000", "time": "2025-07-15T22:38:05.561727Z", "fetched_at": "2025-07-15T22:39:32.753891+00:00", "symbol": "ADA-USD"}, {"trade_id": 143777391, "side": "sell", "size": "8.68291575", "price": "0.73690000", "time": "2025-07-15T22:38:05.485319Z", "fetched_at": "2025-07-15T22:39:32.753891+00:00", "symbol": "ADA-USD"}, {"trade_id": 143777390, "side": "sell", "size": "300.60045508", "price": "0.73690000", "time": "2025-07-15T22:38:04.791437Z", "fetched_at": "2025-07-15T22:39:32.753891+00:00", "symbol": "ADA-USD"}, {"trade_id": 143777389, "side": "sell", "size": "1.50000000", "price": "0.73690000", "time": "2025-07-15T22:38:04.791437Z", "fetched_at": "2025-07-15T22:39:32.753891+00:00", "symbol": "ADA-USD"}, {"trade_id": 143777388, "side": "sell", "size": "16.93236092", "price": "0.73690000", "time": "2025-07-15T22:38:04.791437Z", "fetched_at": "2025-07-15T22:39:32.753891+00:00", "symbol": "ADA-USD"}, {"trade_id": 143777387, "side": "sell", "size": "22.97094900", "price": "0.73690000", "time": "2025-07-15T22:38:04.408914Z", "fetched_at": "2025-07-15T22:39:32.753891+00:00", "symbol": "ADA-USD"}, {"trade_id": 143777386, "side": "sell", "size": "1.50000000", "price": "0.73680000", "time": "2025-07-15T22:38:04.118824Z", "fetched_at": "2025-07-15T22:39:32.753891+00:00", "symbol": "ADA-USD"}, {"trade_id": 143777385, "side": "sell", "size": "20.94397210", "price": "0.73680000", "time": "2025-07-15T22:38:04.118824Z", "fetched_at": "2025-07-15T22:39:32.753891+00:00", "symbol": "ADA-USD"}, {"trade_id": 143777384, "side": "sell", "size": "0.00000551", "price": "0.73670000", "time": "2025-07-15T22:38:03.594895Z", "fetched_at": "2025-07-15T22:39:32.753891+00:00", "symbol": "ADA-USD"}, {"trade_id": 143777383, "side": "sell", "size": "1.49999449", "price": "0.73670000", "time": "2025-07-15T22:38:03.588404Z", "fetched_at": "2025-07-15T22:39:32.753891+00:00", "symbol": "ADA-USD"}, {"trade_id": 143777382, "side": "sell", "size": "148.59992551", "price": "0.73670000", "time": "2025-07-15T22:38:03.588404Z", "fetched_at": "2025-07-15T22:39:32.753891+00:00", "symbol": "ADA-USD"}, {"trade_id": 143777381, "side": "sell", "size": "20.90324274", "price": "0.73660000", "time": "2025-07-15T22:38:01.889516Z", "fetched_at": "2025-07-15T22:39:32.753891+00:00", "symbol": "ADA-USD"}, {"trade_id": 143777380, "side": "sell", "size": "1.50000000", "price": "0.73660000", "time": "2025-07-15T22:38:01.889516Z", "fetched_at": "2025-07-15T22:39:32.753891+00:00", "symbol": "ADA-USD"}, {"trade_id": 143777379, "side": "sell", "size": "13.65206478", "price": "0.73650000", "time": "2025-07-15T22:38:01.459293Z", "fetched_at": "2025-07-15T22:39:32.753891+00:00", "symbol": "ADA-USD"}, {"trade_id": 143777378, "side": "sell", "size": "9.98100728", "price": "0.73650000", "time": "2025-07-15T22:37:59.220778Z", "fetched_at": "2025-07-15T22:39:32.753891+00:00", "symbol": "ADA-USD"}, {"trade_id": 143777377, "side": "sell", "size": "67.94329073", "price": "0.73650000", "time": "2025-07-15T22:37:58.507834Z", "fetched_at": "2025-07-15T22:39:32.753891+00:00", "symbol": "ADA-USD"}, {"trade_id": 143777376, "side": "sell", "size": "4.89100300", "price": "0.73650000", "time": "2025-07-15T22:37:55.068408Z", "fetched_at": "2025-07-15T22:39:32.753891+00:00", "symbol": "ADA-USD"}, {"trade_id": 143777375, "side": "sell", "size": "1.50000000", "price": "0.73650000", "time": "2025-07-15T22:37:55.068408Z", "fetched_at": "2025-07-15T22:39:32.753891+00:00", "symbol": "ADA-USD"}, {"trade_id": 143777374, "side": "sell", "size": "176.54297923", "price": "0.73640000", "time": "2025-07-15T22:37:53.187146Z", "fetched_at": "2025-07-15T22:39:32.753891+00:00", "symbol": "ADA-USD"}, {"trade_id": 143777373, "side": "buy", "size": "144.68381535", "price": "0.73620000", "time": "2025-07-15T22:37:50.968148Z", "fetched_at": "2025-07-15T22:39:32.753891+00:00", "symbol": "ADA-USD"}, {"trade_id": 143777372, "side": "buy", "size": "96.39828265", "price": "0.73630000", "time": "2025-07-15T22:37:50.968148Z", "fetched_at": "2025-07-15T22:39:32.753891+00:00", "symbol": "ADA-USD"}, {"trade_id": 143777371, "side": "buy", "size": "176.52886000", "price": "0.73640000", "time": "2025-07-15T22:37:46.220805Z", "fetched_at": "2025-07-15T22:39:32.753891+00:00", "symbol": "ADA-USD"}, {"trade_id": 143777370, "side": "sell", "size": "206.96604000", "price": "0.73650000", "time": "2025-07-15T22:37:45.613849Z", "fetched_at": "2025-07-15T22:39:32.753891+00:00", "symbol": "ADA-USD"}, {"trade_id": 143777369, "side": "sell", "size": "117.77402000", "price": "0.73650000", "time": "2025-07-15T22:37:45.611430Z", "fetched_at": "2025-07-15T22:39:32.753891+00:00", "symbol": "ADA-USD"}, {"trade_id": 143777368, "side": "sell", "size": "1.50000000", "price": "0.73650000", "time": "2025-07-15T22:37:45.605948Z", "fetched_at": "2025-07-15T22:39:32.753891+00:00", "symbol": "ADA-USD"}, {"trade_id": 143777367, "side": "sell", "size": "1.34474300", "price": "0.73640000", "time": "2025-07-15T22:37:44.762727Z", "fetched_at": "2025-07-15T22:39:32.753891+00:00", "symbol": "ADA-USD"}, {"trade_id": 143777366, "side": "sell", "size": "43.25813168", "price": "0.73650000", "time": "2025-07-15T22:37:41.195370Z", "fetched_at": "2025-07-15T22:39:32.753891+00:00", "symbol": "ADA-USD"}, {"trade_id": 143777365, "side": "sell", "size": "22.28919932", "price": "0.73650000", "time": "2025-07-15T22:37:41.195370Z", "fetched_at": "2025-07-15T22:39:32.753891+00:00", "symbol": "ADA-USD"}, {"trade_id": 143777364, "side": "sell", "size": "44.98681401", "price": "0.73640000", "time": "2025-07-15T22:37:38.632249Z", "fetched_at": "2025-07-15T22:39:32.753891+00:00", "symbol": "ADA-USD"}, {"trade_id": 143777363, "side": "sell", "size": "53.51318599", "price": "0.73640000", "time": "2025-07-15T22:37:38.632249Z", "fetched_at": "2025-07-15T22:39:32.753891+00:00", "symbol": "ADA-USD"}, {"trade_id": 143777362, "side": "sell", "size": "1.50000000", "price": "0.73640000", "time": "2025-07-15T22:37:38.632249Z", "fetched_at": "2025-07-15T22:39:32.753891+00:00", "symbol": "ADA-USD"}, {"trade_id": 143777361, "side": "sell", "size": "13.15546500", "price": "0.73620000", "time": "2025-07-15T22:37:31.827964Z", "fetched_at": "2025-07-15T22:39:32.753891+00:00", "symbol": "ADA-USD"}, {"trade_id": 143777360, "side": "sell", "size": "303.72274462", "price": "0.73630000", "time": "2025-07-15T22:37:29.785036Z", "fetched_at": "2025-07-15T22:39:32.753891+00:00", "symbol": "ADA-USD"}, {"trade_id": 143777359, "side": "sell", "size": "594.00000000", "price": "0.73630000", "time": "2025-07-15T22:37:29.785036Z", "fetched_at": "2025-07-15T22:39:32.753891+00:00", "symbol": "ADA-USD"}, {"trade_id": 143777358, "side": "sell", "size": "1.50000000", "price": "0.73630000", "time": "2025-07-15T22:37:29.785036Z", "fetched_at": "2025-07-15T22:39:32.753891+00:00", "symbol": "ADA-USD"}, {"trade_id": 143777357, "side": "sell", "size": "45.47581138", "price": "0.73630000", "time": "2025-07-15T22:37:29.785036Z", "fetched_at": "2025-07-15T22:39:32.753891+00:00", "symbol": "ADA-USD"}, {"trade_id": 143777356, "side": "sell", "size": "53.55263253", "price": "0.73620000", "time": "2025-07-15T22:37:29.041525Z", "fetched_at": "2025-07-15T22:39:32.753891+00:00", "symbol": "ADA-USD"}, {"trade_id": 143777355, "side": "sell", "size": "1.50000000", "price": "0.73620000", "time": "2025-07-15T22:37:29.041525Z", "fetched_at": "2025-07-15T22:39:32.753891+00:00", "symbol": "ADA-USD"}, {"trade_id": 143777354, "side": "sell", "size": "1.50000000", "price": "0.73610000", "time": "2025-07-15T22:37:28.359621Z", "fetched_at": "2025-07-15T22:39:32.753891+00:00", "symbol": "ADA-USD"}, {"trade_id": 143777353, "side": "sell", "size": "39.84725938", "price": "0.73610000", "time": "2025-07-15T22:37:27.725148Z", "fetched_at": "2025-07-15T22:39:32.753891+00:00", "symbol": "ADA-USD"}, {"trade_id": 143777352, "side": "sell", "size": "33.18466563", "price": "0.73610000", "time": "2025-07-15T22:37:27.725148Z", "fetched_at": "2025-07-15T22:39:32.753891+00:00", "symbol": "ADA-USD"}, {"trade_id": 143777351, "side": "sell", "size": "1.50000000", "price": "0.73600000", "time": "2025-07-15T22:37:27.725148Z", "fetched_at": "2025-07-15T22:39:32.753891+00:00", "symbol": "ADA-USD"}, {"trade_id": 143777350, "side": "sell", "size": "13.50718941", "price": "0.73590000", "time": "2025-07-15T22:37:25.869090Z", "fetched_at": "2025-07-15T22:39:32.753891+00:00", "symbol": "ADA-USD"}, {"trade_id": 143777349, "side": "sell", "size": "1.50000000", "price": "0.73590000", "time": "2025-07-15T22:37:18.222657Z", "fetched_at": "2025-07-15T22:39:32.753891+00:00", "symbol": "ADA-USD"}, {"trade_id": 143777348, "side": "buy", "size": "61.80478500", "price": "0.73570000", "time": "2025-07-15T22:37:16.599678Z", "fetched_at": "2025-07-15T22:39:32.753891+00:00", "symbol": "ADA-USD"}, {"trade_id": 143777347, "side": "buy", "size": "594.00000000", "price": "0.73580000", "time": "2025-07-15T22:37:16.599678Z", "fetched_at": "2025-07-15T22:39:32.753891+00:00", "symbol": "ADA-USD"}, {"trade_id": 143777346, "side": "sell", "size": "1.50000000", "price": "0.73580000", "time": "2025-07-15T22:37:15.678499Z", "fetched_at": "2025-07-15T22:39:32.753891+00:00", "symbol": "ADA-USD"}, {"trade_id": 143777345, "side": "sell", "size": "1.50000000", "price": "0.73570000", "time": "2025-07-15T22:37:10.120219Z", "fetched_at": "2025-07-15T22:39:32.753891+00:00", "symbol": "ADA-USD"}, {"trade_id": 143777344, "side": "sell", "size": "3399.28397482", "price": "0.73560000", "time": "2025-07-15T22:37:10.047099Z", "fetched_at": "2025-07-15T22:39:32.753891+00:00", "symbol": "ADA-USD"}, {"trade_id": 143777343, "side": "sell", "size": "313.35072013", "price": "0.73570000", "time": "2025-07-15T22:37:05.656781Z", "fetched_at": "2025-07-15T22:39:32.753891+00:00", "symbol": "ADA-USD"}, {"trade_id": 143777342, "side": "sell", "size": "449.89623662", "price": "0.73570000", "time": "2025-07-15T22:37:05.656781Z", "fetched_at": "2025-07-15T22:39:32.753891+00:00", "symbol": "ADA-USD"}, {"trade_id": 143777341, "side": "sell", "size": "838.46067245", "price": "0.73570000", "time": "2025-07-15T22:37:05.656781Z", "fetched_at": "2025-07-15T22:39:32.753891+00:00", "symbol": "ADA-USD"}, {"trade_id": 143777340, "side": "sell", "size": "275.69095044", "price": "0.73570000", "time": "2025-07-15T22:37:05.656781Z", "fetched_at": "2025-07-15T22:39:32.753891+00:00", "symbol": "ADA-USD"}, {"trade_id": 143777339, "side": "sell", "size": "607.53733681", "price": "0.73560000", "time": "2025-07-15T22:37:05.656781Z", "fetched_at": "2025-07-15T22:39:32.753891+00:00", "symbol": "ADA-USD"}, {"trade_id": 143777338, "side": "sell", "size": "1.50000000", "price": "0.73560000", "time": "2025-07-15T22:37:05.656781Z", "fetched_at": "2025-07-15T22:39:32.753891+00:00", "symbol": "ADA-USD"}, {"trade_id": 143777337, "side": "sell", "size": "3399.76011293", "price": "0.73550000", "time": "2025-07-15T22:37:00.602517Z", "fetched_at": "2025-07-15T22:39:32.753891+00:00", "symbol": "ADA-USD"}, {"trade_id": 143777336, "side": "sell", "size": "1.50000000", "price": "0.73550000", "time": "2025-07-15T22:37:00.602517Z", "fetched_at": "2025-07-15T22:39:32.753891+00:00", "symbol": "ADA-USD"}, {"trade_id": 143777335, "side": "buy", "size": "510.70985900", "price": "0.73540000", "time": "2025-07-15T22:37:00.096274Z", "fetched_at": "2025-07-15T22:39:32.753891+00:00", "symbol": "ADA-USD"}, {"trade_id": 143777334, "side": "sell", "size": "1.50000000", "price": "0.73540000", "time": "2025-07-15T22:36:57.868964Z", "fetched_at": "2025-07-15T22:39:32.753891+00:00", "symbol": "ADA-USD"}, {"trade_id": 143777333, "side": "sell", "size": "37.89173525", "price": "0.73530000", "time": "2025-07-15T22:36:55.771146Z", "fetched_at": "2025-07-15T22:39:32.753891+00:00", "symbol": "ADA-USD"}, {"trade_id": 143777332, "side": "sell", "size": "1500.00000000", "price": "0.73530000", "time": "2025-07-15T22:36:55.768306Z", "fetched_at": "2025-07-15T22:39:32.753891+00:00", "symbol": "ADA-USD"}, {"trade_id": 143777331, "side": "sell", "size": "6.74980780", "price": "0.73530000", "time": "2025-07-15T22:36:55.755196Z", "fetched_at": "2025-07-15T22:39:32.753891+00:00", "symbol": "ADA-USD"}, {"trade_id": 143777330, "side": "sell", "size": "680.02754032", "price": "0.73530000", "time": "2025-07-15T22:36:55.755196Z", "fetched_at": "2025-07-15T22:39:32.753891+00:00", "symbol": "ADA-USD"}, {"trade_id": 143777329, "side": "sell", "size": "275.69095044", "price": "0.73530000", "time": "2025-07-15T22:36:55.755196Z", "fetched_at": "2025-07-15T22:39:32.753891+00:00", "symbol": "ADA-USD"}, {"trade_id": 143777328, "side": "sell", "size": "1286.45980015", "price": "0.73530000", "time": "2025-07-15T22:36:55.755196Z", "fetched_at": "2025-07-15T22:39:32.753891+00:00", "symbol": "ADA-USD"}, {"trade_id": 143777327, "side": "sell", "size": "455.71460949", "price": "0.73530000", "time": "2025-07-15T22:36:55.755196Z", "fetched_at": "2025-07-15T22:39:32.753891+00:00", "symbol": "ADA-USD"}, {"trade_id": 143777326, "side": "sell", "size": "838.46067245", "price": "0.73530000", "time": "2025-07-15T22:36:55.755196Z", "fetched_at": "2025-07-15T22:39:32.753891+00:00", "symbol": "ADA-USD"}, {"trade_id": 143777325, "side": "sell", "size": "1.50000000", "price": "0.73530000", "time": "2025-07-15T22:36:55.755196Z", "fetched_at": "2025-07-15T22:39:32.753891+00:00", "symbol": "ADA-USD"}, {"trade_id": 143777324, "side": "sell", "size": "163.38123599", "price": "0.73520000", "time": "2025-07-15T22:36:55.755196Z", "fetched_at": "2025-07-15T22:39:32.753891+00:00", "symbol": "ADA-USD"}, {"trade_id": 143777323, "side": "sell", "size": "1.50000000", "price": "0.73520000", "time": "2025-07-15T22:36:55.755196Z", "fetched_at": "2025-07-15T22:39:32.753891+00:00", "symbol": "ADA-USD"}, {"trade_id": 143777322, "side": "buy", "size": "0.57554100", "price": "0.73500000", "time": "2025-07-15T22:36:53.195870Z", "fetched_at": "2025-07-15T22:39:32.753891+00:00", "symbol": "ADA-USD"}, {"trade_id": 143777321, "side": "buy", "size": "176.84105142", "price": "0.73510000", "time": "2025-07-15T22:36:51.145231Z", "fetched_at": "2025-07-15T22:39:32.753891+00:00", "symbol": "ADA-USD"}, {"trade_id": 143777320, "side": "buy", "size": "318.94853632", "price": "0.73510000", "time": "2025-07-15T22:36:51.145231Z", "fetched_at": "2025-07-15T22:39:32.753891+00:00", "symbol": "ADA-USD"}, {"trade_id": 143777319, "side": "sell", "size": "14.54982516", "price": "0.73510000", "time": "2025-07-15T22:36:47.796013Z", "fetched_at": "2025-07-15T22:39:32.753891+00:00", "symbol": "ADA-USD"}, {"trade_id": 143777318, "side": "sell", "size": "175.78725000", "price": "0.73510000", "time": "2025-07-15T22:36:47.585743Z", "fetched_at": "2025-07-15T22:39:32.753891+00:00", "symbol": "ADA-USD"}, {"trade_id": 143777317, "side": "buy", "size": "194.34124858", "price": "0.73500000", "time": "2025-07-15T22:36:42.135062Z", "fetched_at": "2025-07-15T22:39:32.753891+00:00", "symbol": "ADA-USD"}, {"trade_id": 143777316, "side": "buy", "size": "148.79364000", "price": "0.73500000", "time": "2025-07-15T22:36:42.135062Z", "fetched_at": "2025-07-15T22:39:32.753891+00:00", "symbol": "ADA-USD"}, {"trade_id": 143777315, "side": "buy", "size": "176.86511142", "price": "0.73500000", "time": "2025-07-15T22:36:42.135062Z", "fetched_at": "2025-07-15T22:39:32.753891+00:00", "symbol": "ADA-USD"}, {"trade_id": 143777314, "side": "sell", "size": "163.51950342", "price": "0.73510000", "time": "2025-07-15T22:36:39.833152Z", "fetched_at": "2025-07-15T22:39:32.753891+00:00", "symbol": "ADA-USD"}, {"trade_id": 143777313, "side": "sell", "size": "1.50000000", "price": "0.73510000", "time": "2025-07-15T22:36:39.833152Z", "fetched_at": "2025-07-15T22:39:32.753891+00:00", "symbol": "ADA-USD"}, {"trade_id": 143777312, "side": "buy", "size": "176.86511142", "price": "0.73500000", "time": "2025-07-15T22:36:33.526117Z", "fetched_at": "2025-07-15T22:39:32.753891+00:00", "symbol": "ADA-USD"}, {"trade_id": 143777311, "side": "buy", "size": "962.11728700", "price": "0.73490000", "time": "2025-07-15T22:36:23.434517Z", "fetched_at": "2025-07-15T22:39:32.753891+00:00", "symbol": "ADA-USD"}, {"trade_id": 143777310, "side": "sell", "size": "660.71132000", "price": "0.73500000", "time": "2025-07-15T22:36:21.697238Z", "fetched_at": "2025-07-15T22:39:32.753891+00:00", "symbol": "ADA-USD"}, {"trade_id": 143777309, "side": "sell", "size": "13.30272671", "price": "0.73500000", "time": "2025-07-15T22:36:19.765048Z", "fetched_at": "2025-07-15T22:39:32.753891+00:00", "symbol": "ADA-USD"}, {"trade_id": 143777308, "side": "sell", "size": "1.50000000", "price": "0.73500000", "time": "2025-07-15T22:36:19.765048Z", "fetched_at": "2025-07-15T22:39:32.753891+00:00", "symbol": "ADA-USD"}, {"trade_id": 143777307, "side": "sell", "size": "163.03136000", "price": "0.73490000", "time": "2025-07-15T22:36:18.721172Z", "fetched_at": "2025-07-15T22:39:32.753891+00:00", "symbol": "ADA-USD"}, {"trade_id": 143777306, "side": "buy", "size": "176.93733074", "price": "0.73470000", "time": "2025-07-15T22:36:17.782599Z", "fetched_at": "2025-07-15T22:39:32.753891+00:00", "symbol": "ADA-USD"}, {"trade_id": 143777305, "side": "buy", "size": "137.48979000", "price": "0.73470000", "time": "2025-07-15T22:36:17.363280Z", "fetched_at": "2025-07-15T22:39:32.753891+00:00", "symbol": "ADA-USD"}, {"trade_id": 143777304, "side": "sell", "size": "24.20725023", "price": "0.73480000", "time": "2025-07-15T22:36:10.706601Z", "fetched_at": "2025-07-15T22:39:32.753891+00:00", "symbol": "ADA-USD"}, {"trade_id": 143777303, "side": "sell", "size": "8.85562377", "price": "0.73470000", "time": "2025-07-15T22:36:10.706601Z", "fetched_at": "2025-07-15T22:39:32.753891+00:00", "symbol": "ADA-USD"}, {"trade_id": 143777302, "side": "buy", "size": "388.07964919", "price": "0.73460000", "time": "2025-07-15T22:36:10.444331Z", "fetched_at": "2025-07-15T22:39:32.753891+00:00", "symbol": "ADA-USD"}, {"trade_id": 143777301, "side": "buy", "size": "838.46067245", "price": "0.73460000", "time": "2025-07-15T22:36:10.444331Z", "fetched_at": "2025-07-15T22:39:32.753891+00:00", "symbol": "ADA-USD"}, {"trade_id": 143777300, "side": "buy", "size": "54.03093236", "price": "0.73460000", "time": "2025-07-15T22:36:10.444331Z", "fetched_at": "2025-07-15T22:39:32.753891+00:00", "symbol": "ADA-USD"}, {"trade_id": 143777299, "side": "buy", "size": "112.22693200", "price": "0.73470000", "time": "2025-07-15T22:36:10.417662Z", "fetched_at": "2025-07-15T22:39:32.753891+00:00", "symbol": "ADA-USD"}, {"trade_id": 143777298, "side": "buy", "size": "297.67824000", "price": "0.73470000", "time": "2025-07-15T22:36:10.417662Z", "fetched_at": "2025-07-15T22:39:32.753891+00:00", "symbol": "ADA-USD"}, {"trade_id": 143777297, "side": "buy", "size": "277.54378000", "price": "0.73470000", "time": "2025-07-15T22:36:10.417662Z", "fetched_at": "2025-07-15T22:39:32.753891+00:00", "symbol": "ADA-USD"}, {"trade_id": 143777296, "side": "sell", "size": "26.45480500", "price": "0.73480000", "time": "2025-07-15T22:36:07.695749Z", "fetched_at": "2025-07-15T22:39:32.753891+00:00", "symbol": "ADA-USD"}, {"trade_id": 143777295, "side": "sell", "size": "19.83773500", "price": "0.73480000", "time": "2025-07-15T22:36:07.681374Z", "fetched_at": "2025-07-15T22:39:32.753891+00:00", "symbol": "ADA-USD"}, {"trade_id": 143777294, "side": "sell", "size": "64.55349900", "price": "0.73480000", "time": "2025-07-15T22:36:07.646022Z", "fetched_at": "2025-07-15T22:39:32.753891+00:00", "symbol": "ADA-USD"}, {"trade_id": 143777293, "side": "sell", "size": "132.26949800", "price": "0.73480000", "time": "2025-07-15T22:36:07.638864Z", "fetched_at": "2025-07-15T22:39:32.753891+00:00", "symbol": "ADA-USD"}, {"trade_id": 143777292, "side": "sell", "size": "7.26745874", "price": "0.73480000", "time": "2025-07-15T22:36:05.064047Z", "fetched_at": "2025-07-15T22:39:32.753891+00:00", "symbol": "ADA-USD"}, {"trade_id": 143777291, "side": "sell", "size": "1.82685226", "price": "0.73480000", "time": "2025-07-15T22:36:05.064047Z", "fetched_at": "2025-07-15T22:39:32.753891+00:00", "symbol": "ADA-USD"}, {"trade_id": 143777290, "side": "buy", "size": "142.89602600", "price": "0.73470000", "time": "2025-07-15T22:36:02.743451Z", "fetched_at": "2025-07-15T22:39:32.753891+00:00", "symbol": "ADA-USD"}, {"trade_id": 143777289, "side": "sell", "size": "148.22298441", "price": "0.73460000", "time": "2025-07-15T22:36:00.909270Z", "fetched_at": "2025-07-15T22:39:32.753891+00:00", "symbol": "ADA-USD"}, {"trade_id": 143777288, "side": "sell", "size": "176.97302584", "price": "0.73460000", "time": "2025-07-15T22:36:00.752376Z", "fetched_at": "2025-07-15T22:39:32.753891+00:00", "symbol": "ADA-USD"}, {"trade_id": 143777287, "side": "sell", "size": "304.91186416", "price": "0.73460000", "time": "2025-07-15T22:36:00.752376Z", "fetched_at": "2025-07-15T22:39:32.753891+00:00", "symbol": "ADA-USD"}, {"trade_id": 143777286, "side": "sell", "size": "1623.34096741", "price": "0.73460000", "time": "2025-07-15T22:36:00.742663Z", "fetched_at": "2025-07-15T22:39:32.753891+00:00", "symbol": "ADA-USD"}, {"trade_id": 143777285, "side": "sell", "size": "2930.34716843", "price": "0.73460000", "time": "2025-07-15T22:36:00.742581Z", "fetched_at": "2025-07-15T22:39:32.753891+00:00", "symbol": "ADA-USD"}, {"trade_id": 143777284, "side": "sell", "size": "61.29209017", "price": "0.73460000", "time": "2025-07-15T22:36:00.742581Z", "fetched_at": "2025-07-15T22:39:32.753891+00:00", "symbol": "ADA-USD"}, {"trade_id": 143777283, "side": "sell", "size": "311.98887600", "price": "0.73460000", "time": "2025-07-15T22:36:00.742581Z", "fetched_at": "2025-07-15T22:39:32.753891+00:00", "symbol": "ADA-USD"}, {"trade_id": 143777282, "side": "sell", "size": "13.13980400", "price": "0.73460000", "time": "2025-07-15T22:35:59.408139Z", "fetched_at": "2025-07-15T22:39:32.753891+00:00", "symbol": "ADA-USD"}, {"trade_id": 143777281, "side": "buy", "size": "12.27818205", "price": "0.73450000", "time": "2025-07-15T22:35:57.248172Z", "fetched_at": "2025-07-15T22:39:32.753891+00:00", "symbol": "ADA-USD"}, {"trade_id": 143777280, "side": "buy", "size": "1.50000000", "price": "0.73450000", "time": "2025-07-15T22:35:57.248172Z", "fetched_at": "2025-07-15T22:39:32.753891+00:00", "symbol": "ADA-USD"}, {"trade_id": 143777279, "side": "buy", "size": "71.63046779", "price": "0.73460000", "time": "2025-07-15T22:35:56.875197Z", "fetched_at": "2025-07-15T22:39:32.753891+00:00", "symbol": "ADA-USD"}, {"trade_id": 143777278, "side": "buy", "size": "1.50000000", "price": "0.73460000", "time": "2025-07-15T22:35:56.875197Z", "fetched_at": "2025-07-15T22:39:32.753891+00:00", "symbol": "ADA-USD"}, {"trade_id": 143777277, "side": "buy", "size": "71.52323346", "price": "0.73470000", "time": "2025-07-15T22:35:56.743986Z", "fetched_at": "2025-07-15T22:39:32.753891+00:00", "symbol": "ADA-USD"}, {"trade_id": 143777276, "side": "buy", "size": "61.53018126", "price": "0.73470000", "time": "2025-07-15T22:35:55.172260Z", "fetched_at": "2025-07-15T22:39:32.753891+00:00", "symbol": "ADA-USD"}, {"trade_id": 143777275, "side": "buy", "size": "176.93733074", "price": "0.73470000", "time": "2025-07-15T22:35:55.172260Z", "fetched_at": "2025-07-15T22:39:32.753891+00:00", "symbol": "ADA-USD"}, {"trade_id": 143777274, "side": "buy", "size": "1.50000000", "price": "0.73470000", "time": "2025-07-15T22:35:55.172260Z", "fetched_at": "2025-07-15T22:39:32.753891+00:00", "symbol": "ADA-USD"}, {"trade_id": 143777273, "side": "sell", "size": "175.19738600", "price": "0.73490000", "time": "2025-07-15T22:35:49.959148Z", "fetched_at": "2025-07-15T22:39:32.753891+00:00", "symbol": "ADA-USD"}, {"trade_id": 143777272, "side": "sell", "size": "1.50000000", "price": "0.73490000", "time": "2025-07-15T22:35:43.186450Z", "fetched_at": "2025-07-15T22:39:32.753891+00:00", "symbol": "ADA-USD"}, {"trade_id": 143777271, "side": "sell", "size": "1.50000000", "price": "0.73480000", "time": "2025-07-15T22:35:43.098509Z", "fetched_at": "2025-07-15T22:39:32.753891+00:00", "symbol": "ADA-USD"}, {"trade_id": 143777270, "side": "sell", "size": "1.50000000", "price": "0.73470000", "time": "2025-07-15T22:35:42.796101Z", "fetched_at": "2025-07-15T22:39:32.753891+00:00", "symbol": "ADA-USD"}, {"trade_id": 143777269, "side": "sell", "size": "96.75487935", "price": "0.73460000", "time": "2025-07-15T22:35:42.622692Z", "fetched_at": "2025-07-15T22:39:32.753891+00:00", "symbol": "ADA-USD"}, {"trade_id": 143777268, "side": "sell", "size": "0.00001019", "price": "0.73460000", "time": "2025-07-15T22:35:40.045843Z", "fetched_at": "2025-07-15T22:39:32.753891+00:00", "symbol": "ADA-USD"}, {"trade_id": 143777267, "side": "sell", "size": "176.99723036", "price": "0.73460000", "time": "2025-07-15T22:35:39.929889Z", "fetched_at": "2025-07-15T22:39:32.753891+00:00", "symbol": "ADA-USD"}, {"trade_id": 143777266, "side": "sell", "size": "3.67546964", "price": "0.73460000", "time": "2025-07-15T22:35:39.929889Z", "fetched_at": "2025-07-15T22:39:32.753891+00:00", "symbol": "ADA-USD"}, {"trade_id": 143777265, "side": "sell", "size": "100.00000000", "price": "0.73460000", "time": "2025-07-15T22:35:38.576059Z", "fetched_at": "2025-07-15T22:39:32.753891+00:00", "symbol": "ADA-USD"}, {"trade_id": 143777264, "side": "buy", "size": "425.60452795", "price": "0.73430000", "time": "2025-07-15T22:35:36.558512Z", "fetched_at": "2025-07-15T22:39:32.753891+00:00", "symbol": "ADA-USD"}, {"trade_id": 143777263, "side": "buy", "size": "1.50000000", "price": "0.73430000", "time": "2025-07-15T22:35:36.558512Z", "fetched_at": "2025-07-15T22:39:32.753891+00:00", "symbol": "ADA-USD"}, {"trade_id": 143777262, "side": "buy", "size": "38.42364006", "price": "0.73440000", "time": "2025-07-15T22:35:36.558512Z", "fetched_at": "2025-07-15T22:39:32.753891+00:00", "symbol": "ADA-USD"}, {"trade_id": 143777261, "side": "buy", "size": "559.27204299", "price": "0.73440000", "time": "2025-07-15T22:35:36.558512Z", "fetched_at": "2025-07-15T22:39:32.753891+00:00", "symbol": "ADA-USD"}, {"trade_id": 143777260, "side": "buy", "size": "277.54378000", "price": "0.73440000", "time": "2025-07-15T22:35:36.558512Z", "fetched_at": "2025-07-15T22:39:32.753891+00:00", "symbol": "ADA-USD"}, {"trade_id": 143777259, "side": "sell", "size": "32.26796400", "price": "0.73450000", "time": "2025-07-15T22:35:32.847712Z", "fetched_at": "2025-07-15T22:39:32.753891+00:00", "symbol": "ADA-USD"}, {"trade_id": 143777258, "side": "buy", "size": "1.94663763", "price": "0.73440000", "time": "2025-07-15T22:35:25.482385Z", "fetched_at": "2025-07-15T22:39:32.753891+00:00", "symbol": "ADA-USD"}, {"trade_id": 143777257, "side": "buy", "size": "35.42658231", "price": "0.73440000", "time": "2025-07-15T22:35:25.482385Z", "fetched_at": "2025-07-15T22:39:32.753891+00:00", "symbol": "ADA-USD"}, {"trade_id": 143777256, "side": "sell", "size": "186.82723841", "price": "0.73450000", "time": "2025-07-15T22:35:22.373230Z", "fetched_at": "2025-07-15T22:39:32.753891+00:00", "symbol": "ADA-USD"}, {"trade_id": 143777255, "side": "sell", "size": "176.97513346", "price": "0.73450000", "time": "2025-07-15T22:35:22.373230Z", "fetched_at": "2025-07-15T22:39:32.753891+00:00", "symbol": "ADA-USD"}, {"trade_id": 143777254, "side": "sell", "size": "627.54440213", "price": "0.73450000", "time": "2025-07-15T22:35:22.373230Z", "fetched_at": "2025-07-15T22:39:32.753891+00:00", "symbol": "ADA-USD"}, {"trade_id": 143777253, "side": "buy", "size": "6.83581969", "price": "0.73440000", "time": "2025-07-15T22:35:19.996101Z", "fetched_at": "2025-07-15T22:39:32.753891+00:00", "symbol": "ADA-USD"}, {"trade_id": 143777252, "side": "buy", "size": "8.30171775", "price": "0.73450000", "time": "2025-07-15T22:35:19.035623Z", "fetched_at": "2025-07-15T22:39:32.753891+00:00", "symbol": "ADA-USD"}, {"trade_id": 143777251, "side": "buy", "size": "8.17350499", "price": "0.73450000", "time": "2025-07-15T22:35:19.024261Z", "fetched_at": "2025-07-15T22:39:32.753891+00:00", "symbol": "ADA-USD"}, {"trade_id": 143777250, "side": "buy", "size": "9.37534166", "price": "0.73450000", "time": "2025-07-15T22:35:17.108574Z", "fetched_at": "2025-07-15T22:39:32.753891+00:00", "symbol": "ADA-USD"}, {"trade_id": 143777249, "side": "buy", "size": "80.60002241", "price": "0.73440000", "time": "2025-07-15T22:35:16.624391Z", "fetched_at": "2025-07-15T22:39:32.753891+00:00", "symbol": "ADA-USD"}, {"trade_id": 143777248, "side": "buy", "size": "1.50000000", "price": "0.73440000", "time": "2025-07-15T22:35:16.624391Z", "fetched_at": "2025-07-15T22:39:32.753891+00:00", "symbol": "ADA-USD"}, {"trade_id": 143777247, "side": "buy", "size": "13.39997759", "price": "0.73450000", "time": "2025-07-15T22:35:16.624391Z", "fetched_at": "2025-07-15T22:39:32.753891+00:00", "symbol": "ADA-USD"}, {"trade_id": 143777246, "side": "buy", "size": "1.50000000", "price": "0.73450000", "time": "2025-07-15T22:35:16.624391Z", "fetched_at": "2025-07-15T22:39:32.753891+00:00", "symbol": "ADA-USD"}, {"trade_id": 143777245, "side": "buy", "size": "12.97642894", "price": "0.73460000", "time": "2025-07-15T22:35:16.486277Z", "fetched_at": "2025-07-15T22:39:32.753891+00:00", "symbol": "ADA-USD"}, {"trade_id": 143777244, "side": "buy", "size": "1.94663763", "price": "0.73460000", "time": "2025-07-15T22:35:16.486277Z", "fetched_at": "2025-07-15T22:39:32.753891+00:00", "symbol": "ADA-USD"}, {"trade_id": 143777243, "side": "buy", "size": "1.50000000", "price": "0.73460000", "time": "2025-07-15T22:35:16.486277Z", "fetched_at": "2025-07-15T22:39:32.753891+00:00", "symbol": "ADA-USD"}, {"trade_id": 143777242, "side": "sell", "size": "6.73744400", "price": "0.73480000", "time": "2025-07-15T22:35:12.793484Z", "fetched_at": "2025-07-15T22:39:32.753891+00:00", "symbol": "ADA-USD"}, {"trade_id": 143777241, "side": "buy", "size": "176.91325108", "price": "0.73480000", "time": "2025-07-15T22:35:07.558179Z", "fetched_at": "2025-07-15T22:39:32.753891+00:00", "symbol": "ADA-USD"}, {"trade_id": 143777240, "side": "buy", "size": "503.74728047", "price": "0.73480000", "time": "2025-07-15T22:35:07.544903Z", "fetched_at": "2025-07-15T22:39:32.753891+00:00", "symbol": "ADA-USD"}, {"trade_id": 143777239, "side": "buy", "size": "4033.44271953", "price": "0.73480000", "time": "2025-07-15T22:35:07.525947Z", "fetched_at": "2025-07-15T22:39:32.753891+00:00", "symbol": "ADA-USD"}, {"trade_id": 143777238, "side": "buy", "size": "176.91325108", "price": "0.73480000", "time": "2025-07-15T22:35:07.525947Z", "fetched_at": "2025-07-15T22:39:32.753891+00:00", "symbol": "ADA-USD"}, {"trade_id": 143777237, "side": "buy", "size": "813.78488751", "price": "0.73480000", "time": "2025-07-15T22:35:07.525947Z", "fetched_at": "2025-07-15T22:39:32.753891+00:00", "symbol": "ADA-USD"}, {"trade_id": 143777236, "side": "buy", "size": "755.38177749", "price": "0.73480000", "time": "2025-07-15T22:35:07.525947Z", "fetched_at": "2025-07-15T22:39:32.753891+00:00", "symbol": "ADA-USD"}, {"trade_id": 143777235, "side": "buy", "size": "838.46067245", "price": "0.73480000", "time": "2025-07-15T22:35:07.525947Z", "fetched_at": "2025-07-15T22:39:32.753891+00:00", "symbol": "ADA-USD"}, {"trade_id": 143777234, "side": "buy", "size": "1.50000000", "price": "0.73480000", "time": "2025-07-15T22:35:07.525947Z", "fetched_at": "2025-07-15T22:39:32.753891+00:00", "symbol": "ADA-USD"}, {"trade_id": 143777233, "side": "buy", "size": "4861.10000000", "price": "0.73480000", "time": "2025-07-15T22:35:07.525947Z", "fetched_at": "2025-07-15T22:39:32.753891+00:00", "symbol": "ADA-USD"}, {"trade_id": 143777232, "side": "sell", "size": "1.50000000", "price": "0.73510000", "time": "2025-07-15T22:35:05.552118Z", "fetched_at": "2025-07-15T22:39:32.753891+00:00", "symbol": "ADA-USD"}, {"trade_id": 143777231, "side": "sell", "size": "1.50000000", "price": "0.73500000", "time": "2025-07-15T22:35:02.349268Z", "fetched_at": "2025-07-15T22:39:32.753891+00:00", "symbol": "ADA-USD"}, {"trade_id": 143777230, "side": "sell", "size": "1.50000000", "price": "0.73490000", "time": "2025-07-15T22:35:02.345001Z", "fetched_at": "2025-07-15T22:39:32.753891+00:00", "symbol": "ADA-USD"}, {"trade_id": 143777229, "side": "sell", "size": "1.50000000", "price": "0.73480000", "time": "2025-07-15T22:35:00.621143Z", "fetched_at": "2025-07-15T22:39:32.753891+00:00", "symbol": "ADA-USD"}, {"trade_id": 143777228, "side": "sell", "size": "1.50000000", "price": "0.73470000", "time": "2025-07-15T22:34:58.013004Z", "fetched_at": "2025-07-15T22:39:32.753891+00:00", "symbol": "ADA-USD"}, {"trade_id": 143777227, "side": "buy", "size": "200.00000000", "price": "0.73460000", "time": "2025-07-15T22:34:57.645944Z", "fetched_at": "2025-07-15T22:39:32.753891+00:00", "symbol": "ADA-USD"}, {"trade_id": 143777226, "side": "sell", "size": "2.62528093", "price": "0.73460000", "time": "2025-07-15T22:34:55.531604Z", "fetched_at": "2025-07-15T22:39:32.753891+00:00", "symbol": "ADA-USD"}, {"trade_id": 143777225, "side": "sell", "size": "41.34356679", "price": "0.73460000", "time": "2025-07-15T22:34:50.595370Z", "fetched_at": "2025-07-15T22:39:32.753891+00:00", "symbol": "ADA-USD"}, {"trade_id": 143777224, "side": "buy", "size": "20.88292200", "price": "0.73450000", "time": "2025-07-15T22:34:49.923490Z", "fetched_at": "2025-07-15T22:39:32.753891+00:00", "symbol": "ADA-USD"}, {"trade_id": 143777223, "side": "buy", "size": "22.97002237", "price": "0.73450000", "time": "2025-07-15T22:34:42.326622Z", "fetched_at": "2025-07-15T22:39:32.753891+00:00", "symbol": "ADA-USD"}, {"trade_id": 143777222, "side": "buy", "size": "767.67000000", "price": "0.73470000", "time": "2025-07-15T22:34:39.202759Z", "fetched_at": "2025-07-15T22:39:32.753891+00:00", "symbol": "ADA-USD"}, {"trade_id": 143777221, "side": "buy", "size": "767.66293000", "price": "0.73470000", "time": "2025-07-15T22:34:39.202759Z", "fetched_at": "2025-07-15T22:39:32.753891+00:00", "symbol": "ADA-USD"}, {"trade_id": 143777220, "side": "buy", "size": "540.01000000", "price": "0.73470000", "time": "2025-07-15T22:34:39.202759Z", "fetched_at": "2025-07-15T22:39:32.753891+00:00", "symbol": "ADA-USD"}, {"trade_id": 143777219, "side": "buy", "size": "540.00432000", "price": "0.73470000", "time": "2025-07-15T22:34:39.202759Z", "fetched_at": "2025-07-15T22:39:32.753891+00:00", "symbol": "ADA-USD"}, {"trade_id": 143777218, "side": "sell", "size": "3.65795241", "price": "0.73470000", "time": "2025-07-15T22:34:38.865466Z", "fetched_at": "2025-07-15T22:39:32.753891+00:00", "symbol": "ADA-USD"}, {"trade_id": 143777217, "side": "sell", "size": "1.50000000", "price": "0.73470000", "time": "2025-07-15T22:34:38.865466Z", "fetched_at": "2025-07-15T22:39:32.753891+00:00", "symbol": "ADA-USD"}, {"trade_id": 143777216, "side": "sell", "size": "89.56364129", "price": "0.73460000", "time": "2025-07-15T22:34:37.447596Z", "fetched_at": "2025-07-15T22:39:32.753891+00:00", "symbol": "ADA-USD"}, {"trade_id": 143777215, "side": "sell", "size": "413.38441939", "price": "0.73460000", "time": "2025-07-15T22:34:37.444107Z", "fetched_at": "2025-07-15T22:39:32.753891+00:00", "symbol": "ADA-USD"}, {"trade_id": 143777214, "side": "sell", "size": "855.19400098", "price": "0.73460000", "time": "2025-07-15T22:34:37.443823Z", "fetched_at": "2025-07-15T22:39:32.753891+00:00", "symbol": "ADA-USD"}, {"trade_id": 143777213, "side": "sell", "size": "1.50000000", "price": "0.73460000", "time": "2025-07-15T22:34:37.443823Z", "fetched_at": "2025-07-15T22:39:32.753891+00:00", "symbol": "ADA-USD"}, {"trade_id": 143777212, "side": "sell", "size": "49.46879465", "price": "0.73450000", "time": "2025-07-15T22:34:37.443823Z", "fetched_at": "2025-07-15T22:39:32.753891+00:00", "symbol": "ADA-USD"}, {"trade_id": 143777211, "side": "sell", "size": "1.50000000", "price": "0.73450000", "time": "2025-07-15T22:34:37.443823Z", "fetched_at": "2025-07-15T22:39:32.753891+00:00", "symbol": "ADA-USD"}, {"trade_id": 143777210, "side": "sell", "size": "63.51199866", "price": "0.73450000", "time": "2025-07-15T22:34:37.443823Z", "fetched_at": "2025-07-15T22:39:32.753891+00:00", "symbol": "ADA-USD"}, {"trade_id": 143777209, "side": "buy", "size": "272.26569200", "price": "0.73440000", "time": "2025-07-15T22:34:37.405433Z", "fetched_at": "2025-07-15T22:39:32.753891+00:00", "symbol": "ADA-USD"}, {"trade_id": 143777208, "side": "buy", "size": "277.54378000", "price": "0.73440000", "time": "2025-07-15T22:34:37.405433Z", "fetched_at": "2025-07-15T22:39:32.753891+00:00", "symbol": "ADA-USD"}, {"trade_id": 143777207, "side": "sell", "size": "628.58889246", "price": "0.73450000", "time": "2025-07-15T22:34:37.403403Z", "fetched_at": "2025-07-15T22:39:32.753891+00:00", "symbol": "ADA-USD"}, {"trade_id": 143777206, "side": "sell", "size": "1.50000000", "price": "0.73440000", "time": "2025-07-15T22:34:37.320835Z", "fetched_at": "2025-07-15T22:39:32.753891+00:00", "symbol": "ADA-USD"}, {"trade_id": 143777205, "side": "sell", "size": "0.00000346", "price": "0.73430000", "time": "2025-07-15T22:34:37.199126Z", "fetched_at": "2025-07-15T22:39:32.753891+00:00", "symbol": "ADA-USD"}, {"trade_id": 143777204, "side": "sell", "size": "165.12165000", "price": "0.73430000", "time": "2025-07-15T22:34:37.177516Z", "fetched_at": "2025-07-15T22:39:32.753891+00:00", "symbol": "ADA-USD"}, {"trade_id": 143777203, "side": "buy", "size": "38.52883900", "price": "0.73420000", "time": "2025-07-15T22:34:36.739038Z", "fetched_at": "2025-07-15T22:39:32.753891+00:00", "symbol": "ADA-USD"}, {"trade_id": 143777202, "side": "sell", "size": "177.09550113", "price": "0.73420000", "time": "2025-07-15T22:34:35.554691Z", "fetched_at": "2025-07-15T22:39:32.753891+00:00", "symbol": "ADA-USD"}, {"trade_id": 143777201, "side": "buy", "size": "242.87370600", "price": "0.73410000", "time": "2025-07-15T22:34:31.963476Z", "fetched_at": "2025-07-15T22:39:32.753891+00:00", "symbol": "ADA-USD"}, {"trade_id": 143777200, "side": "buy", "size": "1.50000000", "price": "0.73410000", "time": "2025-07-15T22:34:29.985261Z", "fetched_at": "2025-07-15T22:39:32.753891+00:00", "symbol": "ADA-USD"}, {"trade_id": 143777199, "side": "buy", "size": "2.84057149", "price": "0.73420000", "time": "2025-07-15T22:34:29.973974Z", "fetched_at": "2025-07-15T22:39:32.753891+00:00", "symbol": "ADA-USD"}, {"trade_id": 143777198, "side": "buy", "size": "2.96720256", "price": "0.73420000", "time": "2025-07-15T22:34:29.373990Z", "fetched_at": "2025-07-15T22:39:32.753891+00:00", "symbol": "ADA-USD"}, {"trade_id": 143777197, "side": "sell", "size": "0.09650093", "price": "0.73430000", "time": "2025-07-15T22:34:29.329353Z", "fetched_at": "2025-07-15T22:39:32.753891+00:00", "symbol": "ADA-USD"}, {"trade_id": 143777196, "side": "buy", "size": "2.92614429", "price": "0.73420000", "time": "2025-07-15T22:34:29.135541Z", "fetched_at": "2025-07-15T22:39:32.753891+00:00", "symbol": "ADA-USD"}, {"trade_id": 143777195, "side": "buy", "size": "1.50000000", "price": "0.73420000", "time": "2025-07-15T22:34:29.135541Z", "fetched_at": "2025-07-15T22:39:32.753891+00:00", "symbol": "ADA-USD"}, {"trade_id": 143777194, "side": "buy", "size": "67.59057477", "price": "0.73420000", "time": "2025-07-15T22:34:29.135541Z", "fetched_at": "2025-07-15T22:39:32.753891+00:00", "symbol": "ADA-USD"}, {"trade_id": 143777193, "side": "buy", "size": "7.40485656", "price": "0.73430000", "time": "2025-07-15T22:34:27.641059Z", "fetched_at": "2025-07-15T22:39:32.753891+00:00", "symbol": "ADA-USD"}, {"trade_id": 143777192, "side": "buy", "size": "1.50000000", "price": "0.73430000", "time": "2025-07-15T22:34:27.641059Z", "fetched_at": "2025-07-15T22:39:32.753891+00:00", "symbol": "ADA-USD"}, {"trade_id": 143777191, "side": "buy", "size": "595.50000000", "price": "0.73440000", "time": "2025-07-15T22:34:27.386440Z", "fetched_at": "2025-07-15T22:39:32.753891+00:00", "symbol": "ADA-USD"}, {"trade_id": 143777190, "side": "buy", "size": "7.40384827", "price": "0.73440000", "time": "2025-07-15T22:34:27.386440Z", "fetched_at": "2025-07-15T22:39:32.753891+00:00", "symbol": "ADA-USD"}, {"trade_id": 143777189, "side": "buy", "size": "594.00000000", "price": "0.73440000", "time": "2025-07-15T22:34:27.386440Z", "fetched_at": "2025-07-15T22:39:32.753891+00:00", "symbol": "ADA-USD"}, {"trade_id": 143777188, "side": "buy", "size": "1.50000000", "price": "0.73440000", "time": "2025-07-15T22:34:27.386440Z", "fetched_at": "2025-07-15T22:39:32.753891+00:00", "symbol": "ADA-USD"}, {"trade_id": 143777187, "side": "buy", "size": "7.40284026", "price": "0.73450000", "time": "2025-07-15T22:34:27.363303Z", "fetched_at": "2025-07-15T22:39:32.753891+00:00", "symbol": "ADA-USD"}, {"trade_id": 143777186, "side": "buy", "size": "7.40283399", "price": "0.73450000", "time": "2025-07-15T22:34:27.327747Z", "fetched_at": "2025-07-15T22:39:32.753891+00:00", "symbol": "ADA-USD"}, {"trade_id": 143777185, "side": "buy", "size": "144.04000000", "price": "0.73450000", "time": "2025-07-15T22:34:27.327747Z", "fetched_at": "2025-07-15T22:39:32.753891+00:00", "symbol": "ADA-USD"}, {"trade_id": 143777184, "side": "buy", "size": "1.50000000", "price": "0.73450000", "time": "2025-07-15T22:34:27.327747Z", "fetched_at": "2025-07-15T22:39:32.753891+00:00", "symbol": "ADA-USD"}, {"trade_id": 143777183, "side": "buy", "size": "135.12593601", "price": "0.73450000", "time": "2025-07-15T22:34:27.327747Z", "fetched_at": "2025-07-15T22:39:32.753891+00:00", "symbol": "ADA-USD"}, {"trade_id": 143777182, "side": "buy", "size": "7.90379057", "price": "0.73460000", "time": "2025-07-15T22:34:26.986815Z", "fetched_at": "2025-07-15T22:39:32.753891+00:00", "symbol": "ADA-USD"}, {"trade_id": 143777181, "side": "buy", "size": "10.13739898", "price": "0.73460000", "time": "2025-07-15T22:34:24.253629Z", "fetched_at": "2025-07-15T22:39:32.753891+00:00", "symbol": "ADA-USD"}, {"trade_id": 143777180, "side": "buy", "size": "1.50000000", "price": "0.73460000", "time": "2025-07-15T22:34:24.253629Z", "fetched_at": "2025-07-15T22:39:32.753891+00:00", "symbol": "ADA-USD"}, {"trade_id": 143777179, "side": "buy", "size": "10.13601918", "price": "0.73470000", "time": "2025-07-15T22:34:24.196468Z", "fetched_at": "2025-07-15T22:39:32.753891+00:00", "symbol": "ADA-USD"}, {"trade_id": 143777178, "side": "buy", "size": "606.07000000", "price": "0.73470000", "time": "2025-07-15T22:34:24.196468Z", "fetched_at": "2025-07-15T22:39:32.753891+00:00", "symbol": "ADA-USD"}, {"trade_id": 143777177, "side": "buy", "size": "1.94610778", "price": "0.73480000", "time": "2025-07-15T22:34:24.161118Z", "fetched_at": "2025-07-15T22:39:32.753891+00:00", "symbol": "ADA-USD"}, {"trade_id": 143777176, "side": "buy", "size": "3.31215438", "price": "0.73470000", "time": "2025-07-15T22:34:21.430942Z", "fetched_at": "2025-07-15T22:39:32.753891+00:00", "symbol": "ADA-USD"}, {"trade_id": 143777175, "side": "buy", "size": "1.50000000", "price": "0.73470000", "time": "2025-07-15T22:34:21.430942Z", "fetched_at": "2025-07-15T22:39:32.753891+00:00", "symbol": "ADA-USD"}, {"trade_id": 143777174, "side": "buy", "size": "13.23634762", "price": "0.73480000", "time": "2025-07-15T22:34:21.430942Z", "fetched_at": "2025-07-15T22:39:32.753891+00:00", "symbol": "ADA-USD"}, {"trade_id": 143777173, "side": "sell", "size": "37.40269300", "price": "0.73490000", "time": "2025-07-15T22:34:20.889902Z", "fetched_at": "2025-07-15T22:39:32.753891+00:00", "symbol": "ADA-USD"}, {"trade_id": 143777172, "side": "buy", "size": "8.24593657", "price": "0.73480000", "time": "2025-07-15T22:34:14.798841Z", "fetched_at": "2025-07-15T22:39:32.753891+00:00", "symbol": "ADA-USD"}, {"trade_id": 143777171, "side": "sell", "size": "15.64985000", "price": "0.73490000", "time": "2025-07-15T22:34:13.434067Z", "fetched_at": "2025-07-15T22:39:32.753891+00:00", "symbol": "ADA-USD"}, {"trade_id": 143777170, "side": "sell", "size": "33.65973100", "price": "0.73490000", "time": "2025-07-15T22:34:12.891192Z", "fetched_at": "2025-07-15T22:39:32.753891+00:00", "symbol": "ADA-USD"}, {"trade_id": 143777169, "side": "buy", "size": "11.33584617", "price": "0.73480000", "time": "2025-07-15T22:34:12.890613Z", "fetched_at": "2025-07-15T22:39:32.753891+00:00", "symbol": "ADA-USD"}, {"trade_id": 143777168, "side": "buy", "size": "1.50000000", "price": "0.73480000", "time": "2025-07-15T22:34:12.890613Z", "fetched_at": "2025-07-15T22:39:32.753891+00:00", "symbol": "ADA-USD"}, {"trade_id": 143777167, "side": "sell", "size": "87.44394600", "price": "0.73490000", "time": "2025-07-15T22:34:12.645631Z", "fetched_at": "2025-07-15T22:39:32.753891+00:00", "symbol": "ADA-USD"}, {"trade_id": 143777166, "side": "buy", "size": "9.03977331", "price": "0.73490000", "time": "2025-07-15T22:34:11.520700Z", "fetched_at": "2025-07-15T22:39:32.753891+00:00", "symbol": "ADA-USD"}, {"trade_id": 143777165, "side": "buy", "size": "1.50000000", "price": "0.73490000", "time": "2025-07-15T22:34:11.520700Z", "fetched_at": "2025-07-15T22:39:32.753891+00:00", "symbol": "ADA-USD"}, {"trade_id": 143777164, "side": "buy", "size": "12.56483010", "price": "0.73500000", "time": "2025-07-15T22:34:11.203858Z", "fetched_at": "2025-07-15T22:39:32.753891+00:00", "symbol": "ADA-USD"}, {"trade_id": 143777163, "side": "buy", "size": "1.50000000", "price": "0.73500000", "time": "2025-07-15T22:34:11.203858Z", "fetched_at": "2025-07-15T22:39:32.753891+00:00", "symbol": "ADA-USD"}, {"trade_id": 143777162, "side": "buy", "size": "13.25399645", "price": "0.73510000", "time": "2025-07-15T22:34:11.085602Z", "fetched_at": "2025-07-15T22:39:32.753891+00:00", "symbol": "ADA-USD"}, {"trade_id": 143777161, "side": "buy", "size": "1.94372706", "price": "0.73510000", "time": "2025-07-15T22:34:11.085602Z", "fetched_at": "2025-07-15T22:39:32.753891+00:00", "symbol": "ADA-USD"}, {"trade_id": 143777160, "side": "buy", "size": "1.50000000", "price": "0.73510000", "time": "2025-07-15T22:34:11.085602Z", "fetched_at": "2025-07-15T22:39:32.753891+00:00", "symbol": "ADA-USD"}, {"trade_id": 143777159, "side": "buy", "size": "241.37000000", "price": "0.73520000", "time": "2025-07-15T22:34:11.053212Z", "fetched_at": "2025-07-15T22:39:32.753891+00:00", "symbol": "ADA-USD"}, {"trade_id": 143777158, "side": "buy", "size": "191.99719459", "price": "0.73520000", "time": "2025-07-15T22:34:11.053212Z", "fetched_at": "2025-07-15T22:39:32.753891+00:00", "symbol": "ADA-USD"}, {"trade_id": 143777157, "side": "buy", "size": "49.36473175", "price": "0.73520000", "time": "2025-07-15T22:34:11.053212Z", "fetched_at": "2025-07-15T22:39:32.753891+00:00", "symbol": "ADA-USD"}, {"trade_id": 143777156, "side": "sell", "size": "208.33389051", "price": "0.73530000", "time": "2025-07-15T22:34:10.650246Z", "fetched_at": "2025-07-15T22:39:32.753891+00:00", "symbol": "ADA-USD"}, {"trade_id": 143777155, "side": "sell", "size": "275.69095044", "price": "0.73530000", "time": "2025-07-15T22:34:10.650246Z", "fetched_at": "2025-07-15T22:39:32.753891+00:00", "symbol": "ADA-USD"}, {"trade_id": 143777154, "side": "sell", "size": "176.80679805", "price": "0.73520000", "time": "2025-07-15T22:34:10.650246Z", "fetched_at": "2025-07-15T22:39:32.753891+00:00", "symbol": "ADA-USD"}, {"trade_id": 143777153, "side": "buy", "size": "65.81964234", "price": "0.73520000", "time": "2025-07-15T22:34:08.249837Z", "fetched_at": "2025-07-15T22:39:32.753891+00:00", "symbol": "ADA-USD"}, {"trade_id": 143777152, "side": "buy", "size": "13.84323000", "price": "0.73520000", "time": "2025-07-15T22:34:07.962853Z", "fetched_at": "2025-07-15T22:39:32.753891+00:00", "symbol": "ADA-USD"}, {"trade_id": 143777151, "side": "sell", "size": "26.39372500", "price": "0.73520000", "time": "2025-07-15T22:34:04.481932Z", "fetched_at": "2025-07-15T22:39:32.753891+00:00", "symbol": "ADA-USD"}, {"trade_id": 143777150, "side": "buy", "size": "3.97231369", "price": "0.73520000", "time": "2025-07-15T22:33:59.731045Z", "fetched_at": "2025-07-15T22:39:32.753891+00:00", "symbol": "ADA-USD"}, {"trade_id": 143777149, "side": "buy", "size": "4.20158543", "price": "0.73520000", "time": "2025-07-15T22:33:56.965945Z", "fetched_at": "2025-07-15T22:39:32.753891+00:00", "symbol": "ADA-USD"}, {"trade_id": 143777148, "side": "buy", "size": "1.50000000", "price": "0.73520000", "time": "2025-07-15T22:33:56.965945Z", "fetched_at": "2025-07-15T22:39:32.753891+00:00", "symbol": "ADA-USD"}, {"trade_id": 143777147, "side": "sell", "size": "0.09665066", "price": "0.73530000", "time": "2025-07-15T22:33:56.927543Z", "fetched_at": "2025-07-15T22:39:32.753891+00:00", "symbol": "ADA-USD"}, {"trade_id": 143777146, "side": "buy", "size": "4.26372555", "price": "0.73530000", "time": "2025-07-15T22:33:56.843650Z", "fetched_at": "2025-07-15T22:39:32.753891+00:00", "symbol": "ADA-USD"}, {"trade_id": 143777145, "side": "buy", "size": "1.50000000", "price": "0.73530000", "time": "2025-07-15T22:33:56.843650Z", "fetched_at": "2025-07-15T22:39:32.753891+00:00", "symbol": "ADA-USD"}, {"trade_id": 143777144, "side": "buy", "size": "4.77161173", "price": "0.73540000", "time": "2025-07-15T22:33:55.473535Z", "fetched_at": "2025-07-15T22:39:32.753891+00:00", "symbol": "ADA-USD"}, {"trade_id": 143777143, "side": "buy", "size": "166.03000000", "price": "0.73540000", "time": "2025-07-15T22:33:55.473535Z", "fetched_at": "2025-07-15T22:39:32.753891+00:00", "symbol": "ADA-USD"}, {"trade_id": 143777142, "side": "buy", "size": "1.50000000", "price": "0.73540000", "time": "2025-07-15T22:33:55.473535Z", "fetched_at": "2025-07-15T22:39:32.753891+00:00", "symbol": "ADA-USD"}, {"trade_id": 143777141, "side": "buy", "size": "159.74074690", "price": "0.73540000", "time": "2025-07-15T22:33:55.473535Z", "fetched_at": "2025-07-15T22:39:32.753891+00:00", "symbol": "ADA-USD"}, {"trade_id": 143777140, "side": "buy", "size": "77.96060000", "price": "0.73540000", "time": "2025-07-15T22:33:55.443870Z", "fetched_at": "2025-07-15T22:39:32.753891+00:00", "symbol": "ADA-USD"}, {"trade_id": 143777139, "side": "buy", "size": "137.59700000", "price": "0.73540000", "time": "2025-07-15T22:33:55.440728Z", "fetched_at": "2025-07-15T22:39:32.753891+00:00", "symbol": "ADA-USD"}, {"trade_id": 143777138, "side": "buy", "size": "84.27172000", "price": "0.73540000", "time": "2025-07-15T22:33:55.436708Z", "fetched_at": "2025-07-15T22:39:32.753891+00:00", "symbol": "ADA-USD"}, {"trade_id": 143777137, "side": "buy", "size": "5.42204367", "price": "0.73550000", "time": "2025-07-15T22:33:54.948971Z", "fetched_at": "2025-07-15T22:39:32.753891+00:00", "symbol": "ADA-USD"}, {"trade_id": 143777136, "side": "buy", "size": "128.81402365", "price": "0.73540000", "time": "2025-07-15T22:33:54.893821Z", "fetched_at": "2025-07-15T22:39:32.753891+00:00", "symbol": "ADA-USD"}, {"trade_id": 143777135, "side": "buy", "size": "1.50000000", "price": "0.73550000", "time": "2025-07-15T22:33:54.893821Z", "fetched_at": "2025-07-15T22:39:32.753891+00:00", "symbol": "ADA-USD"}, {"trade_id": 143777134, "side": "buy", "size": "5.35832435", "price": "0.73560000", "time": "2025-07-15T22:33:54.893821Z", "fetched_at": "2025-07-15T22:39:32.753891+00:00", "symbol": "ADA-USD"}, {"trade_id": 143777133, "side": "buy", "size": "1.50000000", "price": "0.73560000", "time": "2025-07-15T22:33:54.893821Z", "fetched_at": "2025-07-15T22:39:32.753891+00:00", "symbol": "ADA-USD"}, {"trade_id": 143777132, "side": "buy", "size": "6.22890312", "price": "0.73570000", "time": "2025-07-15T22:33:52.918749Z", "fetched_at": "2025-07-15T22:39:32.753891+00:00", "symbol": "ADA-USD"}, {"trade_id": 143777131, "side": "buy", "size": "1.50000000", "price": "0.73570000", "time": "2025-07-15T22:33:52.918749Z", "fetched_at": "2025-07-15T22:39:32.753891+00:00", "symbol": "ADA-USD"}, {"trade_id": 143777130, "side": "buy", "size": "6.63405595", "price": "0.73580000", "time": "2025-07-15T22:33:50.971467Z", "fetched_at": "2025-07-15T22:39:32.753891+00:00", "symbol": "ADA-USD"}, {"trade_id": 143777129, "side": "buy", "size": "1.50000000", "price": "0.73580000", "time": "2025-07-15T22:33:50.971467Z", "fetched_at": "2025-07-15T22:39:32.753891+00:00", "symbol": "ADA-USD"}, {"trade_id": 143777128, "side": "buy", "size": "7.68778059", "price": "0.73590000", "time": "2025-07-15T22:33:50.422213Z", "fetched_at": "2025-07-15T22:39:32.753891+00:00", "symbol": "ADA-USD"}, {"trade_id": 143777127, "side": "buy", "size": "1.50000000", "price": "0.73590000", "time": "2025-07-15T22:33:50.422213Z", "fetched_at": "2025-07-15T22:39:32.753891+00:00", "symbol": "ADA-USD"}, {"trade_id": 143777126, "side": "buy", "size": "7.99956788", "price": "0.73600000", "time": "2025-07-15T22:33:50.345137Z", "fetched_at": "2025-07-15T22:39:32.753891+00:00", "symbol": "ADA-USD"}, {"trade_id": 143777125, "side": "buy", "size": "1.50000000", "price": "0.73600000", "time": "2025-07-15T22:33:50.345137Z", "fetched_at": "2025-07-15T22:39:32.753891+00:00", "symbol": "ADA-USD"}, {"trade_id": 143777124, "side": "buy", "size": "1.50000000", "price": "0.73610000", "time": "2025-07-15T22:33:49.993137Z", "fetched_at": "2025-07-15T22:39:32.753891+00:00", "symbol": "ADA-USD"}, {"trade_id": 143777123, "side": "buy", "size": "7.69521529", "price": "0.73620000", "time": "2025-07-15T22:33:49.986400Z", "fetched_at": "2025-07-15T22:39:32.753891+00:00", "symbol": "ADA-USD"}, {"trade_id": 143777122, "side": "sell", "size": "59.86895380", "price": "0.73630000", "time": "2025-07-15T22:33:45.948268Z", "fetched_at": "2025-07-15T22:39:32.753891+00:00", "symbol": "ADA-USD"}, {"trade_id": 143777121, "side": "sell", "size": "40.95940020", "price": "0.73630000", "time": "2025-07-15T22:33:45.948268Z", "fetched_at": "2025-07-15T22:39:32.753891+00:00", "symbol": "ADA-USD"}, {"trade_id": 143777120, "side": "buy", "size": "7.74882960", "price": "0.73620000", "time": "2025-07-15T22:33:43.560128Z", "fetched_at": "2025-07-15T22:39:32.753891+00:00", "symbol": "ADA-USD"}, {"trade_id": 143777119, "side": "buy", "size": "1.50000000", "price": "0.73620000", "time": "2025-07-15T22:33:43.560128Z", "fetched_at": "2025-07-15T22:39:32.753891+00:00", "symbol": "ADA-USD"}, {"trade_id": 143777118, "side": "buy", "size": "7.47734077", "price": "0.73630000", "time": "2025-07-15T22:33:41.218486Z", "fetched_at": "2025-07-15T22:39:32.753891+00:00", "symbol": "ADA-USD"}, {"trade_id": 143777117, "side": "buy", "size": "1.50000000", "price": "0.73630000", "time": "2025-07-15T22:33:41.218486Z", "fetched_at": "2025-07-15T22:39:32.753891+00:00", "symbol": "ADA-USD"}, {"trade_id": 143777116, "side": "buy", "size": "9.35421918", "price": "0.73640000", "time": "2025-07-15T22:33:40.941541Z", "fetched_at": "2025-07-15T22:39:32.753891+00:00", "symbol": "ADA-USD"}, {"trade_id": 143777115, "side": "sell", "size": "1.50000000", "price": "0.73650000", "time": "2025-07-15T22:33:38.074232Z", "fetched_at": "2025-07-15T22:39:32.753891+00:00", "symbol": "ADA-USD"}, {"trade_id": 143777114, "side": "buy", "size": "9.92366852", "price": "0.73630000", "time": "2025-07-15T22:33:29.105493Z", "fetched_at": "2025-07-15T22:39:32.753891+00:00", "symbol": "ADA-USD"}, {"trade_id": 143777113, "side": "sell", "size": "2.35234200", "price": "0.73640000", "time": "2025-07-15T22:33:28.742039Z", "fetched_at": "2025-07-15T22:39:32.753891+00:00", "symbol": "ADA-USD"}, {"trade_id": 143777112, "side": "sell", "size": "362.44238816", "price": "0.73640000", "time": "2025-07-15T22:33:26.834772Z", "fetched_at": "2025-07-15T22:39:32.753891+00:00", "symbol": "ADA-USD"}, {"trade_id": 143777111, "side": "sell", "size": "44.94491184", "price": "0.73640000", "time": "2025-07-15T22:33:26.834772Z", "fetched_at": "2025-07-15T22:39:32.753891+00:00", "symbol": "ADA-USD"}, {"trade_id": 143777110, "side": "sell", "size": "605.11862740", "price": "0.73640000", "time": "2025-07-15T22:33:26.624050Z", "fetched_at": "2025-07-15T22:39:32.753891+00:00", "symbol": "ADA-USD"}, {"trade_id": 143777109, "side": "sell", "size": "54.61253360", "price": "0.73640000", "time": "2025-07-15T22:33:26.624050Z", "fetched_at": "2025-07-15T22:39:32.753891+00:00", "symbol": "ADA-USD"}, {"trade_id": 143777108, "side": "buy", "size": "113.35707237", "price": "0.73630000", "time": "2025-07-15T22:33:24.085436Z", "fetched_at": "2025-07-15T22:39:32.753891+00:00", "symbol": "ADA-USD"}, {"trade_id": 143777107, "side": "buy", "size": "414.92832976", "price": "0.73630000", "time": "2025-07-15T22:33:24.085318Z", "fetched_at": "2025-07-15T22:39:32.753891+00:00", "symbol": "ADA-USD"}, {"trade_id": 143777106, "side": "buy", "size": "414.92832976", "price": "0.73630000", "time": "2025-07-15T22:33:24.085104Z", "fetched_at": "2025-07-15T22:39:32.753891+00:00", "symbol": "ADA-USD"}, {"trade_id": 143777105, "side": "buy", "size": "414.92832976", "price": "0.73630000", "time": "2025-07-15T22:33:24.084912Z", "fetched_at": "2025-07-15T22:39:32.753891+00:00", "symbol": "ADA-USD"}, {"trade_id": 143777104, "side": "buy", "size": "401.51138434", "price": "0.73630000", "time": "2025-07-15T22:33:24.084902Z", "fetched_at": "2025-07-15T22:39:32.753891+00:00", "symbol": "ADA-USD"}, {"trade_id": 143777103, "side": "buy", "size": "13.41694542", "price": "0.73640000", "time": "2025-07-15T22:33:24.084902Z", "fetched_at": "2025-07-15T22:39:32.753891+00:00", "symbol": "ADA-USD"}, {"trade_id": 143777102, "side": "buy", "size": "192.48861566", "price": "0.73630000", "time": "2025-07-15T22:33:23.571729Z", "fetched_at": "2025-07-15T22:39:32.753891+00:00", "symbol": "ADA-USD"}, {"trade_id": 143777101, "side": "buy", "size": "13.16995117", "price": "0.73640000", "time": "2025-07-15T22:33:23.571729Z", "fetched_at": "2025-07-15T22:39:32.753891+00:00", "symbol": "ADA-USD"}, {"trade_id": 143777100, "side": "buy", "size": "0.09665417", "price": "0.73640000", "time": "2025-07-15T22:33:23.571729Z", "fetched_at": "2025-07-15T22:39:32.753891+00:00", "symbol": "ADA-USD"}, {"trade_id": 143777099, "side": "buy", "size": "655.83858078", "price": "0.73620000", "time": "2025-07-15T22:33:20.068125Z", "fetched_at": "2025-07-15T22:39:32.753891+00:00", "symbol": "ADA-USD"}, {"trade_id": 143777098, "side": "buy", "size": "500.00000000", "price": "0.73620000", "time": "2025-07-15T22:33:20.068125Z", "fetched_at": "2025-07-15T22:39:32.753891+00:00", "symbol": "ADA-USD"}, {"trade_id": 143777097, "side": "buy", "size": "594.00000000", "price": "0.73620000", "time": "2025-07-15T22:33:20.068125Z", "fetched_at": "2025-07-15T22:39:32.753891+00:00", "symbol": "ADA-USD"}, {"trade_id": 143777096, "side": "buy", "size": "18.48995422", "price": "0.73630000", "time": "2025-07-15T22:33:20.068125Z", "fetched_at": "2025-07-15T22:39:32.753891+00:00", "symbol": "ADA-USD"}, {"trade_id": 143777095, "side": "buy", "size": "47.89176599", "price": "0.73620000", "time": "2025-07-15T22:33:19.770778Z", "fetched_at": "2025-07-15T22:39:32.753891+00:00", "symbol": "ADA-USD"}, {"trade_id": 143777094, "side": "buy", "size": "1.50000000", "price": "0.73620000", "time": "2025-07-15T22:33:19.770778Z", "fetched_at": "2025-07-15T22:39:32.753891+00:00", "symbol": "ADA-USD"}, {"trade_id": 143777093, "side": "buy", "size": "18.48768001", "price": "0.73630000", "time": "2025-07-15T22:33:19.770778Z", "fetched_at": "2025-07-15T22:39:32.753891+00:00", "symbol": "ADA-USD"}, {"trade_id": 143777092, "side": "buy", "size": "22.47212521", "price": "0.73630000", "time": "2025-07-15T22:33:19.411033Z", "fetched_at": "2025-07-15T22:39:32.753891+00:00", "symbol": "ADA-USD"}, {"trade_id": 143777091, "side": "buy", "size": "1.50000000", "price": "0.73630000", "time": "2025-07-15T22:33:19.411033Z", "fetched_at": "2025-07-15T22:39:32.753891+00:00", "symbol": "ADA-USD"}, {"trade_id": 143777090, "side": "buy", "size": "55.71984808", "price": "0.73650000", "time": "2025-07-15T22:33:18.542496Z", "fetched_at": "2025-07-15T22:39:32.753891+00:00", "symbol": "ADA-USD"}, {"trade_id": 143777089, "side": "buy", "size": "67.99020000", "price": "0.73650000", "time": "2025-07-15T22:33:18.539888Z", "fetched_at": "2025-07-15T22:39:32.753891+00:00", "symbol": "ADA-USD"}, {"trade_id": 143777088, "side": "sell", "size": "0.11236341", "price": "0.73660000", "time": "2025-07-15T22:33:18.004889Z", "fetched_at": "2025-07-15T22:39:32.753891+00:00", "symbol": "ADA-USD"}, {"trade_id": 143777087, "side": "sell", "size": "92.16743597", "price": "0.73660000", "time": "2025-07-15T22:33:17.988725Z", "fetched_at": "2025-07-15T22:39:32.753891+00:00", "symbol": "ADA-USD"}, {"trade_id": 143777086, "side": "sell", "size": "176.51792180", "price": "0.73660000", "time": "2025-07-15T22:33:17.988725Z", "fetched_at": "2025-07-15T22:39:32.753891+00:00", "symbol": "ADA-USD"}, {"trade_id": 143777085, "side": "buy", "size": "18.97424388", "price": "0.73650000", "time": "2025-07-15T22:33:12.690395Z", "fetched_at": "2025-07-15T22:39:32.753891+00:00", "symbol": "ADA-USD"}, {"trade_id": 143777084, "side": "sell", "size": "98.95967400", "price": "0.73650000", "time": "2025-07-15T22:33:08.122890Z", "fetched_at": "2025-07-15T22:39:32.753891+00:00", "symbol": "ADA-USD"}, {"trade_id": 143777083, "side": "buy", "size": "245.67665338", "price": "0.73630000", "time": "2025-07-15T22:33:02.227071Z", "fetched_at": "2025-07-15T22:39:32.753891+00:00", "symbol": "ADA-USD"}, {"trade_id": 143777082, "side": "buy", "size": "1.50000000", "price": "0.73630000", "time": "2025-07-15T22:33:02.227071Z", "fetched_at": "2025-07-15T22:39:32.753891+00:00", "symbol": "ADA-USD"}, {"trade_id": 143777081, "side": "buy", "size": "838.46067245", "price": "0.73630000", "time": "2025-07-15T22:33:02.227071Z", "fetched_at": "2025-07-15T22:39:32.753891+00:00", "symbol": "ADA-USD"}, {"trade_id": 143777080, "side": "buy", "size": "9.70428317", "price": "0.73640000", "time": "2025-07-15T22:33:02.227071Z", "fetched_at": "2025-07-15T22:39:32.753891+00:00", "symbol": "ADA-USD"}, {"trade_id": 143777079, "side": "buy", "size": "1.50000000", "price": "0.73640000", "time": "2025-07-15T22:33:02.227071Z", "fetched_at": "2025-07-15T22:39:32.753891+00:00", "symbol": "ADA-USD"}, {"trade_id": 143777078, "side": "sell", "size": "67.99020000", "price": "0.73650000", "time": "2025-07-15T22:33:02.119010Z", "fetched_at": "2025-07-15T22:39:32.753891+00:00", "symbol": "ADA-USD"}, {"trade_id": 143777077, "side": "buy", "size": "9.04914631", "price": "0.73660000", "time": "2025-07-15T22:33:02.101010Z", "fetched_at": "2025-07-15T22:39:32.753891+00:00", "symbol": "ADA-USD"}, {"trade_id": 143777076, "side": "buy", "size": "843.61844647", "price": "0.73660000", "time": "2025-07-15T22:33:00.440717Z", "fetched_at": "2025-07-15T22:39:32.753891+00:00", "symbol": "ADA-USD"}, {"trade_id": 143777075, "side": "buy", "size": "9.60181953", "price": "0.73660000", "time": "2025-07-15T22:33:00.440717Z", "fetched_at": "2025-07-15T22:39:32.753891+00:00", "symbol": "ADA-USD"}, {"trade_id": 143777074, "side": "sell", "size": "32.19348300", "price": "0.73670000", "time": "2025-07-15T22:32:59.234424Z", "fetched_at": "2025-07-15T22:39:32.753891+00:00", "symbol": "ADA-USD"}, {"trade_id": 143777073, "side": "sell", "size": "131.45437900", "price": "0.73670000", "time": "2025-07-15T22:32:58.882614Z", "fetched_at": "2025-07-15T22:39:32.753891+00:00", "symbol": "ADA-USD"}, {"trade_id": 143777072, "side": "sell", "size": "0.49185300", "price": "0.73670000", "time": "2025-07-15T22:32:58.882614Z", "fetched_at": "2025-07-15T22:39:32.753891+00:00", "symbol": "ADA-USD"}, {"trade_id": 143777071, "side": "sell", "size": "1.00814700", "price": "0.73670000", "time": "2025-07-15T22:32:58.123638Z", "fetched_at": "2025-07-15T22:39:32.753891+00:00", "symbol": "ADA-USD"}, {"trade_id": 143777070, "side": "sell", "size": "1.50000000", "price": "0.73660000", "time": "2025-07-15T22:32:55.680264Z", "fetched_at": "2025-07-15T22:39:32.753891+00:00", "symbol": "ADA-USD"}, {"trade_id": 143777069, "side": "sell", "size": "594.00000000", "price": "0.73650000", "time": "2025-07-15T22:32:54.050686Z", "fetched_at": "2025-07-15T22:39:32.753891+00:00", "symbol": "ADA-USD"}, {"trade_id": 143777068, "side": "sell", "size": "58.70382335", "price": "0.73650000", "time": "2025-07-15T22:32:54.050686Z", "fetched_at": "2025-07-15T22:39:32.753891+00:00", "symbol": "ADA-USD"}, {"trade_id": 143777067, "side": "sell", "size": "67.20977600", "price": "0.73650000", "time": "2025-07-15T22:32:51.686448Z", "fetched_at": "2025-07-15T22:39:32.753891+00:00", "symbol": "ADA-USD"}, {"trade_id": 143777066, "side": "buy", "size": "9.86372583", "price": "0.73650000", "time": "2025-07-15T22:32:48.272187Z", "fetched_at": "2025-07-15T22:39:32.753891+00:00", "symbol": "ADA-USD"}, {"trade_id": 143777065, "side": "buy", "size": "10.27845005", "price": "0.73640000", "time": "2025-07-15T22:32:45.459586Z", "fetched_at": "2025-07-15T22:39:32.753891+00:00", "symbol": "ADA-USD"}, {"trade_id": 143777064, "side": "buy", "size": "189.91443386", "price": "0.73630000", "time": "2025-07-15T22:32:40.133774Z", "fetched_at": "2025-07-15T22:39:32.753891+00:00", "symbol": "ADA-USD"}, {"trade_id": 143777063, "side": "buy", "size": "684.25061265", "price": "0.73630000", "time": "2025-07-15T22:32:40.133774Z", "fetched_at": "2025-07-15T22:39:32.753891+00:00", "symbol": "ADA-USD"}, {"trade_id": 143777062, "side": "buy", "size": "603.55768337", "price": "0.73630000", "time": "2025-07-15T22:32:40.133774Z", "fetched_at": "2025-07-15T22:39:32.753891+00:00", "symbol": "ADA-USD"}, {"trade_id": 143777061, "side": "buy", "size": "379.06206408", "price": "0.73630000", "time": "2025-07-15T22:32:40.133774Z", "fetched_at": "2025-07-15T22:39:32.753891+00:00", "symbol": "ADA-USD"}, {"trade_id": 143777060, "side": "buy", "size": "459.39860837", "price": "0.73630000", "time": "2025-07-15T22:32:40.133774Z", "fetched_at": "2025-07-15T22:39:32.753891+00:00", "symbol": "ADA-USD"}, {"trade_id": 143777059, "side": "buy", "size": "9.42883267", "price": "0.73640000", "time": "2025-07-15T22:32:40.133774Z", "fetched_at": "2025-07-15T22:39:32.753891+00:00", "symbol": "ADA-USD"}, {"trade_id": 143777058, "side": "buy", "size": "297.57074555", "price": "0.73630000", "time": "2025-07-15T22:32:28.112046Z", "fetched_at": "2025-07-15T22:39:32.753891+00:00", "symbol": "ADA-USD"}, {"trade_id": 143777057, "side": "buy", "size": "1.50000000", "price": "0.73630000", "time": "2025-07-15T22:32:28.112046Z", "fetched_at": "2025-07-15T22:39:32.753891+00:00", "symbol": "ADA-USD"}, {"trade_id": 143777056, "side": "buy", "size": "28.23212245", "price": "0.73640000", "time": "2025-07-15T22:32:28.112046Z", "fetched_at": "2025-07-15T22:39:32.753891+00:00", "symbol": "ADA-USD"}, {"trade_id": 143777055, "side": "buy", "size": "28.23212245", "price": "0.73640000", "time": "2025-07-15T22:32:28.065296Z", "fetched_at": "2025-07-15T22:39:32.753891+00:00", "symbol": "ADA-USD"}, {"trade_id": 143777054, "side": "buy", "size": "1.50000000", "price": "0.73640000", "time": "2025-07-15T22:32:28.065296Z", "fetched_at": "2025-07-15T22:39:32.753891+00:00", "symbol": "ADA-USD"}, {"trade_id": 143777053, "side": "buy", "size": "4.13134374", "price": "0.73640000", "time": "2025-07-15T22:32:27.982187Z", "fetched_at": "2025-07-15T22:39:32.753891+00:00", "symbol": "ADA-USD"}, {"trade_id": 143777052, "side": "buy", "size": "28.29916626", "price": "0.73650000", "time": "2025-07-15T22:32:27.982187Z", "fetched_at": "2025-07-15T22:39:32.753891+00:00", "symbol": "ADA-USD"}, {"trade_id": 143777051, "side": "buy", "size": "1.50000000", "price": "0.73650000", "time": "2025-07-15T22:32:27.982187Z", "fetched_at": "2025-07-15T22:39:32.753891+00:00", "symbol": "ADA-USD"}, {"trade_id": 143777050, "side": "buy", "size": "28.42763292", "price": "0.73660000", "time": "2025-07-15T22:32:27.874884Z", "fetched_at": "2025-07-15T22:39:32.753891+00:00", "symbol": "ADA-USD"}, {"trade_id": 143777049, "side": "buy", "size": "1.50000000", "price": "0.73660000", "time": "2025-07-15T22:32:27.874884Z", "fetched_at": "2025-07-15T22:39:32.753891+00:00", "symbol": "ADA-USD"}, {"trade_id": 143777048, "side": "sell", "size": "2.01491236", "price": "0.73670000", "time": "2025-07-15T22:32:26.048155Z", "fetched_at": "2025-07-15T22:39:32.753891+00:00", "symbol": "ADA-USD"}, {"trade_id": 143777047, "side": "sell", "size": "176.34926572", "price": "0.73670000", "time": "2025-07-15T22:32:26.048155Z", "fetched_at": "2025-07-15T22:39:32.753891+00:00", "symbol": "ADA-USD"}, {"trade_id": 143777046, "side": "sell", "size": "70.80178192", "price": "0.73670000", "time": "2025-07-15T22:32:26.048155Z", "fetched_at": "2025-07-15T22:39:32.753891+00:00", "symbol": "ADA-USD"}, {"trade_id": 143777045, "side": "sell", "size": "2.68656700", "price": "0.73670000", "time": "2025-07-15T22:32:23.277112Z", "fetched_at": "2025-07-15T22:39:32.753891+00:00", "symbol": "ADA-USD"}, {"trade_id": 143777044, "side": "buy", "size": "6.95926058", "price": "0.73670000", "time": "2025-07-15T22:32:23.114553Z", "fetched_at": "2025-07-15T22:39:32.753891+00:00", "symbol": "ADA-USD"}, {"trade_id": 143777043, "side": "buy", "size": "1.50000000", "price": "0.73670000", "time": "2025-07-15T22:32:23.114553Z", "fetched_at": "2025-07-15T22:39:32.753891+00:00", "symbol": "ADA-USD"}, {"trade_id": 143777042, "side": "sell", "size": "66.83963492", "price": "0.73700000", "time": "2025-07-15T22:32:16.822517Z", "fetched_at": "2025-07-15T22:39:32.753891+00:00", "symbol": "ADA-USD"}, {"trade_id": 143777041, "side": "sell", "size": "67.83539900", "price": "0.73700000", "time": "2025-07-15T22:32:16.822517Z", "fetched_at": "2025-07-15T22:39:32.753891+00:00", "symbol": "ADA-USD"}, {"trade_id": 143777040, "side": "buy", "size": "1.50000000", "price": "0.73680000", "time": "2025-07-15T22:32:15.284534Z", "fetched_at": "2025-07-15T22:39:32.753891+00:00", "symbol": "ADA-USD"}, {"trade_id": 143777039, "side": "buy", "size": "594.00000000", "price": "0.73690000", "time": "2025-07-15T22:32:15.194112Z", "fetched_at": "2025-07-15T22:39:32.753891+00:00", "symbol": "ADA-USD"}, {"trade_id": 143777038, "side": "buy", "size": "1.50000000", "price": "0.73690000", "time": "2025-07-15T22:32:15.194112Z", "fetched_at": "2025-07-15T22:39:32.753891+00:00", "symbol": "ADA-USD"}, {"trade_id": 143777037, "side": "buy", "size": "1.50000000", "price": "0.73700000", "time": "2025-07-15T22:32:15.039990Z", "fetched_at": "2025-07-15T22:39:32.753891+00:00", "symbol": "ADA-USD"}, {"trade_id": 143777036, "side": "buy", "size": "176.36122222", "price": "0.73710000", "time": "2025-07-15T22:32:15.039990Z", "fetched_at": "2025-07-15T22:39:32.753891+00:00", "symbol": "ADA-USD"}, {"trade_id": 143777035, "side": "sell", "size": "6.71459600", "price": "0.73720000", "time": "2025-07-15T22:32:11.028055Z", "fetched_at": "2025-07-15T22:39:32.753891+00:00", "symbol": "ADA-USD"}, {"trade_id": 143777034, "side": "buy", "size": "81.90192836", "price": "0.73710000", "time": "2025-07-15T22:32:10.636231Z", "fetched_at": "2025-07-15T22:39:32.753891+00:00", "symbol": "ADA-USD"}, {"trade_id": 143777033, "side": "buy", "size": "119.26100222", "price": "0.73710000", "time": "2025-07-15T22:32:09.560028Z", "fetched_at": "2025-07-15T22:39:32.753891+00:00", "symbol": "ADA-USD"}, {"trade_id": 143777032, "side": "buy", "size": "57.10022000", "price": "0.73710000", "time": "2025-07-15T22:32:09.559598Z", "fetched_at": "2025-07-15T22:39:32.753891+00:00", "symbol": "ADA-USD"}, {"trade_id": 143777031, "side": "buy", "size": "1.50000000", "price": "0.73710000", "time": "2025-07-15T22:32:09.559598Z", "fetched_at": "2025-07-15T22:39:32.753891+00:00", "symbol": "ADA-USD"}, {"trade_id": 143777030, "side": "sell", "size": "131.82114600", "price": "0.73740000", "time": "2025-07-15T22:31:58.529026Z", "fetched_at": "2025-07-15T22:39:32.753891+00:00", "symbol": "ADA-USD"}, {"trade_id": 143777029, "side": "sell", "size": "4.88059700", "price": "0.73740000", "time": "2025-07-15T22:31:56.227445Z", "fetched_at": "2025-07-15T22:39:32.753891+00:00", "symbol": "ADA-USD"}, {"trade_id": 143777028, "side": "sell", "size": "1.50000000", "price": "0.73730000", "time": "2025-07-15T22:31:56.227445Z", "fetched_at": "2025-07-15T22:39:32.753891+00:00", "symbol": "ADA-USD"}, {"trade_id": 143777027, "side": "sell", "size": "1.50000000", "price": "0.73720000", "time": "2025-07-15T22:31:54.917361Z", "fetched_at": "2025-07-15T22:39:32.753891+00:00", "symbol": "ADA-USD"}, {"trade_id": 143777026, "side": "buy", "size": "1.90590200", "price": "0.73700000", "time": "2025-07-15T22:31:52.353764Z", "fetched_at": "2025-07-15T22:39:32.753891+00:00", "symbol": "ADA-USD"}, {"trade_id": 143777025, "side": "sell", "size": "0.62238800", "price": "0.73720000", "time": "2025-07-15T22:31:51.931675Z", "fetched_at": "2025-07-15T22:39:32.753891+00:00", "symbol": "ADA-USD"}, {"trade_id": 143777024, "side": "sell", "size": "1.50000000", "price": "0.73710000", "time": "2025-07-15T22:31:51.931675Z", "fetched_at": "2025-07-15T22:39:32.753891+00:00", "symbol": "ADA-USD"}, {"trade_id": 143777023, "side": "sell", "size": "3.19089314", "price": "0.73700000", "time": "2025-07-15T22:31:47.686972Z", "fetched_at": "2025-07-15T22:39:32.753891+00:00", "symbol": "ADA-USD"}, {"trade_id": 143777022, "side": "sell", "size": "2923.85012013", "price": "0.73700000", "time": "2025-07-15T22:31:47.686972Z", "fetched_at": "2025-07-15T22:39:32.753891+00:00", "symbol": "ADA-USD"}, {"trade_id": 143777021, "side": "sell", "size": "757.73839748", "price": "0.73700000", "time": "2025-07-15T22:31:47.682055Z", "fetched_at": "2025-07-15T22:39:32.753891+00:00", "symbol": "ADA-USD"}, {"trade_id": 143777020, "side": "sell", "size": "130.62570328", "price": "0.73700000", "time": "2025-07-15T22:31:47.679668Z", "fetched_at": "2025-07-15T22:39:32.753891+00:00", "symbol": "ADA-USD"}, {"trade_id": 143777019, "side": "sell", "size": "317.33737422", "price": "0.73700000", "time": "2025-07-15T22:31:47.660311Z", "fetched_at": "2025-07-15T22:39:32.753891+00:00", "symbol": "ADA-USD"}, {"trade_id": 143777018, "side": "sell", "size": "692.94840489", "price": "0.73700000", "time": "2025-07-15T22:31:47.647025Z", "fetched_at": "2025-07-15T22:39:32.753891+00:00", "symbol": "ADA-USD"}, {"trade_id": 143777017, "side": "sell", "size": "1.50000000", "price": "0.73700000", "time": "2025-07-15T22:31:47.647025Z", "fetched_at": "2025-07-15T22:39:32.753891+00:00", "symbol": "ADA-USD"}, {"trade_id": 143777016, "side": "buy", "size": "54.95660100", "price": "0.73690000", "time": "2025-07-15T22:31:47.107029Z", "fetched_at": "2025-07-15T22:39:32.753891+00:00", "symbol": "ADA-USD"}, {"trade_id": 143777015, "side": "sell", "size": "92.18158896", "price": "0.73680000", "time": "2025-07-15T22:31:42.819342Z", "fetched_at": "2025-07-15T22:39:32.753891+00:00", "symbol": "ADA-USD"}, {"trade_id": 143777014, "side": "sell", "size": "176.44502300", "price": "0.73680000", "time": "2025-07-15T22:31:39.391757Z", "fetched_at": "2025-07-15T22:39:32.753891+00:00", "symbol": "ADA-USD"}, {"trade_id": 143777013, "side": "sell", "size": "145.00000000", "price": "0.73680000", "time": "2025-07-15T22:31:38.479437Z", "fetched_at": "2025-07-15T22:39:32.753891+00:00", "symbol": "ADA-USD"}, {"trade_id": 143777012, "side": "buy", "size": "81.22058800", "price": "0.73670000", "time": "2025-07-15T22:31:33.326541Z", "fetched_at": "2025-07-15T22:39:32.753891+00:00", "symbol": "ADA-USD"}, {"trade_id": 143777011, "side": "buy", "size": "1.50000000", "price": "0.73670000", "time": "2025-07-15T22:31:33.326541Z", "fetched_at": "2025-07-15T22:39:32.753891+00:00", "symbol": "ADA-USD"}, {"trade_id": 143777010, "side": "sell", "size": "29.99148402", "price": "0.73680000", "time": "2025-07-15T22:31:30.174963Z", "fetched_at": "2025-07-15T22:39:32.753891+00:00", "symbol": "ADA-USD"}, {"trade_id": 143777009, "side": "buy", "size": "4.88658393", "price": "0.73680000", "time": "2025-07-15T22:31:27.026169Z", "fetched_at": "2025-07-15T22:39:32.753891+00:00", "symbol": "ADA-USD"}, {"trade_id": 143777008, "side": "buy", "size": "1.50000000", "price": "0.73680000", "time": "2025-07-15T22:31:27.026169Z", "fetched_at": "2025-07-15T22:39:32.753891+00:00", "symbol": "ADA-USD"}, {"trade_id": 143777007, "side": "buy", "size": "10.47613359", "price": "0.73690000", "time": "2025-07-15T22:31:21.437423Z", "fetched_at": "2025-07-15T22:39:32.753891+00:00", "symbol": "ADA-USD"}, {"trade_id": 143777006, "side": "buy", "size": "4.20624200", "price": "0.73690000", "time": "2025-07-15T22:31:17.292356Z", "fetched_at": "2025-07-15T22:39:32.753891+00:00", "symbol": "ADA-USD"}, {"trade_id": 143777005, "side": "buy", "size": "31.30011438", "price": "0.73690000", "time": "2025-07-15T22:31:09.429754Z", "fetched_at": "2025-07-15T22:39:32.753891+00:00", "symbol": "ADA-USD"}, {"trade_id": 143777004, "side": "buy", "size": "12.86720853", "price": "0.73700000", "time": "2025-07-15T22:31:09.429754Z", "fetched_at": "2025-07-15T22:39:32.753891+00:00", "symbol": "ADA-USD"}, {"trade_id": 143777003, "side": "buy", "size": "13.37236909", "price": "0.73700000", "time": "2025-07-15T22:31:09.429754Z", "fetched_at": "2025-07-15T22:39:32.753891+00:00", "symbol": "ADA-USD"}, {"trade_id": 143777002, "side": "sell", "size": "0.09551093", "price": "0.73690000", "time": "2025-07-15T22:31:05.024956Z", "fetched_at": "2025-07-15T22:39:32.753891+00:00", "symbol": "ADA-USD"}, {"trade_id": 143777001, "side": "buy", "size": "16.84927174", "price": "0.73690000", "time": "2025-07-15T22:31:03.867486Z", "fetched_at": "2025-07-15T22:39:32.753891+00:00", "symbol": "ADA-USD"}, {"trade_id": 143777000, "side": "buy", "size": "15.67032101", "price": "0.73690000", "time": "2025-07-15T22:31:03.690555Z", "fetched_at": "2025-07-15T22:39:32.753891+00:00", "symbol": "ADA-USD"}, {"trade_id": 143776999, "side": "buy", "size": "4818.80000000", "price": "0.73690000", "time": "2025-07-15T22:31:03.690555Z", "fetched_at": "2025-07-15T22:39:32.753891+00:00", "symbol": "ADA-USD"}, {"trade_id": 143776998, "side": "buy", "size": "1.50000000", "price": "0.73690000", "time": "2025-07-15T22:31:03.690555Z", "fetched_at": "2025-07-15T22:39:32.753891+00:00", "symbol": "ADA-USD"}, {"trade_id": 143776997, "side": "buy", "size": "16.10922634", "price": "0.73700000", "time": "2025-07-15T22:31:03.061851Z", "fetched_at": "2025-07-15T22:39:32.753891+00:00", "symbol": "ADA-USD"}, {"trade_id": 143776996, "side": "buy", "size": "1.50000000", "price": "0.73700000", "time": "2025-07-15T22:31:03.061851Z", "fetched_at": "2025-07-15T22:39:32.753891+00:00", "symbol": "ADA-USD"}, {"trade_id": 143776995, "side": "buy", "size": "16.19942951", "price": "0.73710000", "time": "2025-07-15T22:31:02.676417Z", "fetched_at": "2025-07-15T22:39:32.753891+00:00", "symbol": "ADA-USD"}, {"trade_id": 143776994, "side": "buy", "size": "1.50000000", "price": "0.73710000", "time": "2025-07-15T22:31:02.676417Z", "fetched_at": "2025-07-15T22:39:32.753891+00:00", "symbol": "ADA-USD"}, {"trade_id": 143776993, "side": "buy", "size": "16.19723208", "price": "0.73720000", "time": "2025-07-15T22:31:02.406569Z", "fetched_at": "2025-07-15T22:39:32.753891+00:00", "symbol": "ADA-USD"}, {"trade_id": 143776992, "side": "buy", "size": "1.50000000", "price": "0.73720000", "time": "2025-07-15T22:31:02.406569Z", "fetched_at": "2025-07-15T22:39:32.753891+00:00", "symbol": "ADA-USD"}, {"trade_id": 143776991, "side": "buy", "size": "15.71622189", "price": "0.73730000", "time": "2025-07-15T22:31:02.376995Z", "fetched_at": "2025-07-15T22:39:32.753891+00:00", "symbol": "ADA-USD"}, {"trade_id": 143776990, "side": "buy", "size": "1.50000000", "price": "0.73730000", "time": "2025-07-15T22:31:02.376995Z", "fetched_at": "2025-07-15T22:39:32.753891+00:00", "symbol": "ADA-USD"}, {"trade_id": 143776989, "side": "sell", "size": "13.08104100", "price": "0.73740000", "time": "2025-07-15T22:31:02.348428Z", "fetched_at": "2025-07-15T22:39:32.753891+00:00", "symbol": "ADA-USD"}, {"trade_id": 143776988, "side": "sell", "size": "32.14547200", "price": "0.73740000", "time": "2025-07-15T22:31:02.195606Z", "fetched_at": "2025-07-15T22:39:32.753891+00:00", "symbol": "ADA-USD"}, {"trade_id": 143776987, "side": "sell", "size": "19.28728300", "price": "0.73740000", "time": "2025-07-15T22:31:01.676367Z", "fetched_at": "2025-07-15T22:39:32.753891+00:00", "symbol": "ADA-USD"}, {"trade_id": 143776986, "side": "buy", "size": "17.95882785", "price": "0.73740000", "time": "2025-07-15T22:30:58.123716Z", "fetched_at": "2025-07-15T22:39:32.753891+00:00", "symbol": "ADA-USD"}, {"trade_id": 143776985, "side": "buy", "size": "1.50000000", "price": "0.73740000", "time": "2025-07-15T22:30:58.123716Z", "fetched_at": "2025-07-15T22:39:32.753891+00:00", "symbol": "ADA-USD"}, {"trade_id": 143776984, "side": "buy", "size": "7171.29470409", "price": "0.73740000", "time": "2025-07-15T22:30:58.123716Z", "fetched_at": "2025-07-15T22:39:32.753891+00:00", "symbol": "ADA-USD"}, {"trade_id": 143776983, "side": "buy", "size": "22.96013072", "price": "0.73750000", "time": "2025-07-15T22:30:55.537831Z", "fetched_at": "2025-07-15T22:39:32.753891+00:00", "symbol": "ADA-USD"}, {"trade_id": 143776982, "side": "buy", "size": "1.50000000", "price": "0.73750000", "time": "2025-07-15T22:30:55.537831Z", "fetched_at": "2025-07-15T22:39:32.753891+00:00", "symbol": "ADA-USD"}, {"trade_id": 143776981, "side": "sell", "size": "6.71095400", "price": "0.73760000", "time": "2025-07-15T22:30:54.319264Z", "fetched_at": "2025-07-15T22:39:32.753891+00:00", "symbol": "ADA-USD"}, {"trade_id": 143776980, "side": "sell", "size": "33.54113000", "price": "0.73760000", "time": "2025-07-15T22:30:52.707495Z", "fetched_at": "2025-07-15T22:39:32.753891+00:00", "symbol": "ADA-USD"}, {"trade_id": 143776979, "side": "sell", "size": "1.34219100", "price": "0.73760000", "time": "2025-07-15T22:30:49.642351Z", "fetched_at": "2025-07-15T22:39:32.753891+00:00", "symbol": "ADA-USD"}, {"trade_id": 143776978, "side": "buy", "size": "20.60365489", "price": "0.73760000", "time": "2025-07-15T22:30:44.043607Z", "fetched_at": "2025-07-15T22:39:32.753891+00:00", "symbol": "ADA-USD"}, {"trade_id": 143776977, "side": "buy", "size": "1.50000000", "price": "0.73760000", "time": "2025-07-15T22:30:44.043607Z", "fetched_at": "2025-07-15T22:39:32.753891+00:00", "symbol": "ADA-USD"}