[{"trade_id": 143813865, "side": "buy", "size": "31.20255560", "price": "0.74610000", "time": "2025-07-16T08:10:49.380008Z", "fetched_at": "2025-07-16T08:10:49.731166+00:00", "symbol": "ADA-USD"}, {"trade_id": 143813864, "side": "buy", "size": "2.01045436", "price": "0.74610000", "time": "2025-07-16T08:10:49.380008Z", "fetched_at": "2025-07-16T08:10:49.731166+00:00", "symbol": "ADA-USD"}, {"trade_id": 143813863, "side": "buy", "size": "2.00991558", "price": "0.74610000", "time": "2025-07-16T08:10:49.380008Z", "fetched_at": "2025-07-16T08:10:49.731166+00:00", "symbol": "ADA-USD"}, {"trade_id": 143813862, "side": "buy", "size": "1.50000000", "price": "0.74610000", "time": "2025-07-16T08:10:49.380008Z", "fetched_at": "2025-07-16T08:10:49.731166+00:00", "symbol": "ADA-USD"}, {"trade_id": 143813861, "side": "buy", "size": "29.52637899", "price": "0.74620000", "time": "2025-07-16T08:10:44.304609Z", "fetched_at": "2025-07-16T08:10:49.731166+00:00", "symbol": "ADA-USD"}, {"trade_id": 143813860, "side": "buy", "size": "1.50000000", "price": "0.74620000", "time": "2025-07-16T08:10:44.304609Z", "fetched_at": "2025-07-16T08:10:49.731166+00:00", "symbol": "ADA-USD"}, {"trade_id": 143813859, "side": "buy", "size": "92.12888984", "price": "0.74630000", "time": "2025-07-16T08:10:40.611080Z", "fetched_at": "2025-07-16T08:10:49.731166+00:00", "symbol": "ADA-USD"}, {"trade_id": 143813858, "side": "buy", "size": "174.16379541", "price": "0.74640000", "time": "2025-07-16T08:10:40.329208Z", "fetched_at": "2025-07-16T08:10:49.731166+00:00", "symbol": "ADA-USD"}, {"trade_id": 143813857, "side": "sell", "size": "119.52956180", "price": "0.74640000", "time": "2025-07-16T08:10:33.917695Z", "fetched_at": "2025-07-16T08:10:49.731166+00:00", "symbol": "ADA-USD"}, {"trade_id": 143813856, "side": "sell", "size": "54.69259000", "price": "0.74640000", "time": "2025-07-16T08:10:33.913847Z", "fetched_at": "2025-07-16T08:10:49.731166+00:00", "symbol": "ADA-USD"}, {"trade_id": 143813855, "side": "sell", "size": "1.50000000", "price": "0.74640000", "time": "2025-07-16T08:10:33.913847Z", "fetched_at": "2025-07-16T08:10:49.731166+00:00", "symbol": "ADA-USD"}, {"trade_id": 143813854, "side": "sell", "size": "38.64054825", "price": "0.74630000", "time": "2025-07-16T08:10:33.070460Z", "fetched_at": "2025-07-16T08:10:49.731166+00:00", "symbol": "ADA-USD"}, {"trade_id": 143813853, "side": "sell", "size": "135.57000000", "price": "0.74630000", "time": "2025-07-16T08:10:33.067086Z", "fetched_at": "2025-07-16T08:10:49.731166+00:00", "symbol": "ADA-USD"}, {"trade_id": 143813852, "side": "sell", "size": "82.50028000", "price": "0.74630000", "time": "2025-07-16T08:10:33.059680Z", "fetched_at": "2025-07-16T08:10:49.731166+00:00", "symbol": "ADA-USD"}, {"trade_id": 143813851, "side": "buy", "size": "9.27772345", "price": "0.74620000", "time": "2025-07-16T08:10:18.120844Z", "fetched_at": "2025-07-16T08:10:49.731166+00:00", "symbol": "ADA-USD"}, {"trade_id": 143813850, "side": "buy", "size": "9.27772345", "price": "0.74620000", "time": "2025-07-16T08:10:18.109901Z", "fetched_at": "2025-07-16T08:10:49.731166+00:00", "symbol": "ADA-USD"}, {"trade_id": 143813849, "side": "buy", "size": "1.50000000", "price": "0.74620000", "time": "2025-07-16T08:10:18.109901Z", "fetched_at": "2025-07-16T08:10:49.731166+00:00", "symbol": "ADA-USD"}, {"trade_id": 143813848, "side": "buy", "size": "9.18328491", "price": "0.74630000", "time": "2025-07-16T08:10:18.070156Z", "fetched_at": "2025-07-16T08:10:49.731166+00:00", "symbol": "ADA-USD"}, {"trade_id": 143813847, "side": "buy", "size": "1.50000000", "price": "0.74630000", "time": "2025-07-16T08:10:18.070156Z", "fetched_at": "2025-07-16T08:10:49.731166+00:00", "symbol": "ADA-USD"}, {"trade_id": 143813846, "side": "buy", "size": "10.42266652", "price": "0.74640000", "time": "2025-07-16T08:10:15.750037Z", "fetched_at": "2025-07-16T08:10:49.731166+00:00", "symbol": "ADA-USD"}, {"trade_id": 143813845, "side": "buy", "size": "12.47907185", "price": "0.74640000", "time": "2025-07-16T08:10:14.729314Z", "fetched_at": "2025-07-16T08:10:49.731166+00:00", "symbol": "ADA-USD"}, {"trade_id": 143813844, "side": "buy", "size": "12.47907185", "price": "0.74640000", "time": "2025-07-16T08:10:14.717601Z", "fetched_at": "2025-07-16T08:10:49.731166+00:00", "symbol": "ADA-USD"}, {"trade_id": 143813843, "side": "buy", "size": "3.40110946", "price": "0.74640000", "time": "2025-07-16T08:10:13.576077Z", "fetched_at": "2025-07-16T08:10:49.731166+00:00", "symbol": "ADA-USD"}, {"trade_id": 143813842, "side": "buy", "size": "17.00554733", "price": "0.74640000", "time": "2025-07-16T08:10:13.557615Z", "fetched_at": "2025-07-16T08:10:49.731166+00:00", "symbol": "ADA-USD"}, {"trade_id": 143813841, "side": "buy", "size": "17.00554733", "price": "0.74640000", "time": "2025-07-16T08:10:13.546257Z", "fetched_at": "2025-07-16T08:10:49.731166+00:00", "symbol": "ADA-USD"}, {"trade_id": 143813840, "side": "buy", "size": "71.16355005", "price": "0.74640000", "time": "2025-07-16T08:10:13.508004Z", "fetched_at": "2025-07-16T08:10:49.731166+00:00", "symbol": "ADA-USD"}, {"trade_id": 143813839, "side": "buy", "size": "13.86418656", "price": "0.74640000", "time": "2025-07-16T08:10:13.508004Z", "fetched_at": "2025-07-16T08:10:49.731166+00:00", "symbol": "ADA-USD"}, {"trade_id": 143813838, "side": "buy", "size": "19.77207679", "price": "0.74640000", "time": "2025-07-16T08:10:09.259908Z", "fetched_at": "2025-07-16T08:10:49.731166+00:00", "symbol": "ADA-USD"}, {"trade_id": 143813837, "side": "buy", "size": "19.84596552", "price": "0.74640000", "time": "2025-07-16T08:10:09.217901Z", "fetched_at": "2025-07-16T08:10:49.731166+00:00", "symbol": "ADA-USD"}, {"trade_id": 143813836, "side": "buy", "size": "24.24282662", "price": "0.74640000", "time": "2025-07-16T08:10:07.548651Z", "fetched_at": "2025-07-16T08:10:49.731166+00:00", "symbol": "ADA-USD"}, {"trade_id": 143813835, "side": "buy", "size": "1.50000000", "price": "0.74640000", "time": "2025-07-16T08:10:07.548651Z", "fetched_at": "2025-07-16T08:10:49.731166+00:00", "symbol": "ADA-USD"}, {"trade_id": 143813834, "side": "buy", "size": "0.00000297", "price": "0.74650000", "time": "2025-07-16T08:10:07.332348Z", "fetched_at": "2025-07-16T08:10:49.731166+00:00", "symbol": "ADA-USD"}, {"trade_id": 143813833, "side": "buy", "size": "37.10508000", "price": "0.74650000", "time": "2025-07-16T08:10:07.327490Z", "fetched_at": "2025-07-16T08:10:49.731166+00:00", "symbol": "ADA-USD"}, {"trade_id": 143813832, "side": "sell", "size": "17.55733400", "price": "0.74670000", "time": "2025-07-16T08:09:54.814747Z", "fetched_at": "2025-07-16T08:10:49.731166+00:00", "symbol": "ADA-USD"}, {"trade_id": 143813831, "side": "sell", "size": "1.50000000", "price": "0.74670000", "time": "2025-07-16T08:09:54.814747Z", "fetched_at": "2025-07-16T08:10:49.731166+00:00", "symbol": "ADA-USD"}, {"trade_id": 143813830, "side": "sell", "size": "30.79996800", "price": "0.74660000", "time": "2025-07-16T08:09:54.148810Z", "fetched_at": "2025-07-16T08:10:49.731166+00:00", "symbol": "ADA-USD"}, {"trade_id": 143813829, "side": "sell", "size": "1.50000000", "price": "0.74660000", "time": "2025-07-16T08:09:54.148810Z", "fetched_at": "2025-07-16T08:10:49.731166+00:00", "symbol": "ADA-USD"}, {"trade_id": 143813828, "side": "sell", "size": "174.15197230", "price": "0.74650000", "time": "2025-07-16T08:09:53.115089Z", "fetched_at": "2025-07-16T08:10:49.731166+00:00", "symbol": "ADA-USD"}, {"trade_id": 143813827, "side": "sell", "size": "11.76188900", "price": "0.74650000", "time": "2025-07-16T08:09:51.598176Z", "fetched_at": "2025-07-16T08:10:49.731166+00:00", "symbol": "ADA-USD"}, {"trade_id": 143813826, "side": "sell", "size": "1.50000000", "price": "0.74650000", "time": "2025-07-16T08:09:51.598176Z", "fetched_at": "2025-07-16T08:10:49.731166+00:00", "symbol": "ADA-USD"}, {"trade_id": 143813825, "side": "buy", "size": "6.92267316", "price": "0.74640000", "time": "2025-07-16T08:09:44.273830Z", "fetched_at": "2025-07-16T08:10:49.731166+00:00", "symbol": "ADA-USD"}, {"trade_id": 143813824, "side": "buy", "size": "6.84135254", "price": "0.74640000", "time": "2025-07-16T08:09:44.263283Z", "fetched_at": "2025-07-16T08:10:49.731166+00:00", "symbol": "ADA-USD"}, {"trade_id": 143813823, "side": "sell", "size": "0.10000000", "price": "0.74650000", "time": "2025-07-16T08:09:39.777120Z", "fetched_at": "2025-07-16T08:10:49.731166+00:00", "symbol": "ADA-USD"}, {"trade_id": 143813822, "side": "buy", "size": "6.66442025", "price": "0.74630000", "time": "2025-07-16T08:09:31.804063Z", "fetched_at": "2025-07-16T08:10:49.731166+00:00", "symbol": "ADA-USD"}, {"trade_id": 143813821, "side": "buy", "size": "7.38105603", "price": "0.74630000", "time": "2025-07-16T08:09:27.171308Z", "fetched_at": "2025-07-16T08:10:49.731166+00:00", "symbol": "ADA-USD"}, {"trade_id": 143813820, "side": "buy", "size": "2.00991558", "price": "0.74630000", "time": "2025-07-16T08:09:27.171308Z", "fetched_at": "2025-07-16T08:10:49.731166+00:00", "symbol": "ADA-USD"}, {"trade_id": 143813819, "side": "buy", "size": "1.50000000", "price": "0.74630000", "time": "2025-07-16T08:09:27.171308Z", "fetched_at": "2025-07-16T08:10:49.731166+00:00", "symbol": "ADA-USD"}, {"trade_id": 143813818, "side": "buy", "size": "7.72919878", "price": "0.74640000", "time": "2025-07-16T08:09:27.091305Z", "fetched_at": "2025-07-16T08:10:49.731166+00:00", "symbol": "ADA-USD"}, {"trade_id": 143813817, "side": "buy", "size": "1.50000000", "price": "0.74640000", "time": "2025-07-16T08:09:27.091305Z", "fetched_at": "2025-07-16T08:10:49.731166+00:00", "symbol": "ADA-USD"}, {"trade_id": 143813816, "side": "buy", "size": "7.38171579", "price": "0.74650000", "time": "2025-07-16T08:09:26.758709Z", "fetched_at": "2025-07-16T08:10:49.731166+00:00", "symbol": "ADA-USD"}, {"trade_id": 143813815, "side": "buy", "size": "7.78966624", "price": "0.74660000", "time": "2025-07-16T08:09:24.796420Z", "fetched_at": "2025-07-16T08:10:49.731166+00:00", "symbol": "ADA-USD"}, {"trade_id": 143813814, "side": "buy", "size": "2.89256394", "price": "0.74660000", "time": "2025-07-16T08:09:15.415677Z", "fetched_at": "2025-07-16T08:10:49.731166+00:00", "symbol": "ADA-USD"}, {"trade_id": 143813813, "side": "buy", "size": "2.89256394", "price": "0.74660000", "time": "2025-07-16T08:09:15.401952Z", "fetched_at": "2025-07-16T08:10:49.731166+00:00", "symbol": "ADA-USD"}, {"trade_id": 143813812, "side": "sell", "size": "174.17540360", "price": "0.74660000", "time": "2025-07-16T08:09:13.095521Z", "fetched_at": "2025-07-16T08:10:49.731166+00:00", "symbol": "ADA-USD"}, {"trade_id": 143813811, "side": "sell", "size": "1.50000000", "price": "0.74660000", "time": "2025-07-16T08:09:13.095521Z", "fetched_at": "2025-07-16T08:10:49.731166+00:00", "symbol": "ADA-USD"}, {"trade_id": 143813810, "side": "sell", "size": "2510.53606397", "price": "0.74650000", "time": "2025-07-16T08:09:09.048988Z", "fetched_at": "2025-07-16T08:10:49.731166+00:00", "symbol": "ADA-USD"}, {"trade_id": 143813809, "side": "sell", "size": "2352.06393603", "price": "0.74650000", "time": "2025-07-16T08:09:09.048750Z", "fetched_at": "2025-07-16T08:10:49.731166+00:00", "symbol": "ADA-USD"}, {"trade_id": 143813808, "side": "buy", "size": "3.02591567", "price": "0.74640000", "time": "2025-07-16T08:09:04.918788Z", "fetched_at": "2025-07-16T08:10:49.731166+00:00", "symbol": "ADA-USD"}, {"trade_id": 143813807, "side": "buy", "size": "2.77534097", "price": "0.74640000", "time": "2025-07-16T08:09:04.902053Z", "fetched_at": "2025-07-16T08:10:49.731166+00:00", "symbol": "ADA-USD"}, {"trade_id": 143813806, "side": "buy", "size": "2.66007245", "price": "0.74640000", "time": "2025-07-16T08:08:57.195817Z", "fetched_at": "2025-07-16T08:10:49.731166+00:00", "symbol": "ADA-USD"}, {"trade_id": 143813805, "side": "buy", "size": "2.64831512", "price": "0.74640000", "time": "2025-07-16T08:08:57.136678Z", "fetched_at": "2025-07-16T08:10:49.731166+00:00", "symbol": "ADA-USD"}, {"trade_id": 143813804, "side": "sell", "size": "2.65237800", "price": "0.74640000", "time": "2025-07-16T08:08:54.959810Z", "fetched_at": "2025-07-16T08:10:49.731166+00:00", "symbol": "ADA-USD"}, {"trade_id": 143813803, "side": "sell", "size": "12.93034200", "price": "0.74640000", "time": "2025-07-16T08:08:51.817857Z", "fetched_at": "2025-07-16T08:10:49.731166+00:00", "symbol": "ADA-USD"}, {"trade_id": 143813802, "side": "buy", "size": "2.76449745", "price": "0.74640000", "time": "2025-07-16T08:08:50.133893Z", "fetched_at": "2025-07-16T08:10:49.731166+00:00", "symbol": "ADA-USD"}, {"trade_id": 143813801, "side": "sell", "size": "408.53852144", "price": "0.74650000", "time": "2025-07-16T08:08:43.710327Z", "fetched_at": "2025-07-16T08:10:49.731166+00:00", "symbol": "ADA-USD"}, {"trade_id": 143813800, "side": "sell", "size": "27.09979956", "price": "0.74650000", "time": "2025-07-16T08:08:43.710327Z", "fetched_at": "2025-07-16T08:10:49.731166+00:00", "symbol": "ADA-USD"}, {"trade_id": 143813799, "side": "buy", "size": "2.59978581", "price": "0.74650000", "time": "2025-07-16T08:08:43.271029Z", "fetched_at": "2025-07-16T08:10:49.731166+00:00", "symbol": "ADA-USD"}, {"trade_id": 143813798, "side": "buy", "size": "487.70773983", "price": "0.74630000", "time": "2025-07-16T08:08:41.507846Z", "fetched_at": "2025-07-16T08:10:49.731166+00:00", "symbol": "ADA-USD"}, {"trade_id": 143813797, "side": "buy", "size": "1.50000000", "price": "0.74630000", "time": "2025-07-16T08:08:41.507846Z", "fetched_at": "2025-07-16T08:10:49.731166+00:00", "symbol": "ADA-USD"}, {"trade_id": 143813796, "side": "buy", "size": "236.55248000", "price": "0.74640000", "time": "2025-07-16T08:08:41.507846Z", "fetched_at": "2025-07-16T08:10:49.731166+00:00", "symbol": "ADA-USD"}, {"trade_id": 143813795, "side": "buy", "size": "50.00000000", "price": "0.74640000", "time": "2025-07-16T08:08:41.507846Z", "fetched_at": "2025-07-16T08:10:49.731166+00:00", "symbol": "ADA-USD"}, {"trade_id": 143813794, "side": "buy", "size": "2.73978017", "price": "0.74640000", "time": "2025-07-16T08:08:41.507846Z", "fetched_at": "2025-07-16T08:10:49.731166+00:00", "symbol": "ADA-USD"}, {"trade_id": 143813793, "side": "buy", "size": "1.50000000", "price": "0.74640000", "time": "2025-07-16T08:08:41.507846Z", "fetched_at": "2025-07-16T08:10:49.731166+00:00", "symbol": "ADA-USD"}, {"trade_id": 143813792, "side": "buy", "size": "3.11685770", "price": "0.74650000", "time": "2025-07-16T08:08:40.573725Z", "fetched_at": "2025-07-16T08:10:49.731166+00:00", "symbol": "ADA-USD"}, {"trade_id": 143813791, "side": "buy", "size": "2.67240436", "price": "0.74650000", "time": "2025-07-16T08:08:33.730694Z", "fetched_at": "2025-07-16T08:10:49.731166+00:00", "symbol": "ADA-USD"}, {"trade_id": 143813790, "side": "buy", "size": "2.79174083", "price": "0.74660000", "time": "2025-07-16T08:08:29.056046Z", "fetched_at": "2025-07-16T08:10:49.731166+00:00", "symbol": "ADA-USD"}, {"trade_id": 143813789, "side": "sell", "size": "46.58638857", "price": "0.74660000", "time": "2025-07-16T08:08:27.750183Z", "fetched_at": "2025-07-16T08:10:49.731166+00:00", "symbol": "ADA-USD"}, {"trade_id": 143813788, "side": "sell", "size": "127.56578000", "price": "0.74660000", "time": "2025-07-16T08:08:27.739021Z", "fetched_at": "2025-07-16T08:10:49.731166+00:00", "symbol": "ADA-USD"}, {"trade_id": 143813787, "side": "sell", "size": "1.50000000", "price": "0.74660000", "time": "2025-07-16T08:08:27.739021Z", "fetched_at": "2025-07-16T08:10:49.731166+00:00", "symbol": "ADA-USD"}, {"trade_id": 143813786, "side": "sell", "size": "22.68820428", "price": "0.74650000", "time": "2025-07-16T08:08:27.726517Z", "fetched_at": "2025-07-16T08:10:49.731166+00:00", "symbol": "ADA-USD"}, {"trade_id": 143813785, "side": "buy", "size": "1.50000000", "price": "0.74640000", "time": "2025-07-16T08:08:24.762566Z", "fetched_at": "2025-07-16T08:10:49.731166+00:00", "symbol": "ADA-USD"}, {"trade_id": 143813784, "side": "sell", "size": "3513.03617797", "price": "0.74660000", "time": "2025-07-16T08:08:23.200965Z", "fetched_at": "2025-07-16T08:10:49.731166+00:00", "symbol": "ADA-USD"}, {"trade_id": 143813783, "side": "sell", "size": "505.71802203", "price": "0.74650000", "time": "2025-07-16T08:08:23.200965Z", "fetched_at": "2025-07-16T08:10:49.731166+00:00", "symbol": "ADA-USD"}, {"trade_id": 143813782, "side": "sell", "size": "229.36253078", "price": "0.74650000", "time": "2025-07-16T08:08:20.893587Z", "fetched_at": "2025-07-16T08:10:49.731166+00:00", "symbol": "ADA-USD"}, {"trade_id": 143813781, "side": "sell", "size": "557.06225431", "price": "0.74650000", "time": "2025-07-16T08:08:20.893587Z", "fetched_at": "2025-07-16T08:10:49.731166+00:00", "symbol": "ADA-USD"}, {"trade_id": 143813780, "side": "sell", "size": "594.00000000", "price": "0.74650000", "time": "2025-07-16T08:08:20.893587Z", "fetched_at": "2025-07-16T08:10:49.731166+00:00", "symbol": "ADA-USD"}, {"trade_id": 143813779, "side": "sell", "size": "175.95328000", "price": "0.74650000", "time": "2025-07-16T08:08:20.893587Z", "fetched_at": "2025-07-16T08:10:49.731166+00:00", "symbol": "ADA-USD"}, {"trade_id": 143813778, "side": "sell", "size": "50.00000000", "price": "0.74650000", "time": "2025-07-16T08:08:20.893587Z", "fetched_at": "2025-07-16T08:10:49.731166+00:00", "symbol": "ADA-USD"}, {"trade_id": 143813777, "side": "sell", "size": "30.25093904", "price": "0.74650000", "time": "2025-07-16T08:08:20.893587Z", "fetched_at": "2025-07-16T08:10:49.731166+00:00", "symbol": "ADA-USD"}, {"trade_id": 143813776, "side": "sell", "size": "100.59028923", "price": "0.74650000", "time": "2025-07-16T08:08:20.893587Z", "fetched_at": "2025-07-16T08:10:49.731166+00:00", "symbol": "ADA-USD"}, {"trade_id": 143813775, "side": "buy", "size": "1.46512077", "price": "0.74650000", "time": "2025-07-16T08:08:20.418432Z", "fetched_at": "2025-07-16T08:10:49.731166+00:00", "symbol": "ADA-USD"}, {"trade_id": 143813774, "side": "buy", "size": "191.15415251", "price": "0.74650000", "time": "2025-07-16T08:08:18.228764Z", "fetched_at": "2025-07-16T08:10:49.731166+00:00", "symbol": "ADA-USD"}, {"trade_id": 143813773, "side": "buy", "size": "1.47382749", "price": "0.74650000", "time": "2025-07-16T08:08:18.228764Z", "fetched_at": "2025-07-16T08:10:49.731166+00:00", "symbol": "ADA-USD"}, {"trade_id": 143813772, "side": "buy", "size": "1.50000000", "price": "0.74650000", "time": "2025-07-16T08:08:18.228764Z", "fetched_at": "2025-07-16T08:10:49.731166+00:00", "symbol": "ADA-USD"}, {"trade_id": 143813771, "side": "buy", "size": "1.49156538", "price": "0.74660000", "time": "2025-07-16T08:08:17.489777Z", "fetched_at": "2025-07-16T08:10:49.731166+00:00", "symbol": "ADA-USD"}, {"trade_id": 143813770, "side": "buy", "size": "1.49205730", "price": "0.74660000", "time": "2025-07-16T08:08:16.889657Z", "fetched_at": "2025-07-16T08:10:49.731166+00:00", "symbol": "ADA-USD"}, {"trade_id": 143813769, "side": "buy", "size": "1.51767777", "price": "0.74670000", "time": "2025-07-16T08:08:16.099162Z", "fetched_at": "2025-07-16T08:10:49.731166+00:00", "symbol": "ADA-USD"}, {"trade_id": 143813768, "side": "buy", "size": "19.81863029", "price": "0.74660000", "time": "2025-07-16T08:08:05.805833Z", "fetched_at": "2025-07-16T08:10:49.731166+00:00", "symbol": "ADA-USD"}, {"trade_id": 143813767, "side": "buy", "size": "1.51122471", "price": "0.74660000", "time": "2025-07-16T08:08:05.805833Z", "fetched_at": "2025-07-16T08:10:49.731166+00:00", "symbol": "ADA-USD"}, {"trade_id": 143813766, "side": "sell", "size": "141.25413229", "price": "0.74670000", "time": "2025-07-16T08:08:04.763507Z", "fetched_at": "2025-07-16T08:10:49.731166+00:00", "symbol": "ADA-USD"}, {"trade_id": 143813765, "side": "sell", "size": "594.00000000", "price": "0.74670000", "time": "2025-07-16T08:08:04.763507Z", "fetched_at": "2025-07-16T08:10:49.731166+00:00", "symbol": "ADA-USD"}, {"trade_id": 143813764, "side": "sell", "size": "500.00000000", "price": "0.74670000", "time": "2025-07-16T08:08:04.763507Z", "fetched_at": "2025-07-16T08:10:49.731166+00:00", "symbol": "ADA-USD"}, {"trade_id": 143813763, "side": "sell", "size": "263.92992000", "price": "0.74670000", "time": "2025-07-16T08:08:04.763507Z", "fetched_at": "2025-07-16T08:10:49.731166+00:00", "symbol": "ADA-USD"}, {"trade_id": 143813762, "side": "sell", "size": "594.00000000", "price": "0.74660000", "time": "2025-07-16T08:08:04.763507Z", "fetched_at": "2025-07-16T08:10:49.731166+00:00", "symbol": "ADA-USD"}, {"trade_id": 143813761, "side": "sell", "size": "41.12545962", "price": "0.74660000", "time": "2025-07-16T08:08:04.763507Z", "fetched_at": "2025-07-16T08:10:49.731166+00:00", "symbol": "ADA-USD"}, {"trade_id": 143813760, "side": "buy", "size": "1.68301383", "price": "0.74660000", "time": "2025-07-16T08:08:02.771061Z", "fetched_at": "2025-07-16T08:10:49.731166+00:00", "symbol": "ADA-USD"}, {"trade_id": 143813759, "side": "buy", "size": "1.50000000", "price": "0.74660000", "time": "2025-07-16T08:08:02.771061Z", "fetched_at": "2025-07-16T08:10:49.731166+00:00", "symbol": "ADA-USD"}, {"trade_id": 143813758, "side": "buy", "size": "1.68424078", "price": "0.74670000", "time": "2025-07-16T08:08:02.732462Z", "fetched_at": "2025-07-16T08:10:49.731166+00:00", "symbol": "ADA-USD"}, {"trade_id": 143813757, "side": "buy", "size": "1.50000000", "price": "0.74670000", "time": "2025-07-16T08:08:02.732462Z", "fetched_at": "2025-07-16T08:10:49.731166+00:00", "symbol": "ADA-USD"}, {"trade_id": 143813756, "side": "buy", "size": "1.68414373", "price": "0.74680000", "time": "2025-07-16T08:08:02.458046Z", "fetched_at": "2025-07-16T08:10:49.731166+00:00", "symbol": "ADA-USD"}, {"trade_id": 143813755, "side": "buy", "size": "1.50000000", "price": "0.74680000", "time": "2025-07-16T08:08:02.458046Z", "fetched_at": "2025-07-16T08:10:49.731166+00:00", "symbol": "ADA-USD"}, {"trade_id": 143813754, "side": "buy", "size": "0.00000837", "price": "0.74710000", "time": "2025-07-16T08:08:00.032134Z", "fetched_at": "2025-07-16T08:10:49.731166+00:00", "symbol": "ADA-USD"}, {"trade_id": 143813753, "side": "buy", "size": "98.98389000", "price": "0.74710000", "time": "2025-07-16T08:07:59.911364Z", "fetched_at": "2025-07-16T08:10:49.731166+00:00", "symbol": "ADA-USD"}, {"trade_id": 143813752, "side": "buy", "size": "98.98389000", "price": "0.74710000", "time": "2025-07-16T08:07:59.900719Z", "fetched_at": "2025-07-16T08:10:49.731166+00:00", "symbol": "ADA-USD"}, {"trade_id": 143813751, "side": "buy", "size": "55.70447000", "price": "0.74710000", "time": "2025-07-16T08:07:59.699003Z", "fetched_at": "2025-07-16T08:10:49.731166+00:00", "symbol": "ADA-USD"}, {"trade_id": 143813750, "side": "buy", "size": "43.27942703", "price": "0.74710000", "time": "2025-07-16T08:07:59.695127Z", "fetched_at": "2025-07-16T08:10:49.731166+00:00", "symbol": "ADA-USD"}, {"trade_id": 143813749, "side": "buy", "size": "43.27942703", "price": "0.74710000", "time": "2025-07-16T08:07:59.683842Z", "fetched_at": "2025-07-16T08:10:49.731166+00:00", "symbol": "ADA-USD"}, {"trade_id": 143813748, "side": "buy", "size": "98.98389000", "price": "0.74710000", "time": "2025-07-16T08:07:59.674662Z", "fetched_at": "2025-07-16T08:10:49.731166+00:00", "symbol": "ADA-USD"}, {"trade_id": 143813747, "side": "buy", "size": "94.58369000", "price": "0.74710000", "time": "2025-07-16T08:07:59.662152Z", "fetched_at": "2025-07-16T08:10:49.731166+00:00", "symbol": "ADA-USD"}, {"trade_id": 143813746, "side": "sell", "size": "1.32530100", "price": "0.74730000", "time": "2025-07-16T08:07:54.561591Z", "fetched_at": "2025-07-16T08:10:49.731166+00:00", "symbol": "ADA-USD"}, {"trade_id": 143813745, "side": "sell", "size": "84.95170000", "price": "0.74720000", "time": "2025-07-16T08:07:51.544548Z", "fetched_at": "2025-07-16T08:10:49.731166+00:00", "symbol": "ADA-USD"}, {"trade_id": 143813744, "side": "sell", "size": "89.08371177", "price": "0.74720000", "time": "2025-07-16T08:07:51.539935Z", "fetched_at": "2025-07-16T08:10:49.731166+00:00", "symbol": "ADA-USD"}, {"trade_id": 143813743, "side": "sell", "size": "1.41648823", "price": "0.74720000", "time": "2025-07-16T08:07:51.539935Z", "fetched_at": "2025-07-16T08:10:49.731166+00:00", "symbol": "ADA-USD"}, {"trade_id": 143813742, "side": "sell", "size": "0.08351177", "price": "0.74720000", "time": "2025-07-16T08:07:47.781569Z", "fetched_at": "2025-07-16T08:10:49.731166+00:00", "symbol": "ADA-USD"}, {"trade_id": 143813741, "side": "sell", "size": "607.39363260", "price": "0.74710000", "time": "2025-07-16T08:07:47.353475Z", "fetched_at": "2025-07-16T08:10:49.731166+00:00", "symbol": "ADA-USD"}, {"trade_id": 143813740, "side": "sell", "size": "174.03557064", "price": "0.74710000", "time": "2025-07-16T08:07:47.353475Z", "fetched_at": "2025-07-16T08:10:49.731166+00:00", "symbol": "ADA-USD"}, {"trade_id": 143813739, "side": "sell", "size": "1.50000000", "price": "0.74710000", "time": "2025-07-16T08:07:47.353475Z", "fetched_at": "2025-07-16T08:10:49.731166+00:00", "symbol": "ADA-USD"}, {"trade_id": 143813738, "side": "sell", "size": "1.50000000", "price": "0.74700000", "time": "2025-07-16T08:07:47.291400Z", "fetched_at": "2025-07-16T08:10:49.731166+00:00", "symbol": "ADA-USD"}, {"trade_id": 143813737, "side": "sell", "size": "2469.26797596", "price": "0.74680000", "time": "2025-07-16T08:07:38.980459Z", "fetched_at": "2025-07-16T08:10:49.731166+00:00", "symbol": "ADA-USD"}, {"trade_id": 143813736, "side": "buy", "size": "5.11551400", "price": "0.74680000", "time": "2025-07-16T08:07:27.817320Z", "fetched_at": "2025-07-16T08:10:49.731166+00:00", "symbol": "ADA-USD"}, {"trade_id": 143813735, "side": "buy", "size": "2691.90782446", "price": "0.74670000", "time": "2025-07-16T08:07:26.100461Z", "fetched_at": "2025-07-16T08:10:49.731166+00:00", "symbol": "ADA-USD"}, {"trade_id": 143813734, "side": "buy", "size": "337.05250619", "price": "0.74670000", "time": "2025-07-16T08:07:26.100461Z", "fetched_at": "2025-07-16T08:10:49.731166+00:00", "symbol": "ADA-USD"}, {"trade_id": 143813733, "side": "buy", "size": "65.84539959", "price": "0.74680000", "time": "2025-07-16T08:07:26.100461Z", "fetched_at": "2025-07-16T08:10:49.731166+00:00", "symbol": "ADA-USD"}, {"trade_id": 143813732, "side": "buy", "size": "5.19426976", "price": "0.74690000", "time": "2025-07-16T08:07:26.100461Z", "fetched_at": "2025-07-16T08:10:49.731166+00:00", "symbol": "ADA-USD"}, {"trade_id": 143813731, "side": "buy", "size": "231.69014235", "price": "0.74670000", "time": "2025-07-16T08:07:19.341691Z", "fetched_at": "2025-07-16T08:10:49.731166+00:00", "symbol": "ADA-USD"}, {"trade_id": 143813730, "side": "buy", "size": "682.09828852", "price": "0.74670000", "time": "2025-07-16T08:07:19.341691Z", "fetched_at": "2025-07-16T08:10:49.731166+00:00", "symbol": "ADA-USD"}, {"trade_id": 143813729, "side": "buy", "size": "594.00000000", "price": "0.74670000", "time": "2025-07-16T08:07:19.341691Z", "fetched_at": "2025-07-16T08:10:49.731166+00:00", "symbol": "ADA-USD"}, {"trade_id": 143813728, "side": "buy", "size": "1.50000000", "price": "0.74670000", "time": "2025-07-16T08:07:19.341691Z", "fetched_at": "2025-07-16T08:10:49.731166+00:00", "symbol": "ADA-USD"}, {"trade_id": 143813727, "side": "buy", "size": "1708.71129000", "price": "0.74680000", "time": "2025-07-16T08:07:19.341691Z", "fetched_at": "2025-07-16T08:10:49.731166+00:00", "symbol": "ADA-USD"}, {"trade_id": 143813726, "side": "buy", "size": "640.76991205", "price": "0.74680000", "time": "2025-07-16T08:07:19.341691Z", "fetched_at": "2025-07-16T08:10:49.731166+00:00", "symbol": "ADA-USD"}, {"trade_id": 143813725, "side": "buy", "size": "275.69095044", "price": "0.74680000", "time": "2025-07-16T08:07:19.341691Z", "fetched_at": "2025-07-16T08:10:49.731166+00:00", "symbol": "ADA-USD"}, {"trade_id": 143813724, "side": "buy", "size": "1.50000000", "price": "0.74680000", "time": "2025-07-16T08:07:19.341691Z", "fetched_at": "2025-07-16T08:10:49.731166+00:00", "symbol": "ADA-USD"}, {"trade_id": 143813723, "side": "buy", "size": "5.96955564", "price": "0.74690000", "time": "2025-07-16T08:07:19.341691Z", "fetched_at": "2025-07-16T08:10:49.731166+00:00", "symbol": "ADA-USD"}, {"trade_id": 143813722, "side": "buy", "size": "6.52579752", "price": "0.74700000", "time": "2025-07-16T08:07:17.532540Z", "fetched_at": "2025-07-16T08:10:49.731166+00:00", "symbol": "ADA-USD"}, {"trade_id": 143813721, "side": "buy", "size": "7.08563763", "price": "0.74700000", "time": "2025-07-16T08:07:14.742313Z", "fetched_at": "2025-07-16T08:10:49.731166+00:00", "symbol": "ADA-USD"}, {"trade_id": 143813720, "side": "buy", "size": "7.46278605", "price": "0.74700000", "time": "2025-07-16T08:07:14.715704Z", "fetched_at": "2025-07-16T08:10:49.731166+00:00", "symbol": "ADA-USD"}, {"trade_id": 143813719, "side": "buy", "size": "7.45862779", "price": "0.74710000", "time": "2025-07-16T08:07:14.582765Z", "fetched_at": "2025-07-16T08:10:49.731166+00:00", "symbol": "ADA-USD"}, {"trade_id": 143813718, "side": "buy", "size": "173.97732454", "price": "0.74720000", "time": "2025-07-16T08:07:07.080594Z", "fetched_at": "2025-07-16T08:10:49.731166+00:00", "symbol": "ADA-USD"}, {"trade_id": 143813717, "side": "buy", "size": "4801.60000000", "price": "0.74720000", "time": "2025-07-16T08:07:07.080594Z", "fetched_at": "2025-07-16T08:10:49.731166+00:00", "symbol": "ADA-USD"}, {"trade_id": 143813716, "side": "buy", "size": "173.95404375", "price": "0.74730000", "time": "2025-07-16T08:07:07.057314Z", "fetched_at": "2025-07-16T08:10:49.731166+00:00", "symbol": "ADA-USD"}, {"trade_id": 143813715, "side": "buy", "size": "0.77654881", "price": "0.74730000", "time": "2025-07-16T08:07:07.057314Z", "fetched_at": "2025-07-16T08:10:49.731166+00:00", "symbol": "ADA-USD"}, {"trade_id": 143813714, "side": "buy", "size": "593.22345119", "price": "0.74730000", "time": "2025-07-16T08:07:07.057196Z", "fetched_at": "2025-07-16T08:10:49.731166+00:00", "symbol": "ADA-USD"}, {"trade_id": 143813713, "side": "buy", "size": "87.79386612", "price": "0.74730000", "time": "2025-07-16T08:07:07.057196Z", "fetched_at": "2025-07-16T08:10:49.731166+00:00", "symbol": "ADA-USD"}, {"trade_id": 143813712, "side": "sell", "size": "6.86321313", "price": "0.74730000", "time": "2025-07-16T08:07:06.850913Z", "fetched_at": "2025-07-16T08:10:49.731166+00:00", "symbol": "ADA-USD"}, {"trade_id": 143813711, "side": "sell", "size": "167.12560200", "price": "0.74730000", "time": "2025-07-16T08:07:06.850729Z", "fetched_at": "2025-07-16T08:10:49.731166+00:00", "symbol": "ADA-USD"}, {"trade_id": 143813710, "side": "sell", "size": "0.50575800", "price": "0.74730000", "time": "2025-07-16T08:07:06.850729Z", "fetched_at": "2025-07-16T08:10:49.731166+00:00", "symbol": "ADA-USD"}, {"trade_id": 143813709, "side": "buy", "size": "0.00000156", "price": "0.74710000", "time": "2025-07-16T08:06:50.937084Z", "fetched_at": "2025-07-16T08:10:49.731166+00:00", "symbol": "ADA-USD"}, {"trade_id": 143813708, "side": "buy", "size": "174.00061000", "price": "0.74710000", "time": "2025-07-16T08:06:50.936903Z", "fetched_at": "2025-07-16T08:10:49.731166+00:00", "symbol": "ADA-USD"}, {"trade_id": 143813707, "side": "sell", "size": "0.99424200", "price": "0.74730000", "time": "2025-07-16T08:06:49.633133Z", "fetched_at": "2025-07-16T08:10:49.731166+00:00", "symbol": "ADA-USD"}, {"trade_id": 143813706, "side": "sell", "size": "0.17434400", "price": "0.74720000", "time": "2025-07-16T08:06:49.508071Z", "fetched_at": "2025-07-16T08:10:49.731166+00:00", "symbol": "ADA-USD"}, {"trade_id": 143813705, "side": "sell", "size": "1.32565600", "price": "0.74720000", "time": "2025-07-16T08:06:47.723662Z", "fetched_at": "2025-07-16T08:10:49.731166+00:00", "symbol": "ADA-USD"}, {"trade_id": 143813704, "side": "buy", "size": "325.79184944", "price": "0.74710000", "time": "2025-07-16T08:06:43.999310Z", "fetched_at": "2025-07-16T08:10:49.731166+00:00", "symbol": "ADA-USD"}, {"trade_id": 143813703, "side": "buy", "size": "174.00061156", "price": "0.74710000", "time": "2025-07-16T08:06:43.999310Z", "fetched_at": "2025-07-16T08:10:49.731166+00:00", "symbol": "ADA-USD"}, {"trade_id": 143813702, "side": "buy", "size": "278.33839000", "price": "0.74710000", "time": "2025-07-16T08:06:43.999310Z", "fetched_at": "2025-07-16T08:10:49.731166+00:00", "symbol": "ADA-USD"}, {"trade_id": 143813701, "side": "buy", "size": "315.66161000", "price": "0.74710000", "time": "2025-07-16T08:06:43.511432Z", "fetched_at": "2025-07-16T08:10:49.731166+00:00", "symbol": "ADA-USD"}, {"trade_id": 143813700, "side": "buy", "size": "50.00000000", "price": "0.74710000", "time": "2025-07-16T08:06:43.511432Z", "fetched_at": "2025-07-16T08:10:49.731166+00:00", "symbol": "ADA-USD"}, {"trade_id": 143813699, "side": "buy", "size": "319.05419000", "price": "0.74710000", "time": "2025-07-16T08:06:43.511432Z", "fetched_at": "2025-07-16T08:10:49.731166+00:00", "symbol": "ADA-USD"}, {"trade_id": 143813698, "side": "sell", "size": "1.89644032", "price": "0.74710000", "time": "2025-07-16T08:06:40.919565Z", "fetched_at": "2025-07-16T08:10:49.731166+00:00", "symbol": "ADA-USD"}, {"trade_id": 143813697, "side": "sell", "size": "69.44847147", "price": "0.74700000", "time": "2025-07-16T08:06:39.685945Z", "fetched_at": "2025-07-16T08:10:49.731166+00:00", "symbol": "ADA-USD"}, {"trade_id": 143813696, "side": "sell", "size": "174.05885155", "price": "0.74680000", "time": "2025-07-16T08:06:39.006837Z", "fetched_at": "2025-07-16T08:10:49.731166+00:00", "symbol": "ADA-USD"}, {"trade_id": 143813695, "side": "sell", "size": "0.10000000", "price": "0.74680000", "time": "2025-07-16T08:06:36.842239Z", "fetched_at": "2025-07-16T08:10:49.731166+00:00", "symbol": "ADA-USD"}, {"trade_id": 143813694, "side": "sell", "size": "442.40228644", "price": "0.74710000", "time": "2025-07-16T08:06:34.640374Z", "fetched_at": "2025-07-16T08:10:49.731166+00:00", "symbol": "ADA-USD"}, {"trade_id": 143813693, "side": "sell", "size": "866.11651445", "price": "0.74710000", "time": "2025-07-16T08:06:34.640374Z", "fetched_at": "2025-07-16T08:10:49.731166+00:00", "symbol": "ADA-USD"}, {"trade_id": 143813692, "side": "sell", "size": "2594.54998000", "price": "0.74710000", "time": "2025-07-16T08:06:34.640374Z", "fetched_at": "2025-07-16T08:10:49.731166+00:00", "symbol": "ADA-USD"}, {"trade_id": 143813691, "side": "sell", "size": "1708.94016000", "price": "0.74710000", "time": "2025-07-16T08:06:34.640374Z", "fetched_at": "2025-07-16T08:10:49.731166+00:00", "symbol": "ADA-USD"}, {"trade_id": 143813690, "side": "sell", "size": "684.09241266", "price": "0.74710000", "time": "2025-07-16T08:06:34.640374Z", "fetched_at": "2025-07-16T08:10:49.731166+00:00", "symbol": "ADA-USD"}, {"trade_id": 143813689, "side": "sell", "size": "786.37756274", "price": "0.74710000", "time": "2025-07-16T08:06:34.640374Z", "fetched_at": "2025-07-16T08:10:49.731166+00:00", "symbol": "ADA-USD"}, {"trade_id": 143813688, "side": "sell", "size": "594.00000000", "price": "0.74710000", "time": "2025-07-16T08:06:34.640374Z", "fetched_at": "2025-07-16T08:10:49.731166+00:00", "symbol": "ADA-USD"}, {"trade_id": 143813687, "side": "sell", "size": "198.50827000", "price": "0.74700000", "time": "2025-07-16T08:06:34.640374Z", "fetched_at": "2025-07-16T08:10:49.731166+00:00", "symbol": "ADA-USD"}, {"trade_id": 143813686, "side": "sell", "size": "682.02461151", "price": "0.74700000", "time": "2025-07-16T08:06:34.640374Z", "fetched_at": "2025-07-16T08:10:49.731166+00:00", "symbol": "ADA-USD"}, {"trade_id": 143813685, "side": "sell", "size": "500.00000000", "price": "0.74700000", "time": "2025-07-16T08:06:34.640374Z", "fetched_at": "2025-07-16T08:10:49.731166+00:00", "symbol": "ADA-USD"}, {"trade_id": 143813684, "side": "sell", "size": "174.08211216", "price": "0.74700000", "time": "2025-07-16T08:06:34.640374Z", "fetched_at": "2025-07-16T08:10:49.731166+00:00", "symbol": "ADA-USD"}, {"trade_id": 143813683, "side": "sell", "size": "732.39606529", "price": "0.74700000", "time": "2025-07-16T08:06:34.640374Z", "fetched_at": "2025-07-16T08:10:49.731166+00:00", "symbol": "ADA-USD"}, {"trade_id": 143813682, "side": "sell", "size": "19.51002475", "price": "0.74700000", "time": "2025-07-16T08:06:34.640374Z", "fetched_at": "2025-07-16T08:10:49.731166+00:00", "symbol": "ADA-USD"}, {"trade_id": 143813681, "side": "buy", "size": "10.08495878", "price": "0.74670000", "time": "2025-07-16T08:06:31.301777Z", "fetched_at": "2025-07-16T08:10:49.731166+00:00", "symbol": "ADA-USD"}, {"trade_id": 143813680, "side": "buy", "size": "18.29061354", "price": "0.74680000", "time": "2025-07-16T08:06:29.291921Z", "fetched_at": "2025-07-16T08:10:49.731166+00:00", "symbol": "ADA-USD"}, {"trade_id": 143813679, "side": "buy", "size": "11.46542646", "price": "0.74680000", "time": "2025-07-16T08:06:29.291921Z", "fetched_at": "2025-07-16T08:10:49.731166+00:00", "symbol": "ADA-USD"}, {"trade_id": 143813678, "side": "sell", "size": "16.07493712", "price": "0.74690000", "time": "2025-07-16T08:06:23.325670Z", "fetched_at": "2025-07-16T08:10:49.731166+00:00", "symbol": "ADA-USD"}, {"trade_id": 143813677, "side": "sell", "size": "63.44637588", "price": "0.74690000", "time": "2025-07-16T08:06:23.325670Z", "fetched_at": "2025-07-16T08:10:49.731166+00:00", "symbol": "ADA-USD"}, {"trade_id": 143813676, "side": "sell", "size": "1.32494600", "price": "0.74690000", "time": "2025-07-16T08:06:10.852620Z", "fetched_at": "2025-07-16T08:10:49.731166+00:00", "symbol": "ADA-USD"}, {"trade_id": 143813675, "side": "buy", "size": "20.18176576", "price": "0.74650000", "time": "2025-07-16T08:06:01.432649Z", "fetched_at": "2025-07-16T08:10:49.731166+00:00", "symbol": "ADA-USD"}, {"trade_id": 143813674, "side": "buy", "size": "7.96621424", "price": "0.74660000", "time": "2025-07-16T08:06:01.432649Z", "fetched_at": "2025-07-16T08:10:49.731166+00:00", "symbol": "ADA-USD"}, {"trade_id": 143813673, "side": "buy", "size": "1.50000000", "price": "0.74660000", "time": "2025-07-16T08:06:01.432649Z", "fetched_at": "2025-07-16T08:10:49.731166+00:00", "symbol": "ADA-USD"}, {"trade_id": 143813672, "side": "buy", "size": "9.15984896", "price": "0.74670000", "time": "2025-07-16T08:05:57.583260Z", "fetched_at": "2025-07-16T08:10:49.731166+00:00", "symbol": "ADA-USD"}, {"trade_id": 143813671, "side": "buy", "size": "1.50000000", "price": "0.74670000", "time": "2025-07-16T08:05:57.583260Z", "fetched_at": "2025-07-16T08:10:49.731166+00:00", "symbol": "ADA-USD"}, {"trade_id": 143813670, "side": "buy", "size": "594.00000000", "price": "0.74670000", "time": "2025-07-16T08:05:57.583260Z", "fetched_at": "2025-07-16T08:10:49.731166+00:00", "symbol": "ADA-USD"}, {"trade_id": 143813669, "side": "buy", "size": "13.31139406", "price": "0.74680000", "time": "2025-07-16T08:05:57.338337Z", "fetched_at": "2025-07-16T08:10:49.731166+00:00", "symbol": "ADA-USD"}, {"trade_id": 143813668, "side": "buy", "size": "1.50000000", "price": "0.74680000", "time": "2025-07-16T08:05:57.338337Z", "fetched_at": "2025-07-16T08:10:49.731166+00:00", "symbol": "ADA-USD"}, {"trade_id": 143813667, "side": "buy", "size": "594.00000000", "price": "0.74680000", "time": "2025-07-16T08:05:57.338337Z", "fetched_at": "2025-07-16T08:10:49.731166+00:00", "symbol": "ADA-USD"}, {"trade_id": 143813666, "side": "buy", "size": "12.73544625", "price": "0.74690000", "time": "2025-07-16T08:05:57.279563Z", "fetched_at": "2025-07-16T08:10:49.731166+00:00", "symbol": "ADA-USD"}, {"trade_id": 143813665, "side": "buy", "size": "1.50000000", "price": "0.74690000", "time": "2025-07-16T08:05:57.279563Z", "fetched_at": "2025-07-16T08:10:49.731166+00:00", "symbol": "ADA-USD"}, {"trade_id": 143813664, "side": "buy", "size": "14.84078084", "price": "0.74700000", "time": "2025-07-16T08:05:55.068164Z", "fetched_at": "2025-07-16T08:10:49.731166+00:00", "symbol": "ADA-USD"}, {"trade_id": 143813663, "side": "buy", "size": "26.71931826", "price": "0.74710000", "time": "2025-07-16T08:05:50.702199Z", "fetched_at": "2025-07-16T08:10:49.731166+00:00", "symbol": "ADA-USD"}, {"trade_id": 143813662, "side": "sell", "size": "2.31865600", "price": "0.74720000", "time": "2025-07-16T08:05:48.494211Z", "fetched_at": "2025-07-16T08:10:49.731166+00:00", "symbol": "ADA-USD"}, {"trade_id": 143813661, "side": "sell", "size": "1.32494600", "price": "0.74730000", "time": "2025-07-16T08:05:44.682942Z", "fetched_at": "2025-07-16T08:10:49.731166+00:00", "symbol": "ADA-USD"}, {"trade_id": 143813660, "side": "sell", "size": "193.58511800", "price": "0.74730000", "time": "2025-07-16T08:05:42.542036Z", "fetched_at": "2025-07-16T08:10:49.731166+00:00", "symbol": "ADA-USD"}, {"trade_id": 143813659, "side": "sell", "size": "1.50000000", "price": "0.74730000", "time": "2025-07-16T08:05:42.542036Z", "fetched_at": "2025-07-16T08:10:49.731166+00:00", "symbol": "ADA-USD"}, {"trade_id": 143813658, "side": "buy", "size": "540.07502448", "price": "0.74690000", "time": "2025-07-16T08:05:40.064631Z", "fetched_at": "2025-07-16T08:10:49.731166+00:00", "symbol": "ADA-USD"}, {"trade_id": 143813657, "side": "buy", "size": "658.01336396", "price": "0.74700000", "time": "2025-07-16T08:05:40.064631Z", "fetched_at": "2025-07-16T08:10:49.731166+00:00", "symbol": "ADA-USD"}, {"trade_id": 143813656, "side": "buy", "size": "174.00061156", "price": "0.74710000", "time": "2025-07-16T08:05:40.064631Z", "fetched_at": "2025-07-16T08:10:49.731166+00:00", "symbol": "ADA-USD"}, {"trade_id": 143813655, "side": "buy", "size": "174.00061000", "price": "0.74710000", "time": "2025-07-16T08:05:36.087068Z", "fetched_at": "2025-07-16T08:10:49.731166+00:00", "symbol": "ADA-USD"}, {"trade_id": 143813654, "side": "sell", "size": "1.50000000", "price": "0.74720000", "time": "2025-07-16T08:05:12.712602Z", "fetched_at": "2025-07-16T08:10:49.731166+00:00", "symbol": "ADA-USD"}, {"trade_id": 143813653, "side": "sell", "size": "1.50000000", "price": "0.74710000", "time": "2025-07-16T08:05:03.640607Z", "fetched_at": "2025-07-16T08:10:49.731166+00:00", "symbol": "ADA-USD"}, {"trade_id": 143813652, "side": "sell", "size": "1.50000000", "price": "0.74700000", "time": "2025-07-16T08:05:00.333560Z", "fetched_at": "2025-07-16T08:10:49.731166+00:00", "symbol": "ADA-USD"}, {"trade_id": 143813651, "side": "sell", "size": "1.50000000", "price": "0.74690000", "time": "2025-07-16T08:05:00.097825Z", "fetched_at": "2025-07-16T08:10:49.731166+00:00", "symbol": "ADA-USD"}, {"trade_id": 143813650, "side": "sell", "size": "1.50000000", "price": "0.74680000", "time": "2025-07-16T08:04:59.948228Z", "fetched_at": "2025-07-16T08:10:49.731166+00:00", "symbol": "ADA-USD"}, {"trade_id": 143813649, "side": "sell", "size": "2.48660413", "price": "0.74670000", "time": "2025-07-16T08:04:59.907009Z", "fetched_at": "2025-07-16T08:10:49.731166+00:00", "symbol": "ADA-USD"}, {"trade_id": 143813648, "side": "sell", "size": "1.50000000", "price": "0.74670000", "time": "2025-07-16T08:04:59.907009Z", "fetched_at": "2025-07-16T08:10:49.731166+00:00", "symbol": "ADA-USD"}, {"trade_id": 143813647, "side": "sell", "size": "116.93923843", "price": "0.74660000", "time": "2025-07-16T08:04:58.386619Z", "fetched_at": "2025-07-16T08:10:49.731166+00:00", "symbol": "ADA-USD"}, {"trade_id": 143813646, "side": "sell", "size": "251.32294508", "price": "0.74660000", "time": "2025-07-16T08:04:58.386619Z", "fetched_at": "2025-07-16T08:10:49.731166+00:00", "symbol": "ADA-USD"}, {"trade_id": 143813645, "side": "sell", "size": "1.50000000", "price": "0.74660000", "time": "2025-07-16T08:04:58.386619Z", "fetched_at": "2025-07-16T08:10:49.731166+00:00", "symbol": "ADA-USD"}, {"trade_id": 143813644, "side": "sell", "size": "673.38836928", "price": "0.74650000", "time": "2025-07-16T08:04:55.034234Z", "fetched_at": "2025-07-16T08:10:49.731166+00:00", "symbol": "ADA-USD"}, {"trade_id": 143813643, "side": "sell", "size": "174.19882115", "price": "0.74640000", "time": "2025-07-16T08:04:55.021326Z", "fetched_at": "2025-07-16T08:10:49.731166+00:00", "symbol": "ADA-USD"}, {"trade_id": 143813642, "side": "buy", "size": "2.00964630", "price": "0.74630000", "time": "2025-07-16T08:04:49.732325Z", "fetched_at": "2025-07-16T08:10:49.731166+00:00", "symbol": "ADA-USD"}, {"trade_id": 143813641, "side": "buy", "size": "1.50000000", "price": "0.74630000", "time": "2025-07-16T08:04:49.732325Z", "fetched_at": "2025-07-16T08:10:49.731166+00:00", "symbol": "ADA-USD"}, {"trade_id": 143813640, "side": "buy", "size": "29.23766360", "price": "0.74640000", "time": "2025-07-16T08:04:47.331306Z", "fetched_at": "2025-07-16T08:10:49.731166+00:00", "symbol": "ADA-USD"}, {"trade_id": 143813639, "side": "buy", "size": "1.50000000", "price": "0.74640000", "time": "2025-07-16T08:04:47.331306Z", "fetched_at": "2025-07-16T08:10:49.731166+00:00", "symbol": "ADA-USD"}, {"trade_id": 143813638, "side": "sell", "size": "113.86557770", "price": "0.74660000", "time": "2025-07-16T08:04:29.842485Z", "fetched_at": "2025-07-16T08:10:49.731166+00:00", "symbol": "ADA-USD"}, {"trade_id": 143813637, "side": "sell", "size": "174.10547714", "price": "0.74660000", "time": "2025-07-16T08:04:29.842485Z", "fetched_at": "2025-07-16T08:10:49.731166+00:00", "symbol": "ADA-USD"}, {"trade_id": 143813636, "side": "sell", "size": "16.27484516", "price": "0.74660000", "time": "2025-07-16T08:04:29.842485Z", "fetched_at": "2025-07-16T08:10:49.731166+00:00", "symbol": "ADA-USD"}, {"trade_id": 143813635, "side": "sell", "size": "18.11403201", "price": "0.74670000", "time": "2025-07-16T08:04:27.413828Z", "fetched_at": "2025-07-16T08:10:49.731166+00:00", "symbol": "ADA-USD"}, {"trade_id": 143813634, "side": "sell", "size": "15.02293399", "price": "0.74670000", "time": "2025-07-16T08:04:27.413828Z", "fetched_at": "2025-07-16T08:10:49.731166+00:00", "symbol": "ADA-USD"}, {"trade_id": 143813633, "side": "buy", "size": "153.25777070", "price": "0.74650000", "time": "2025-07-16T08:04:22.127319Z", "fetched_at": "2025-07-16T08:10:49.731166+00:00", "symbol": "ADA-USD"}, {"trade_id": 143813632, "side": "buy", "size": "4.72491071", "price": "0.74650000", "time": "2025-07-16T08:04:22.127319Z", "fetched_at": "2025-07-16T08:10:49.731166+00:00", "symbol": "ADA-USD"}, {"trade_id": 143813631, "side": "buy", "size": "1.50000000", "price": "0.74650000", "time": "2025-07-16T08:04:22.127319Z", "fetched_at": "2025-07-16T08:10:49.731166+00:00", "symbol": "ADA-USD"}, {"trade_id": 143813630, "side": "buy", "size": "0.00000559", "price": "0.74650000", "time": "2025-07-16T08:04:22.127319Z", "fetched_at": "2025-07-16T08:10:49.731166+00:00", "symbol": "ADA-USD"}, {"trade_id": 143813629, "side": "buy", "size": "4.88520152", "price": "0.74660000", "time": "2025-07-16T08:04:20.514688Z", "fetched_at": "2025-07-16T08:10:49.731166+00:00", "symbol": "ADA-USD"}, {"trade_id": 143813628, "side": "buy", "size": "1.50000000", "price": "0.74660000", "time": "2025-07-16T08:04:20.514688Z", "fetched_at": "2025-07-16T08:10:49.731166+00:00", "symbol": "ADA-USD"}, {"trade_id": 143813627, "side": "buy", "size": "5.51074849", "price": "0.74680000", "time": "2025-07-16T08:04:19.812003Z", "fetched_at": "2025-07-16T08:10:49.731166+00:00", "symbol": "ADA-USD"}, {"trade_id": 143813626, "side": "buy", "size": "67.99020000", "price": "0.74680000", "time": "2025-07-16T08:04:16.979775Z", "fetched_at": "2025-07-16T08:10:49.731166+00:00", "symbol": "ADA-USD"}, {"trade_id": 143813625, "side": "sell", "size": "0.99397600", "price": "0.74690000", "time": "2025-07-16T08:04:03.567505Z", "fetched_at": "2025-07-16T08:10:49.731166+00:00", "symbol": "ADA-USD"}, {"trade_id": 143813624, "side": "sell", "size": "53.40154579", "price": "0.74690000", "time": "2025-07-16T08:04:03.238289Z", "fetched_at": "2025-07-16T08:10:49.731166+00:00", "symbol": "ADA-USD"}, {"trade_id": 143813623, "side": "sell", "size": "50.00000000", "price": "0.74690000", "time": "2025-07-16T08:04:03.238289Z", "fetched_at": "2025-07-16T08:10:49.731166+00:00", "symbol": "ADA-USD"}, {"trade_id": 143813622, "side": "sell", "size": "26.70743821", "price": "0.74690000", "time": "2025-07-16T08:04:03.238289Z", "fetched_at": "2025-07-16T08:10:49.731166+00:00", "symbol": "ADA-USD"}, {"trade_id": 143813621, "side": "sell", "size": "12.92341700", "price": "0.74680000", "time": "2025-07-16T08:03:46.986704Z", "fetched_at": "2025-07-16T08:10:49.731166+00:00", "symbol": "ADA-USD"}, {"trade_id": 143813620, "side": "buy", "size": "8.97486938", "price": "0.74680000", "time": "2025-07-16T08:03:40.525443Z", "fetched_at": "2025-07-16T08:10:49.731166+00:00", "symbol": "ADA-USD"}, {"trade_id": 143813619, "side": "sell", "size": "10.96483000", "price": "0.74690000", "time": "2025-07-16T08:03:35.078956Z", "fetched_at": "2025-07-16T08:10:49.731166+00:00", "symbol": "ADA-USD"}, {"trade_id": 143813618, "side": "buy", "size": "9.67709290", "price": "0.74690000", "time": "2025-07-16T08:03:33.326597Z", "fetched_at": "2025-07-16T08:10:49.731166+00:00", "symbol": "ADA-USD"}, {"trade_id": 143813617, "side": "buy", "size": "51.83238000", "price": "0.74690000", "time": "2025-07-16T08:03:28.810960Z", "fetched_at": "2025-07-16T08:10:49.731166+00:00", "symbol": "ADA-USD"}, {"trade_id": 143813616, "side": "buy", "size": "270.97601689", "price": "0.74680000", "time": "2025-07-16T08:03:27.078884Z", "fetched_at": "2025-07-16T08:10:49.731166+00:00", "symbol": "ADA-USD"}, {"trade_id": 143813615, "side": "buy", "size": "2610.46816000", "price": "0.74680000", "time": "2025-07-16T08:03:27.078884Z", "fetched_at": "2025-07-16T08:10:49.731166+00:00", "symbol": "ADA-USD"}, {"trade_id": 143813614, "side": "buy", "size": "594.00000000", "price": "0.74680000", "time": "2025-07-16T08:03:27.078884Z", "fetched_at": "2025-07-16T08:10:49.731166+00:00", "symbol": "ADA-USD"}, {"trade_id": 143813613, "side": "buy", "size": "10.11866129", "price": "0.74690000", "time": "2025-07-16T08:03:27.078884Z", "fetched_at": "2025-07-16T08:10:49.731166+00:00", "symbol": "ADA-USD"}, {"trade_id": 143813612, "side": "buy", "size": "689.52690468", "price": "0.74690000", "time": "2025-07-16T08:03:27.078884Z", "fetched_at": "2025-07-16T08:10:49.731166+00:00", "symbol": "ADA-USD"}, {"trade_id": 143813611, "side": "sell", "size": "1.50000000", "price": "0.74690000", "time": "2025-07-16T08:03:24.577457Z", "fetched_at": "2025-07-16T08:10:49.731166+00:00", "symbol": "ADA-USD"}, {"trade_id": 143813610, "side": "sell", "size": "312.36432002", "price": "0.74690000", "time": "2025-07-16T08:03:24.577457Z", "fetched_at": "2025-07-16T08:10:49.731166+00:00", "symbol": "ADA-USD"}, {"trade_id": 143813609, "side": "sell", "size": "132.56872244", "price": "0.74690000", "time": "2025-07-16T08:03:24.577457Z", "fetched_at": "2025-07-16T08:10:49.731166+00:00", "symbol": "ADA-USD"}, {"trade_id": 143813608, "side": "buy", "size": "11.64440246", "price": "0.74670000", "time": "2025-07-16T08:03:13.165376Z", "fetched_at": "2025-07-16T08:10:49.731166+00:00", "symbol": "ADA-USD"}, {"trade_id": 143813607, "side": "sell", "size": "2.31865600", "price": "0.74690000", "time": "2025-07-16T08:03:07.645474Z", "fetched_at": "2025-07-16T08:10:49.731166+00:00", "symbol": "ADA-USD"}, {"trade_id": 143813606, "side": "buy", "size": "4.17636502", "price": "0.74670000", "time": "2025-07-16T08:03:06.648527Z", "fetched_at": "2025-07-16T08:10:49.731166+00:00", "symbol": "ADA-USD"}, {"trade_id": 143813605, "side": "buy", "size": "11.67630933", "price": "0.74670000", "time": "2025-07-16T08:03:06.648527Z", "fetched_at": "2025-07-16T08:10:49.731166+00:00", "symbol": "ADA-USD"}, {"trade_id": 143813604, "side": "buy", "size": "1.50000000", "price": "0.74670000", "time": "2025-07-16T08:03:06.648527Z", "fetched_at": "2025-07-16T08:10:49.731166+00:00", "symbol": "ADA-USD"}, {"trade_id": 143813603, "side": "buy", "size": "1.50000000", "price": "0.74680000", "time": "2025-07-16T08:03:04.400238Z", "fetched_at": "2025-07-16T08:10:49.731166+00:00", "symbol": "ADA-USD"}, {"trade_id": 143813602, "side": "buy", "size": "13.97334772", "price": "0.74690000", "time": "2025-07-16T08:03:02.038626Z", "fetched_at": "2025-07-16T08:10:49.731166+00:00", "symbol": "ADA-USD"}, {"trade_id": 143813601, "side": "buy", "size": "16.98232249", "price": "0.74700000", "time": "2025-07-16T08:03:00.856345Z", "fetched_at": "2025-07-16T08:10:49.731166+00:00", "symbol": "ADA-USD"}, {"trade_id": 143813600, "side": "buy", "size": "46.09267000", "price": "0.74710000", "time": "2025-07-16T08:03:00.298710Z", "fetched_at": "2025-07-16T08:10:49.731166+00:00", "symbol": "ADA-USD"}, {"trade_id": 143813599, "side": "buy", "size": "46.09267000", "price": "0.74710000", "time": "2025-07-16T08:03:00.186458Z", "fetched_at": "2025-07-16T08:10:49.731166+00:00", "symbol": "ADA-USD"}, {"trade_id": 143813598, "side": "buy", "size": "0.03209300", "price": "0.74710000", "time": "2025-07-16T08:02:59.051095Z", "fetched_at": "2025-07-16T08:10:49.731166+00:00", "symbol": "ADA-USD"}, {"trade_id": 143813597, "side": "buy", "size": "155.11692844", "price": "0.74700000", "time": "2025-07-16T08:02:55.409499Z", "fetched_at": "2025-07-16T08:10:49.731166+00:00", "symbol": "ADA-USD"}, {"trade_id": 143813596, "side": "buy", "size": "174.00061156", "price": "0.74710000", "time": "2025-07-16T08:02:55.409499Z", "fetched_at": "2025-07-16T08:10:49.731166+00:00", "symbol": "ADA-USD"}, {"trade_id": 143813595, "side": "buy", "size": "594.00000000", "price": "0.74710000", "time": "2025-07-16T08:02:55.409499Z", "fetched_at": "2025-07-16T08:10:49.731166+00:00", "symbol": "ADA-USD"}, {"trade_id": 143813594, "side": "buy", "size": "81.86655751", "price": "0.74700000", "time": "2025-07-16T08:02:50.013747Z", "fetched_at": "2025-07-16T08:10:49.731166+00:00", "symbol": "ADA-USD"}, {"trade_id": 143813593, "side": "sell", "size": "435.85714300", "price": "0.74710000", "time": "2025-07-16T08:02:49.429235Z", "fetched_at": "2025-07-16T08:10:49.731166+00:00", "symbol": "ADA-USD"}, {"trade_id": 143813592, "side": "sell", "size": "164.00927237", "price": "0.74710000", "time": "2025-07-16T08:02:43.531021Z", "fetched_at": "2025-07-16T08:10:49.731166+00:00", "symbol": "ADA-USD"}, {"trade_id": 143813591, "side": "sell", "size": "1.50000000", "price": "0.74710000", "time": "2025-07-16T08:02:43.531021Z", "fetched_at": "2025-07-16T08:10:49.731166+00:00", "symbol": "ADA-USD"}, {"trade_id": 143813590, "side": "sell", "size": "174.05881610", "price": "0.74700000", "time": "2025-07-16T08:02:42.253752Z", "fetched_at": "2025-07-16T08:10:49.731166+00:00", "symbol": "ADA-USD"}, {"trade_id": 143813589, "side": "sell", "size": "1.50000000", "price": "0.74700000", "time": "2025-07-16T08:02:42.253752Z", "fetched_at": "2025-07-16T08:10:49.731166+00:00", "symbol": "ADA-USD"}, {"trade_id": 143813588, "side": "sell", "size": "385.87233845", "price": "0.74700000", "time": "2025-07-16T08:02:42.253752Z", "fetched_at": "2025-07-16T08:10:49.731166+00:00", "symbol": "ADA-USD"}, {"trade_id": 143813587, "side": "sell", "size": "1339.04659882", "price": "0.74690000", "time": "2025-07-16T08:02:40.595260Z", "fetched_at": "2025-07-16T08:10:49.731166+00:00", "symbol": "ADA-USD"}, {"trade_id": 143813586, "side": "sell", "size": "174.09373050", "price": "0.74690000", "time": "2025-07-16T08:02:40.595260Z", "fetched_at": "2025-07-16T08:10:49.731166+00:00", "symbol": "ADA-USD"}, {"trade_id": 143813585, "side": "sell", "size": "1.50000000", "price": "0.74690000", "time": "2025-07-16T08:02:40.595260Z", "fetched_at": "2025-07-16T08:10:49.731166+00:00", "symbol": "ADA-USD"}, {"trade_id": 143813584, "side": "sell", "size": "366.93878603", "price": "0.74690000", "time": "2025-07-16T08:02:40.595260Z", "fetched_at": "2025-07-16T08:10:49.731166+00:00", "symbol": "ADA-USD"}, {"trade_id": 143813583, "side": "sell", "size": "0.10000000", "price": "0.74690000", "time": "2025-07-16T08:02:36.550763Z", "fetched_at": "2025-07-16T08:10:49.731166+00:00", "symbol": "ADA-USD"}, {"trade_id": 143813582, "side": "sell", "size": "49.44697400", "price": "0.74690000", "time": "2025-07-16T08:02:35.864014Z", "fetched_at": "2025-07-16T08:10:49.731166+00:00", "symbol": "ADA-USD"}, {"trade_id": 143813581, "side": "buy", "size": "15.98216295", "price": "0.74680000", "time": "2025-07-16T08:02:33.256804Z", "fetched_at": "2025-07-16T08:10:49.731166+00:00", "symbol": "ADA-USD"}, {"trade_id": 143813580, "side": "buy", "size": "15.98216295", "price": "0.74680000", "time": "2025-07-16T08:02:33.241634Z", "fetched_at": "2025-07-16T08:10:49.731166+00:00", "symbol": "ADA-USD"}, {"trade_id": 143813579, "side": "buy", "size": "79.91081474", "price": "0.74680000", "time": "2025-07-16T08:02:33.199470Z", "fetched_at": "2025-07-16T08:10:49.731166+00:00", "symbol": "ADA-USD"}, {"trade_id": 143813578, "side": "buy", "size": "399.55407370", "price": "0.74680000", "time": "2025-07-16T08:02:33.150710Z", "fetched_at": "2025-07-16T08:10:49.731166+00:00", "symbol": "ADA-USD"}, {"trade_id": 143813577, "side": "buy", "size": "67.99020000", "price": "0.74680000", "time": "2025-07-16T08:02:32.393918Z", "fetched_at": "2025-07-16T08:10:49.731166+00:00", "symbol": "ADA-USD"}, {"trade_id": 143813576, "side": "buy", "size": "11.48537037", "price": "0.74670000", "time": "2025-07-16T08:02:26.984218Z", "fetched_at": "2025-07-16T08:10:49.731166+00:00", "symbol": "ADA-USD"}, {"trade_id": 143813575, "side": "buy", "size": "11.48537037", "price": "0.74670000", "time": "2025-07-16T08:02:26.969640Z", "fetched_at": "2025-07-16T08:10:49.731166+00:00", "symbol": "ADA-USD"}, {"trade_id": 143813574, "side": "buy", "size": "11.52716946", "price": "0.74670000", "time": "2025-07-16T08:02:26.945489Z", "fetched_at": "2025-07-16T08:10:49.731166+00:00", "symbol": "ADA-USD"}, {"trade_id": 143813573, "side": "buy", "size": "11.52716946", "price": "0.74670000", "time": "2025-07-16T08:02:26.932092Z", "fetched_at": "2025-07-16T08:10:49.731166+00:00", "symbol": "ADA-USD"}, {"trade_id": 143813572, "side": "buy", "size": "11.52716946", "price": "0.74670000", "time": "2025-07-16T08:02:26.894698Z", "fetched_at": "2025-07-16T08:10:49.731166+00:00", "symbol": "ADA-USD"}, {"trade_id": 143813571, "side": "buy", "size": "11.52716946", "price": "0.74670000", "time": "2025-07-16T08:02:26.880642Z", "fetched_at": "2025-07-16T08:10:49.731166+00:00", "symbol": "ADA-USD"}, {"trade_id": 143813570, "side": "buy", "size": "11.52716946", "price": "0.74670000", "time": "2025-07-16T08:02:26.867868Z", "fetched_at": "2025-07-16T08:10:49.731166+00:00", "symbol": "ADA-USD"}, {"trade_id": 143813569, "side": "buy", "size": "11.78880275", "price": "0.74670000", "time": "2025-07-16T08:02:26.810159Z", "fetched_at": "2025-07-16T08:10:49.731166+00:00", "symbol": "ADA-USD"}, {"trade_id": 143813568, "side": "buy", "size": "17.25254379", "price": "0.74680000", "time": "2025-07-16T08:02:26.370757Z", "fetched_at": "2025-07-16T08:10:49.731166+00:00", "symbol": "ADA-USD"}, {"trade_id": 143813567, "side": "buy", "size": "17.22814113", "price": "0.74680000", "time": "2025-07-16T08:02:26.211273Z", "fetched_at": "2025-07-16T08:10:49.731166+00:00", "symbol": "ADA-USD"}, {"trade_id": 143813566, "side": "buy", "size": "16.07400601", "price": "0.74680000", "time": "2025-07-16T08:02:26.200048Z", "fetched_at": "2025-07-16T08:10:49.731166+00:00", "symbol": "ADA-USD"}, {"trade_id": 143813565, "side": "buy", "size": "389.08935985", "price": "0.74670000", "time": "2025-07-16T08:02:19.982455Z", "fetched_at": "2025-07-16T08:10:49.731166+00:00", "symbol": "ADA-USD"}, {"trade_id": 143813564, "side": "buy", "size": "17.05931615", "price": "0.74680000", "time": "2025-07-16T08:02:19.982455Z", "fetched_at": "2025-07-16T08:10:49.731166+00:00", "symbol": "ADA-USD"}, {"trade_id": 143813563, "side": "buy", "size": "594.00000000", "price": "0.74680000", "time": "2025-07-16T08:02:19.982455Z", "fetched_at": "2025-07-16T08:10:49.731166+00:00", "symbol": "ADA-USD"}, {"trade_id": 143813562, "side": "buy", "size": "2273.07570046", "price": "0.74670000", "time": "2025-07-16T08:02:16.529969Z", "fetched_at": "2025-07-16T08:10:49.731166+00:00", "symbol": "ADA-USD"}, {"trade_id": 143813561, "side": "buy", "size": "1496.24122702", "price": "0.74670000", "time": "2025-07-16T08:02:16.528476Z", "fetched_at": "2025-07-16T08:10:49.731166+00:00", "symbol": "ADA-USD"}, {"trade_id": 143813560, "side": "buy", "size": "594.00000000", "price": "0.74670000", "time": "2025-07-16T08:02:16.528476Z", "fetched_at": "2025-07-16T08:10:49.731166+00:00", "symbol": "ADA-USD"}, {"trade_id": 143813559, "side": "buy", "size": "1.50000000", "price": "0.74670000", "time": "2025-07-16T08:02:16.528476Z", "fetched_at": "2025-07-16T08:10:49.731166+00:00", "symbol": "ADA-USD"}, {"trade_id": 143813558, "side": "buy", "size": "1339.04659882", "price": "0.74680000", "time": "2025-07-16T08:02:16.524132Z", "fetched_at": "2025-07-16T08:10:49.731166+00:00", "symbol": "ADA-USD"}, {"trade_id": 143813557, "side": "buy", "size": "1.50000000", "price": "0.74680000", "time": "2025-07-16T08:02:16.524132Z", "fetched_at": "2025-07-16T08:10:49.731166+00:00", "symbol": "ADA-USD"}, {"trade_id": 143813556, "side": "buy", "size": "15.73547528", "price": "0.74690000", "time": "2025-07-16T08:02:16.524132Z", "fetched_at": "2025-07-16T08:10:49.731166+00:00", "symbol": "ADA-USD"}, {"trade_id": 143813555, "side": "buy", "size": "1.50000000", "price": "0.74690000", "time": "2025-07-16T08:02:16.524132Z", "fetched_at": "2025-07-16T08:10:49.731166+00:00", "symbol": "ADA-USD"}, {"trade_id": 143813554, "side": "buy", "size": "17.11721487", "price": "0.74700000", "time": "2025-07-16T08:02:15.548080Z", "fetched_at": "2025-07-16T08:10:49.731166+00:00", "symbol": "ADA-USD"}, {"trade_id": 143813553, "side": "buy", "size": "1.50000000", "price": "0.74700000", "time": "2025-07-16T08:02:15.548080Z", "fetched_at": "2025-07-16T08:10:49.731166+00:00", "symbol": "ADA-USD"}, {"trade_id": 143813552, "side": "buy", "size": "24.29605683", "price": "0.74710000", "time": "2025-07-16T08:02:12.576716Z", "fetched_at": "2025-07-16T08:10:49.731166+00:00", "symbol": "ADA-USD"}, {"trade_id": 143813551, "side": "buy", "size": "1.50000000", "price": "0.74710000", "time": "2025-07-16T08:02:12.576716Z", "fetched_at": "2025-07-16T08:10:49.731166+00:00", "symbol": "ADA-USD"}, {"trade_id": 143813550, "side": "buy", "size": "0.00000665", "price": "0.74720000", "time": "2025-07-16T08:02:11.928670Z", "fetched_at": "2025-07-16T08:10:49.731166+00:00", "symbol": "ADA-USD"}, {"trade_id": 143813549, "side": "buy", "size": "127.11920000", "price": "0.74720000", "time": "2025-07-16T08:02:11.926797Z", "fetched_at": "2025-07-16T08:10:49.731166+00:00", "symbol": "ADA-USD"}, {"trade_id": 143813548, "side": "buy", "size": "1.50000000", "price": "0.74720000", "time": "2025-07-16T08:02:11.926797Z", "fetched_at": "2025-07-16T08:10:49.731166+00:00", "symbol": "ADA-USD"}, {"trade_id": 143813547, "side": "buy", "size": "173.95404000", "price": "0.74730000", "time": "2025-07-16T08:02:10.819987Z", "fetched_at": "2025-07-16T08:10:49.731166+00:00", "symbol": "ADA-USD"}, {"trade_id": 143813546, "side": "buy", "size": "1.50000000", "price": "0.74730000", "time": "2025-07-16T08:02:10.819987Z", "fetched_at": "2025-07-16T08:10:49.731166+00:00", "symbol": "ADA-USD"}, {"trade_id": 143813545, "side": "sell", "size": "7.38831398", "price": "0.74740000", "time": "2025-07-16T08:01:58.526049Z", "fetched_at": "2025-07-16T08:10:49.731166+00:00", "symbol": "ADA-USD"}, {"trade_id": 143813544, "side": "sell", "size": "173.98889328", "price": "0.74740000", "time": "2025-07-16T08:01:50.778190Z", "fetched_at": "2025-07-16T08:10:49.731166+00:00", "symbol": "ADA-USD"}, {"trade_id": 143813543, "side": "sell", "size": "1455.82028909", "price": "0.74730000", "time": "2025-07-16T08:01:44.845744Z", "fetched_at": "2025-07-16T08:10:49.731166+00:00", "symbol": "ADA-USD"}, {"trade_id": 143813542, "side": "sell", "size": "173.96573777", "price": "0.74730000", "time": "2025-07-16T08:01:44.845744Z", "fetched_at": "2025-07-16T08:10:49.731166+00:00", "symbol": "ADA-USD"}, {"trade_id": 143813541, "side": "sell", "size": "800.00000000", "price": "0.74730000", "time": "2025-07-16T08:01:44.845744Z", "fetched_at": "2025-07-16T08:10:49.731166+00:00", "symbol": "ADA-USD"}, {"trade_id": 143813540, "side": "sell", "size": "842.30031126", "price": "0.74730000", "time": "2025-07-16T08:01:44.845744Z", "fetched_at": "2025-07-16T08:10:49.731166+00:00", "symbol": "ADA-USD"}, {"trade_id": 143813539, "side": "sell", "size": "908.97217380", "price": "0.74730000", "time": "2025-07-16T08:01:44.845744Z", "fetched_at": "2025-07-16T08:10:49.731166+00:00", "symbol": "ADA-USD"}, {"trade_id": 143813538, "side": "sell", "size": "36.38280294", "price": "0.74730000", "time": "2025-07-16T08:01:44.845744Z", "fetched_at": "2025-07-16T08:10:49.731166+00:00", "symbol": "ADA-USD"}, {"trade_id": 143813537, "side": "buy", "size": "6.02524050", "price": "0.74720000", "time": "2025-07-16T08:01:38.178396Z", "fetched_at": "2025-07-16T08:10:49.731166+00:00", "symbol": "ADA-USD"}, {"trade_id": 143813536, "side": "buy", "size": "14.95579354", "price": "0.74720000", "time": "2025-07-16T08:01:38.167493Z", "fetched_at": "2025-07-16T08:10:49.731166+00:00", "symbol": "ADA-USD"}, {"trade_id": 143813535, "side": "buy", "size": "7.52524050", "price": "0.74720000", "time": "2025-07-16T08:01:38.157258Z", "fetched_at": "2025-07-16T08:10:49.731166+00:00", "symbol": "ADA-USD"}, {"trade_id": 143813534, "side": "buy", "size": "13.45579354", "price": "0.74720000", "time": "2025-07-16T08:01:38.146832Z", "fetched_at": "2025-07-16T08:10:49.731166+00:00", "symbol": "ADA-USD"}, {"trade_id": 143813533, "side": "buy", "size": "1.50000000", "price": "0.74720000", "time": "2025-07-16T08:01:38.146832Z", "fetched_at": "2025-07-16T08:10:49.731166+00:00", "symbol": "ADA-USD"}, {"trade_id": 143813532, "side": "buy", "size": "77.45570081", "price": "0.74730000", "time": "2025-07-16T08:01:37.946417Z", "fetched_at": "2025-07-16T08:10:49.731166+00:00", "symbol": "ADA-USD"}, {"trade_id": 143813531, "side": "buy", "size": "73.27896770", "price": "0.74730000", "time": "2025-07-16T08:01:37.942420Z", "fetched_at": "2025-07-16T08:10:49.731166+00:00", "symbol": "ADA-USD"}, {"trade_id": 143813530, "side": "buy", "size": "1.50000000", "price": "0.74730000", "time": "2025-07-16T08:01:37.942420Z", "fetched_at": "2025-07-16T08:10:49.731166+00:00", "symbol": "ADA-USD"}, {"trade_id": 143813529, "side": "sell", "size": "25.99075200", "price": "0.74740000", "time": "2025-07-16T08:01:33.327807Z", "fetched_at": "2025-07-16T08:10:49.731166+00:00", "symbol": "ADA-USD"}, {"trade_id": 143813528, "side": "sell", "size": "173.96559575", "price": "0.74750000", "time": "2025-07-16T08:01:29.306338Z", "fetched_at": "2025-07-16T08:10:49.731166+00:00", "symbol": "ADA-USD"}, {"trade_id": 143813527, "side": "sell", "size": "105.99876438", "price": "0.74730000", "time": "2025-07-16T08:01:25.213726Z", "fetched_at": "2025-07-16T08:10:49.731166+00:00", "symbol": "ADA-USD"}, {"trade_id": 143813526, "side": "sell", "size": "67.99020000", "price": "0.74730000", "time": "2025-07-16T08:01:25.213550Z", "fetched_at": "2025-07-16T08:10:49.731166+00:00", "symbol": "ADA-USD"}, {"trade_id": 143813525, "side": "buy", "size": "4.25036769", "price": "0.74720000", "time": "2025-07-16T08:01:19.375051Z", "fetched_at": "2025-07-16T08:10:49.731166+00:00", "symbol": "ADA-USD"}, {"trade_id": 143813524, "side": "buy", "size": "4.25036769", "price": "0.74720000", "time": "2025-07-16T08:01:19.361778Z", "fetched_at": "2025-07-16T08:10:49.731166+00:00", "symbol": "ADA-USD"}, {"trade_id": 143813523, "side": "buy", "size": "110.62606857", "price": "0.74720000", "time": "2025-07-16T08:01:18.993362Z", "fetched_at": "2025-07-16T08:10:49.731166+00:00", "symbol": "ADA-USD"}, {"trade_id": 143813522, "side": "buy", "size": "108.82227321", "price": "0.74720000", "time": "2025-07-16T08:01:18.965495Z", "fetched_at": "2025-07-16T08:10:49.731166+00:00", "symbol": "ADA-USD"}, {"trade_id": 143813521, "side": "buy", "size": "108.82227321", "price": "0.74720000", "time": "2025-07-16T08:01:18.912801Z", "fetched_at": "2025-07-16T08:10:49.731166+00:00", "symbol": "ADA-USD"}, {"trade_id": 143813520, "side": "buy", "size": "1.50000000", "price": "0.74720000", "time": "2025-07-16T08:01:18.912801Z", "fetched_at": "2025-07-16T08:10:49.731166+00:00", "symbol": "ADA-USD"}, {"trade_id": 143813519, "side": "buy", "size": "173.95404375", "price": "0.74730000", "time": "2025-07-16T08:01:18.192992Z", "fetched_at": "2025-07-16T08:10:49.731166+00:00", "symbol": "ADA-USD"}, {"trade_id": 143813518, "side": "buy", "size": "1.50000000", "price": "0.74730000", "time": "2025-07-16T08:01:18.192992Z", "fetched_at": "2025-07-16T08:10:49.731166+00:00", "symbol": "ADA-USD"}, {"trade_id": 143813517, "side": "sell", "size": "1218.24253692", "price": "0.74760000", "time": "2025-07-16T08:01:08.908351Z", "fetched_at": "2025-07-16T08:10:49.731166+00:00", "symbol": "ADA-USD"}, {"trade_id": 143813516, "side": "sell", "size": "654.55784824", "price": "0.74750000", "time": "2025-07-16T08:01:07.740754Z", "fetched_at": "2025-07-16T08:10:49.731166+00:00", "symbol": "ADA-USD"}, {"trade_id": 143813515, "side": "sell", "size": "2.43542877", "price": "0.74750000", "time": "2025-07-16T08:01:07.740754Z", "fetched_at": "2025-07-16T08:10:49.731166+00:00", "symbol": "ADA-USD"}, {"trade_id": 143813514, "side": "sell", "size": "118.92299150", "price": "0.74740000", "time": "2025-07-16T08:01:05.546699Z", "fetched_at": "2025-07-16T08:10:49.731166+00:00", "symbol": "ADA-USD"}, {"trade_id": 143813513, "side": "sell", "size": "656.05055539", "price": "0.74740000", "time": "2025-07-16T08:01:05.546699Z", "fetched_at": "2025-07-16T08:10:49.731166+00:00", "symbol": "ADA-USD"}, {"trade_id": 143813512, "side": "sell", "size": "173.96558971", "price": "0.74730000", "time": "2025-07-16T08:01:00.591763Z", "fetched_at": "2025-07-16T08:10:49.731166+00:00", "symbol": "ADA-USD"}, {"trade_id": 143813511, "side": "sell", "size": "2.26063600", "price": "0.74740000", "time": "2025-07-16T08:00:54.813995Z", "fetched_at": "2025-07-16T08:10:49.731166+00:00", "symbol": "ADA-USD"}, {"trade_id": 143813510, "side": "buy", "size": "119.03906000", "price": "0.74730000", "time": "2025-07-16T08:00:52.816478Z", "fetched_at": "2025-07-16T08:10:49.731166+00:00", "symbol": "ADA-USD"}, {"trade_id": 143813509, "side": "sell", "size": "290.04926000", "price": "0.74730000", "time": "2025-07-16T08:00:49.868712Z", "fetched_at": "2025-07-16T08:10:49.731166+00:00", "symbol": "ADA-USD"}, {"trade_id": 143813508, "side": "sell", "size": "173.94228427", "price": "0.74730000", "time": "2025-07-16T08:00:49.868712Z", "fetched_at": "2025-07-16T08:10:49.731166+00:00", "symbol": "ADA-USD"}, {"trade_id": 143813507, "side": "buy", "size": "629.31996163", "price": "0.74700000", "time": "2025-07-16T08:00:48.216105Z", "fetched_at": "2025-07-16T08:10:49.731166+00:00", "symbol": "ADA-USD"}, {"trade_id": 143813506, "side": "buy", "size": "102.26926495", "price": "0.74700000", "time": "2025-07-16T08:00:48.216105Z", "fetched_at": "2025-07-16T08:10:49.731166+00:00", "symbol": "ADA-USD"}, {"trade_id": 143813505, "side": "buy", "size": "1.50000000", "price": "0.74700000", "time": "2025-07-16T08:00:48.216105Z", "fetched_at": "2025-07-16T08:10:49.731166+00:00", "symbol": "ADA-USD"}, {"trade_id": 143813504, "side": "buy", "size": "1.50000000", "price": "0.74710000", "time": "2025-07-16T08:00:48.216105Z", "fetched_at": "2025-07-16T08:10:49.731166+00:00", "symbol": "ADA-USD"}, {"trade_id": 143813503, "side": "buy", "size": "18.97660851", "price": "0.74720000", "time": "2025-07-16T08:00:48.216105Z", "fetched_at": "2025-07-16T08:10:49.731166+00:00", "symbol": "ADA-USD"}, {"trade_id": 143813502, "side": "buy", "size": "1.50000000", "price": "0.74720000", "time": "2025-07-16T08:00:48.216105Z", "fetched_at": "2025-07-16T08:10:49.731166+00:00", "symbol": "ADA-USD"}, {"trade_id": 143813501, "side": "sell", "size": "11.69740364", "price": "0.74720000", "time": "2025-07-16T08:00:39.810393Z", "fetched_at": "2025-07-16T08:10:49.731166+00:00", "symbol": "ADA-USD"}, {"trade_id": 143813500, "side": "buy", "size": "311.74044817", "price": "0.74700000", "time": "2025-07-16T08:00:39.671518Z", "fetched_at": "2025-07-16T08:10:49.731166+00:00", "symbol": "ADA-USD"}, {"trade_id": 143813499, "side": "buy", "size": "594.00000000", "price": "0.74700000", "time": "2025-07-16T08:00:39.671518Z", "fetched_at": "2025-07-16T08:10:49.731166+00:00", "symbol": "ADA-USD"}, {"trade_id": 143813498, "side": "buy", "size": "24.25955183", "price": "0.74720000", "time": "2025-07-16T08:00:39.671518Z", "fetched_at": "2025-07-16T08:10:49.731166+00:00", "symbol": "ADA-USD"}, {"trade_id": 143813497, "side": "buy", "size": "293.22339415", "price": "0.74710000", "time": "2025-07-16T08:00:38.099071Z", "fetched_at": "2025-07-16T08:10:49.731166+00:00", "symbol": "ADA-USD"}, {"trade_id": 143813496, "side": "buy", "size": "1.50000000", "price": "0.74710000", "time": "2025-07-16T08:00:38.099071Z", "fetched_at": "2025-07-16T08:10:49.731166+00:00", "symbol": "ADA-USD"}, {"trade_id": 143813495, "side": "buy", "size": "127.32771679", "price": "0.74720000", "time": "2025-07-16T08:00:38.099071Z", "fetched_at": "2025-07-16T08:10:49.731166+00:00", "symbol": "ADA-USD"}, {"trade_id": 143813494, "side": "buy", "size": "290.04926000", "price": "0.74720000", "time": "2025-07-16T08:00:38.099071Z", "fetched_at": "2025-07-16T08:10:49.731166+00:00", "symbol": "ADA-USD"}, {"trade_id": 143813493, "side": "buy", "size": "50.00000000", "price": "0.74720000", "time": "2025-07-16T08:00:38.099071Z", "fetched_at": "2025-07-16T08:10:49.731166+00:00", "symbol": "ADA-USD"}, {"trade_id": 143813492, "side": "buy", "size": "575.07313297", "price": "0.74720000", "time": "2025-07-16T08:00:38.099071Z", "fetched_at": "2025-07-16T08:10:49.731166+00:00", "symbol": "ADA-USD"}, {"trade_id": 143813491, "side": "buy", "size": "661.32649609", "price": "0.74720000", "time": "2025-07-16T08:00:38.099071Z", "fetched_at": "2025-07-16T08:10:49.731166+00:00", "symbol": "ADA-USD"}, {"trade_id": 143813490, "side": "buy", "size": "1.50000000", "price": "0.74720000", "time": "2025-07-16T08:00:38.099071Z", "fetched_at": "2025-07-16T08:10:49.731166+00:00", "symbol": "ADA-USD"}, {"trade_id": 143813489, "side": "buy", "size": "851.74456865", "price": "0.74720000", "time": "2025-07-16T08:00:31.071588Z", "fetched_at": "2025-07-16T08:10:49.731166+00:00", "symbol": "ADA-USD"}, {"trade_id": 143813488, "side": "buy", "size": "659.77440312", "price": "0.74720000", "time": "2025-07-16T08:00:31.071588Z", "fetched_at": "2025-07-16T08:10:49.731166+00:00", "symbol": "ADA-USD"}, {"trade_id": 143813487, "side": "buy", "size": "594.00000000", "price": "0.74720000", "time": "2025-07-16T08:00:31.071588Z", "fetched_at": "2025-07-16T08:10:49.731166+00:00", "symbol": "ADA-USD"}, {"trade_id": 143813486, "side": "buy", "size": "173.95404375", "price": "0.74730000", "time": "2025-07-16T08:00:31.071588Z", "fetched_at": "2025-07-16T08:10:49.731166+00:00", "symbol": "ADA-USD"}, {"trade_id": 143813485, "side": "buy", "size": "719.02698448", "price": "0.74730000", "time": "2025-07-16T08:00:31.071588Z", "fetched_at": "2025-07-16T08:10:49.731166+00:00", "symbol": "ADA-USD"}, {"trade_id": 143813484, "side": "buy", "size": "1.50000000", "price": "0.74730000", "time": "2025-07-16T08:00:31.071588Z", "fetched_at": "2025-07-16T08:10:49.731166+00:00", "symbol": "ADA-USD"}, {"trade_id": 143813483, "side": "buy", "size": "640.00000000", "price": "0.74750000", "time": "2025-07-16T08:00:29.225773Z", "fetched_at": "2025-07-16T08:10:49.731166+00:00", "symbol": "ADA-USD"}, {"trade_id": 143813482, "side": "sell", "size": "2.21714593", "price": "0.74750000", "time": "2025-07-16T08:00:29.078183Z", "fetched_at": "2025-07-16T08:10:49.731166+00:00", "symbol": "ADA-USD"}, {"trade_id": 143813481, "side": "sell", "size": "169.62437401", "price": "0.74740000", "time": "2025-07-16T08:00:29.077154Z", "fetched_at": "2025-07-16T08:10:49.731166+00:00", "symbol": "ADA-USD"}, {"trade_id": 143813480, "side": "buy", "size": "484.53640227", "price": "0.74730000", "time": "2025-07-16T08:00:28.247330Z", "fetched_at": "2025-07-16T08:10:49.731166+00:00", "symbol": "ADA-USD"}, {"trade_id": 143813479, "side": "buy", "size": "680.37687198", "price": "0.74730000", "time": "2025-07-16T08:00:28.247330Z", "fetched_at": "2025-07-16T08:10:49.731166+00:00", "symbol": "ADA-USD"}, {"trade_id": 143813478, "side": "buy", "size": "173.95404375", "price": "0.74730000", "time": "2025-07-16T08:00:28.247330Z", "fetched_at": "2025-07-16T08:10:49.731166+00:00", "symbol": "ADA-USD"}, {"trade_id": 143813477, "side": "sell", "size": "4.79518100", "price": "0.74750000", "time": "2025-07-16T08:00:12.821470Z", "fetched_at": "2025-07-16T08:10:49.731166+00:00", "symbol": "ADA-USD"}, {"trade_id": 143813476, "side": "sell", "size": "1.50000000", "price": "0.74750000", "time": "2025-07-16T08:00:12.821470Z", "fetched_at": "2025-07-16T08:10:49.731166+00:00", "symbol": "ADA-USD"}, {"trade_id": 143813475, "side": "sell", "size": "1.50000000", "price": "0.74740000", "time": "2025-07-16T08:00:11.388259Z", "fetched_at": "2025-07-16T08:10:49.731166+00:00", "symbol": "ADA-USD"}, {"trade_id": 143813474, "side": "sell", "size": "22.53376500", "price": "0.74730000", "time": "2025-07-16T08:00:11.208888Z", "fetched_at": "2025-07-16T08:10:49.731166+00:00", "symbol": "ADA-USD"}, {"trade_id": 143813473, "side": "sell", "size": "150.00519000", "price": "0.74730000", "time": "2025-07-16T08:00:11.208490Z", "fetched_at": "2025-07-16T08:10:49.731166+00:00", "symbol": "ADA-USD"}, {"trade_id": 143813472, "side": "sell", "size": "1.50000000", "price": "0.74730000", "time": "2025-07-16T08:00:11.208490Z", "fetched_at": "2025-07-16T08:10:49.731166+00:00", "symbol": "ADA-USD"}, {"trade_id": 143813471, "side": "sell", "size": "174.03553853", "price": "0.74720000", "time": "2025-07-16T08:00:10.867522Z", "fetched_at": "2025-07-16T08:10:49.731166+00:00", "symbol": "ADA-USD"}, {"trade_id": 143813470, "side": "sell", "size": "1.50000000", "price": "0.74720000", "time": "2025-07-16T08:00:10.867522Z", "fetched_at": "2025-07-16T08:10:49.731166+00:00", "symbol": "ADA-USD"}, {"trade_id": 143813469, "side": "buy", "size": "29.27875400", "price": "0.74710000", "time": "2025-07-16T08:00:10.267132Z", "fetched_at": "2025-07-16T08:10:49.731166+00:00", "symbol": "ADA-USD"}, {"trade_id": 143813468, "side": "sell", "size": "174.05872715", "price": "0.74710000", "time": "2025-07-16T08:00:09.697830Z", "fetched_at": "2025-07-16T08:10:49.731166+00:00", "symbol": "ADA-USD"}, {"trade_id": 143813467, "side": "sell", "size": "2.21863655", "price": "0.74710000", "time": "2025-07-16T08:00:09.697830Z", "fetched_at": "2025-07-16T08:10:49.731166+00:00", "symbol": "ADA-USD"}, {"trade_id": 143813466, "side": "sell", "size": "174.05867553", "price": "0.74700000", "time": "2025-07-16T08:00:08.473128Z", "fetched_at": "2025-07-16T08:10:49.731166+00:00", "symbol": "ADA-USD"}, {"trade_id": 143813465, "side": "buy", "size": "1.90052318", "price": "0.74690000", "time": "2025-07-16T08:00:04.813684Z", "fetched_at": "2025-07-16T08:10:49.731166+00:00", "symbol": "ADA-USD"}, {"trade_id": 143813464, "side": "buy", "size": "275.46948308", "price": "0.74690000", "time": "2025-07-16T08:00:04.813684Z", "fetched_at": "2025-07-16T08:10:49.731166+00:00", "symbol": "ADA-USD"}, {"trade_id": 143813463, "side": "buy", "size": "84.82292940", "price": "0.74690000", "time": "2025-07-16T08:00:04.813684Z", "fetched_at": "2025-07-16T08:10:49.731166+00:00", "symbol": "ADA-USD"}, {"trade_id": 143813462, "side": "sell", "size": "260.18313300", "price": "0.74700000", "time": "2025-07-16T08:00:02.217112Z", "fetched_at": "2025-07-16T08:10:49.731166+00:00", "symbol": "ADA-USD"}, {"trade_id": 143813461, "side": "buy", "size": "62.71675000", "price": "0.74690000", "time": "2025-07-16T08:00:00.053206Z", "fetched_at": "2025-07-16T08:10:49.731166+00:00", "symbol": "ADA-USD"}, {"trade_id": 143813460, "side": "buy", "size": "2.01759819", "price": "0.74690000", "time": "2025-07-16T07:59:57.918410Z", "fetched_at": "2025-07-16T08:10:49.731166+00:00", "symbol": "ADA-USD"}, {"trade_id": 143813459, "side": "buy", "size": "5.03641501", "price": "0.74690000", "time": "2025-07-16T07:59:53.059619Z", "fetched_at": "2025-07-16T08:10:49.731166+00:00", "symbol": "ADA-USD"}, {"trade_id": 143813458, "side": "buy", "size": "25.18207503", "price": "0.74690000", "time": "2025-07-16T07:59:53.016266Z", "fetched_at": "2025-07-16T08:10:49.731166+00:00", "symbol": "ADA-USD"}, {"trade_id": 143813457, "side": "buy", "size": "122.28035642", "price": "0.74690000", "time": "2025-07-16T07:59:52.879950Z", "fetched_at": "2025-07-16T08:10:49.731166+00:00", "symbol": "ADA-USD"}, {"trade_id": 143813456, "side": "buy", "size": "2.13001875", "price": "0.74690000", "time": "2025-07-16T07:59:52.879950Z", "fetched_at": "2025-07-16T08:10:49.731166+00:00", "symbol": "ADA-USD"}, {"trade_id": 143813455, "side": "buy", "size": "1.50000000", "price": "0.74690000", "time": "2025-07-16T07:59:52.879950Z", "fetched_at": "2025-07-16T08:10:49.731166+00:00", "symbol": "ADA-USD"}, {"trade_id": 143813454, "side": "buy", "size": "2.17361777", "price": "0.74700000", "time": "2025-07-16T07:59:51.102119Z", "fetched_at": "2025-07-16T08:10:49.731166+00:00", "symbol": "ADA-USD"}, {"trade_id": 143813453, "side": "buy", "size": "1.50000000", "price": "0.74700000", "time": "2025-07-16T07:59:51.102119Z", "fetched_at": "2025-07-16T08:10:49.731166+00:00", "symbol": "ADA-USD"}, {"trade_id": 143813452, "side": "buy", "size": "2.15708704", "price": "0.74710000", "time": "2025-07-16T07:59:46.290970Z", "fetched_at": "2025-07-16T08:10:49.731166+00:00", "symbol": "ADA-USD"}, {"trade_id": 143813451, "side": "buy", "size": "1.50000000", "price": "0.74710000", "time": "2025-07-16T07:59:46.290970Z", "fetched_at": "2025-07-16T08:10:49.731166+00:00", "symbol": "ADA-USD"}, {"trade_id": 143813450, "side": "sell", "size": "1.53652700", "price": "0.74720000", "time": "2025-07-16T07:59:45.355332Z", "fetched_at": "2025-07-16T08:10:49.731166+00:00", "symbol": "ADA-USD"}, {"trade_id": 143813449, "side": "buy", "size": "2.18859920", "price": "0.74720000", "time": "2025-07-16T07:59:44.984737Z", "fetched_at": "2025-07-16T08:10:49.731166+00:00", "symbol": "ADA-USD"}, {"trade_id": 143813448, "side": "buy", "size": "114.28765251", "price": "0.74720000", "time": "2025-07-16T07:59:44.984737Z", "fetched_at": "2025-07-16T08:10:49.731166+00:00", "symbol": "ADA-USD"}, {"trade_id": 143813447, "side": "buy", "size": "1.50000000", "price": "0.74720000", "time": "2025-07-16T07:59:44.984737Z", "fetched_at": "2025-07-16T08:10:49.731166+00:00", "symbol": "ADA-USD"}, {"trade_id": 143813446, "side": "buy", "size": "21.34523882", "price": "0.74730000", "time": "2025-07-16T07:59:44.104111Z", "fetched_at": "2025-07-16T08:10:49.731166+00:00", "symbol": "ADA-USD"}, {"trade_id": 143813445, "side": "buy", "size": "21.34523882", "price": "0.74730000", "time": "2025-07-16T07:59:44.092841Z", "fetched_at": "2025-07-16T08:10:49.731166+00:00", "symbol": "ADA-USD"}, {"trade_id": 143813444, "side": "buy", "size": "21.34523882", "price": "0.74730000", "time": "2025-07-16T07:59:44.080578Z", "fetched_at": "2025-07-16T08:10:49.731166+00:00", "symbol": "ADA-USD"}, {"trade_id": 143813443, "side": "buy", "size": "21.34523882", "price": "0.74730000", "time": "2025-07-16T07:59:44.068317Z", "fetched_at": "2025-07-16T08:10:49.731166+00:00", "symbol": "ADA-USD"}, {"trade_id": 143813442, "side": "buy", "size": "21.34523882", "price": "0.74730000", "time": "2025-07-16T07:59:44.055899Z", "fetched_at": "2025-07-16T08:10:49.731166+00:00", "symbol": "ADA-USD"}, {"trade_id": 143813441, "side": "buy", "size": "21.34523882", "price": "0.74730000", "time": "2025-07-16T07:59:44.043919Z", "fetched_at": "2025-07-16T08:10:49.731166+00:00", "symbol": "ADA-USD"}, {"trade_id": 143813440, "side": "buy", "size": "21.34523882", "price": "0.74730000", "time": "2025-07-16T07:59:44.032500Z", "fetched_at": "2025-07-16T08:10:49.731166+00:00", "symbol": "ADA-USD"}, {"trade_id": 143813439, "side": "buy", "size": "21.34523882", "price": "0.74730000", "time": "2025-07-16T07:59:44.020304Z", "fetched_at": "2025-07-16T08:10:49.731166+00:00", "symbol": "ADA-USD"}, {"trade_id": 143813438, "side": "buy", "size": "21.34523882", "price": "0.74730000", "time": "2025-07-16T07:59:44.008185Z", "fetched_at": "2025-07-16T08:10:49.731166+00:00", "symbol": "ADA-USD"}, {"trade_id": 143813437, "side": "buy", "size": "21.34523882", "price": "0.74730000", "time": "2025-07-16T07:59:43.996773Z", "fetched_at": "2025-07-16T08:10:49.731166+00:00", "symbol": "ADA-USD"}, {"trade_id": 143813436, "side": "buy", "size": "21.34523882", "price": "0.74730000", "time": "2025-07-16T07:59:43.984908Z", "fetched_at": "2025-07-16T08:10:49.731166+00:00", "symbol": "ADA-USD"}, {"trade_id": 143813435, "side": "buy", "size": "21.34523882", "price": "0.74730000", "time": "2025-07-16T07:59:43.974104Z", "fetched_at": "2025-07-16T08:10:49.731166+00:00", "symbol": "ADA-USD"}, {"trade_id": 143813434, "side": "buy", "size": "21.34523882", "price": "0.74730000", "time": "2025-07-16T07:59:43.959426Z", "fetched_at": "2025-07-16T08:10:49.731166+00:00", "symbol": "ADA-USD"}, {"trade_id": 143813433, "side": "buy", "size": "21.34523882", "price": "0.74730000", "time": "2025-07-16T07:59:43.946409Z", "fetched_at": "2025-07-16T08:10:49.731166+00:00", "symbol": "ADA-USD"}, {"trade_id": 143813432, "side": "buy", "size": "21.34523882", "price": "0.74730000", "time": "2025-07-16T07:59:43.935863Z", "fetched_at": "2025-07-16T08:10:49.731166+00:00", "symbol": "ADA-USD"}, {"trade_id": 143813431, "side": "buy", "size": "21.34523882", "price": "0.74730000", "time": "2025-07-16T07:59:43.923251Z", "fetched_at": "2025-07-16T08:10:49.731166+00:00", "symbol": "ADA-USD"}, {"trade_id": 143813430, "side": "buy", "size": "20.10656354", "price": "0.74730000", "time": "2025-07-16T07:59:43.912003Z", "fetched_at": "2025-07-16T08:10:49.731166+00:00", "symbol": "ADA-USD"}, {"trade_id": 143813429, "side": "buy", "size": "4.12081563", "price": "0.74730000", "time": "2025-07-16T07:59:34.284034Z", "fetched_at": "2025-07-16T08:10:49.731166+00:00", "symbol": "ADA-USD"}, {"trade_id": 143813428, "side": "buy", "size": "4.12081563", "price": "0.74730000", "time": "2025-07-16T07:59:34.272811Z", "fetched_at": "2025-07-16T08:10:49.731166+00:00", "symbol": "ADA-USD"}, {"trade_id": 143813427, "side": "buy", "size": "20.60407814", "price": "0.74730000", "time": "2025-07-16T07:59:34.261638Z", "fetched_at": "2025-07-16T08:10:49.731166+00:00", "symbol": "ADA-USD"}, {"trade_id": 143813426, "side": "buy", "size": "20.60407814", "price": "0.74730000", "time": "2025-07-16T07:59:34.249447Z", "fetched_at": "2025-07-16T08:10:49.731166+00:00", "symbol": "ADA-USD"}, {"trade_id": 143813425, "side": "buy", "size": "103.02039071", "price": "0.74730000", "time": "2025-07-16T07:59:34.221647Z", "fetched_at": "2025-07-16T08:10:49.731166+00:00", "symbol": "ADA-USD"}, {"trade_id": 143813424, "side": "buy", "size": "341.14790981", "price": "0.74730000", "time": "2025-07-16T07:59:34.170286Z", "fetched_at": "2025-07-16T08:10:49.731166+00:00", "symbol": "ADA-USD"}, {"trade_id": 143813423, "side": "buy", "size": "173.95404375", "price": "0.74730000", "time": "2025-07-16T07:59:34.170286Z", "fetched_at": "2025-07-16T08:10:49.731166+00:00", "symbol": "ADA-USD"}, {"trade_id": 143813422, "side": "sell", "size": "160.58537437", "price": "0.74740000", "time": "2025-07-16T07:59:31.195696Z", "fetched_at": "2025-07-16T08:10:49.731166+00:00", "symbol": "ADA-USD"}, {"trade_id": 143813421, "side": "sell", "size": "173.90752563", "price": "0.74740000", "time": "2025-07-16T07:59:31.195696Z", "fetched_at": "2025-07-16T08:10:49.731166+00:00", "symbol": "ADA-USD"}, {"trade_id": 143813420, "side": "sell", "size": "254.99435709", "price": "0.74750000", "time": "2025-07-16T07:59:30.067260Z", "fetched_at": "2025-07-16T08:10:49.731166+00:00", "symbol": "ADA-USD"}, {"trade_id": 143813419, "side": "sell", "size": "674.04929067", "price": "0.74740000", "time": "2025-07-16T07:59:30.067260Z", "fetched_at": "2025-07-16T08:10:49.731166+00:00", "symbol": "ADA-USD"}, {"trade_id": 143813418, "side": "sell", "size": "173.90752563", "price": "0.74740000", "time": "2025-07-16T07:59:30.067260Z", "fetched_at": "2025-07-16T08:10:49.731166+00:00", "symbol": "ADA-USD"}, {"trade_id": 143813417, "side": "sell", "size": "715.27612771", "price": "0.74740000", "time": "2025-07-16T07:59:30.067260Z", "fetched_at": "2025-07-16T08:10:49.731166+00:00", "symbol": "ADA-USD"}, {"trade_id": 143813416, "side": "sell", "size": "638.75619890", "price": "0.74740000", "time": "2025-07-16T07:59:30.067260Z", "fetched_at": "2025-07-16T08:10:49.731166+00:00", "symbol": "ADA-USD"}, {"trade_id": 143813415, "side": "sell", "size": "594.00000000", "price": "0.74740000", "time": "2025-07-16T07:59:30.067260Z", "fetched_at": "2025-07-16T08:10:49.731166+00:00", "symbol": "ADA-USD"}, {"trade_id": 143813414, "side": "buy", "size": "6.23972646", "price": "0.74730000", "time": "2025-07-16T07:59:27.068370Z", "fetched_at": "2025-07-16T08:10:49.731166+00:00", "symbol": "ADA-USD"}, {"trade_id": 143813413, "side": "buy", "size": "5.97734019", "price": "0.74730000", "time": "2025-07-16T07:59:27.057932Z", "fetched_at": "2025-07-16T08:10:49.731166+00:00", "symbol": "ADA-USD"}, {"trade_id": 143813412, "side": "buy", "size": "6.62528844", "price": "0.74730000", "time": "2025-07-16T07:59:23.354659Z", "fetched_at": "2025-07-16T08:10:49.731166+00:00", "symbol": "ADA-USD"}, {"trade_id": 143813411, "side": "buy", "size": "7.51149010", "price": "0.74730000", "time": "2025-07-16T07:59:20.878664Z", "fetched_at": "2025-07-16T08:10:49.731166+00:00", "symbol": "ADA-USD"}, {"trade_id": 143813410, "side": "buy", "size": "117.58805504", "price": "0.74730000", "time": "2025-07-16T07:59:20.878664Z", "fetched_at": "2025-07-16T08:10:49.731166+00:00", "symbol": "ADA-USD"}, {"trade_id": 143813409, "side": "buy", "size": "473.95511110", "price": "0.74730000", "time": "2025-07-16T07:59:20.870509Z", "fetched_at": "2025-07-16T08:10:49.731166+00:00", "symbol": "ADA-USD"}, {"trade_id": 143813408, "side": "buy", "size": "1.50000000", "price": "0.74730000", "time": "2025-07-16T07:59:20.870509Z", "fetched_at": "2025-07-16T08:10:49.731166+00:00", "symbol": "ADA-USD"}, {"trade_id": 143813407, "side": "buy", "size": "7.08719772", "price": "0.74740000", "time": "2025-07-16T07:59:20.464516Z", "fetched_at": "2025-07-16T08:10:49.731166+00:00", "symbol": "ADA-USD"}, {"trade_id": 143813406, "side": "buy", "size": "152.38330266", "price": "0.74740000", "time": "2025-07-16T07:59:13.841360Z", "fetched_at": "2025-07-16T08:10:49.731166+00:00", "symbol": "ADA-USD"}, {"trade_id": 143813405, "side": "buy", "size": "1.50000000", "price": "0.74740000", "time": "2025-07-16T07:59:13.841360Z", "fetched_at": "2025-07-16T08:10:49.731166+00:00", "symbol": "ADA-USD"}, {"trade_id": 143813404, "side": "buy", "size": "152.36291693", "price": "0.74750000", "time": "2025-07-16T07:59:13.826186Z", "fetched_at": "2025-07-16T08:10:49.731166+00:00", "symbol": "ADA-USD"}, {"trade_id": 143813403, "side": "buy", "size": "173.90750086", "price": "0.74750000", "time": "2025-07-16T07:59:05.701054Z", "fetched_at": "2025-07-16T08:10:49.731166+00:00", "symbol": "ADA-USD"}, {"trade_id": 143813402, "side": "buy", "size": "1.50000000", "price": "0.74750000", "time": "2025-07-16T07:59:05.701054Z", "fetched_at": "2025-07-16T08:10:49.731166+00:00", "symbol": "ADA-USD"}, {"trade_id": 143813401, "side": "buy", "size": "1.50000000", "price": "0.74760000", "time": "2025-07-16T07:59:01.772375Z", "fetched_at": "2025-07-16T08:10:49.731166+00:00", "symbol": "ADA-USD"}, {"trade_id": 143813400, "side": "sell", "size": "3.97483900", "price": "0.74770000", "time": "2025-07-16T07:59:01.691700Z", "fetched_at": "2025-07-16T08:10:49.731166+00:00", "symbol": "ADA-USD"}, {"trade_id": 143813399, "side": "buy", "size": "73.60303345", "price": "0.74770000", "time": "2025-07-16T07:59:00.576862Z", "fetched_at": "2025-07-16T08:10:49.731166+00:00", "symbol": "ADA-USD"}, {"trade_id": 143813398, "side": "buy", "size": "128.69086307", "price": "0.74770000", "time": "2025-07-16T07:59:00.567147Z", "fetched_at": "2025-07-16T08:10:49.731166+00:00", "symbol": "ADA-USD"}, {"trade_id": 143813397, "side": "buy", "size": "269.72552405", "price": "0.74770000", "time": "2025-07-16T07:59:00.547861Z", "fetched_at": "2025-07-16T08:10:49.731166+00:00", "symbol": "ADA-USD"}, {"trade_id": 143813396, "side": "buy", "size": "114.86211305", "price": "0.74770000", "time": "2025-07-16T07:59:00.527274Z", "fetched_at": "2025-07-16T08:10:49.731166+00:00", "symbol": "ADA-USD"}, {"trade_id": 143813395, "side": "buy", "size": "111.61866573", "price": "0.74770000", "time": "2025-07-16T07:59:00.510734Z", "fetched_at": "2025-07-16T08:10:49.731166+00:00", "symbol": "ADA-USD"}, {"trade_id": 143813394, "side": "buy", "size": "79.18869501", "price": "0.74770000", "time": "2025-07-16T07:59:00.497332Z", "fetched_at": "2025-07-16T08:10:49.731166+00:00", "symbol": "ADA-USD"}, {"trade_id": 143813393, "side": "buy", "size": "93.33959550", "price": "0.74770000", "time": "2025-07-16T07:59:00.485661Z", "fetched_at": "2025-07-16T08:10:49.731166+00:00", "symbol": "ADA-USD"}, {"trade_id": 143813392, "side": "buy", "size": "63.20818492", "price": "0.74770000", "time": "2025-07-16T07:59:00.471778Z", "fetched_at": "2025-07-16T08:10:49.731166+00:00", "symbol": "ADA-USD"}, {"trade_id": 143813391, "side": "buy", "size": "63.20818492", "price": "0.74770000", "time": "2025-07-16T07:59:00.461420Z", "fetched_at": "2025-07-16T08:10:49.731166+00:00", "symbol": "ADA-USD"}, {"trade_id": 143813390, "side": "buy", "size": "316.32092460", "price": "0.74780000", "time": "2025-07-16T07:59:00.256669Z", "fetched_at": "2025-07-16T08:10:49.731166+00:00", "symbol": "ADA-USD"}, {"trade_id": 143813389, "side": "sell", "size": "863.28963787", "price": "0.74800000", "time": "2025-07-16T07:58:58.859508Z", "fetched_at": "2025-07-16T08:10:49.731166+00:00", "symbol": "ADA-USD"}, {"trade_id": 143813388, "side": "sell", "size": "1.50000000", "price": "0.74800000", "time": "2025-07-16T07:58:58.859508Z", "fetched_at": "2025-07-16T08:10:49.731166+00:00", "symbol": "ADA-USD"}, {"trade_id": 143813387, "side": "sell", "size": "50.00000000", "price": "0.74790000", "time": "2025-07-16T07:58:58.859508Z", "fetched_at": "2025-07-16T08:10:49.731166+00:00", "symbol": "ADA-USD"}, {"trade_id": 143813386, "side": "sell", "size": "664.68533377", "price": "0.74790000", "time": "2025-07-16T07:58:58.859508Z", "fetched_at": "2025-07-16T08:10:49.731166+00:00", "symbol": "ADA-USD"}, {"trade_id": 143813385, "side": "sell", "size": "592.74176336", "price": "0.74790000", "time": "2025-07-16T07:58:58.859508Z", "fetched_at": "2025-07-16T08:10:49.731166+00:00", "symbol": "ADA-USD"}, {"trade_id": 143813384, "side": "sell", "size": "1.50000000", "price": "0.74790000", "time": "2025-07-16T07:58:58.859508Z", "fetched_at": "2025-07-16T08:10:49.731166+00:00", "symbol": "ADA-USD"}, {"trade_id": 143813383, "side": "sell", "size": "1.50000000", "price": "0.74780000", "time": "2025-07-16T07:58:55.535553Z", "fetched_at": "2025-07-16T08:10:49.731166+00:00", "symbol": "ADA-USD"}, {"trade_id": 143813382, "side": "sell", "size": "3.50695700", "price": "0.74770000", "time": "2025-07-16T07:58:51.752736Z", "fetched_at": "2025-07-16T08:10:49.731166+00:00", "symbol": "ADA-USD"}, {"trade_id": 143813381, "side": "sell", "size": "1.50000000", "price": "0.74770000", "time": "2025-07-16T07:58:51.752736Z", "fetched_at": "2025-07-16T08:10:49.731166+00:00", "symbol": "ADA-USD"}, {"trade_id": 143813380, "side": "sell", "size": "1.50000000", "price": "0.74760000", "time": "2025-07-16T07:58:47.042385Z", "fetched_at": "2025-07-16T08:10:49.731166+00:00", "symbol": "ADA-USD"}, {"trade_id": 143813379, "side": "sell", "size": "1.50000000", "price": "0.74750000", "time": "2025-07-16T07:58:46.679546Z", "fetched_at": "2025-07-16T08:10:49.731166+00:00", "symbol": "ADA-USD"}, {"trade_id": 143813378, "side": "sell", "size": "775.50285943", "price": "0.74740000", "time": "2025-07-16T07:58:44.925566Z", "fetched_at": "2025-07-16T08:10:49.731166+00:00", "symbol": "ADA-USD"}, {"trade_id": 143813377, "side": "sell", "size": "24.50223200", "price": "0.74740000", "time": "2025-07-16T07:58:44.085851Z", "fetched_at": "2025-07-16T08:10:49.731166+00:00", "symbol": "ADA-USD"}, {"trade_id": 143813376, "side": "sell", "size": "1.50000000", "price": "0.74740000", "time": "2025-07-16T07:58:44.085851Z", "fetched_at": "2025-07-16T08:10:49.731166+00:00", "symbol": "ADA-USD"}, {"trade_id": 143813375, "side": "sell", "size": "128.55674500", "price": "0.74740000", "time": "2025-07-16T07:58:42.442423Z", "fetched_at": "2025-07-16T08:10:49.731166+00:00", "symbol": "ADA-USD"}, {"trade_id": 143813374, "side": "sell", "size": "1.50000000", "price": "0.74730000", "time": "2025-07-16T07:58:42.442423Z", "fetched_at": "2025-07-16T08:10:49.731166+00:00", "symbol": "ADA-USD"}, {"trade_id": 143813373, "side": "sell", "size": "0.00000537", "price": "0.74720000", "time": "2025-07-16T07:58:31.108019Z", "fetched_at": "2025-07-16T08:10:49.731166+00:00", "symbol": "ADA-USD"}, {"trade_id": 143813372, "side": "sell", "size": "23.41869502", "price": "0.74720000", "time": "2025-07-16T07:58:31.107981Z", "fetched_at": "2025-07-16T08:10:49.731166+00:00", "symbol": "ADA-USD"}, {"trade_id": 143813371, "side": "sell", "size": "150.49945498", "price": "0.74720000", "time": "2025-07-16T07:58:31.107981Z", "fetched_at": "2025-07-16T08:10:49.731166+00:00", "symbol": "ADA-USD"}, {"trade_id": 143813370, "side": "sell", "size": "0.79389722", "price": "0.74720000", "time": "2025-07-16T07:58:28.986200Z", "fetched_at": "2025-07-16T08:10:49.731166+00:00", "symbol": "ADA-USD"}, {"trade_id": 143813369, "side": "sell", "size": "15.06089400", "price": "0.74720000", "time": "2025-07-16T07:58:28.986200Z", "fetched_at": "2025-07-16T08:10:49.731166+00:00", "symbol": "ADA-USD"}, {"trade_id": 143813368, "side": "sell", "size": "1.50000000", "price": "0.74720000", "time": "2025-07-16T07:58:28.986200Z", "fetched_at": "2025-07-16T08:10:49.731166+00:00", "symbol": "ADA-USD"}, {"trade_id": 143813367, "side": "buy", "size": "140.65249900", "price": "0.74710000", "time": "2025-07-16T07:58:27.156263Z", "fetched_at": "2025-07-16T08:10:49.731166+00:00", "symbol": "ADA-USD"}, {"trade_id": 143813366, "side": "sell", "size": "0.00000802", "price": "0.74710000", "time": "2025-07-16T07:58:26.099543Z", "fetched_at": "2025-07-16T08:10:49.731166+00:00", "symbol": "ADA-USD"}, {"trade_id": 143813365, "side": "sell", "size": "174.03536000", "price": "0.74710000", "time": "2025-07-16T07:58:26.099104Z", "fetched_at": "2025-07-16T08:10:49.731166+00:00", "symbol": "ADA-USD"}, {"trade_id": 143813364, "side": "sell", "size": "1.50000000", "price": "0.74710000", "time": "2025-07-16T07:58:26.099104Z", "fetched_at": "2025-07-16T08:10:49.731166+00:00", "symbol": "ADA-USD"}, {"trade_id": 143813363, "side": "sell", "size": "4582.46597532", "price": "0.74700000", "time": "2025-07-16T07:58:22.893899Z", "fetched_at": "2025-07-16T08:10:49.731166+00:00", "symbol": "ADA-USD"}, {"trade_id": 143813362, "side": "sell", "size": "0.10000000", "price": "0.74700000", "time": "2025-07-16T07:58:18.060378Z", "fetched_at": "2025-07-16T08:10:49.731166+00:00", "symbol": "ADA-USD"}, {"trade_id": 143813361, "side": "sell", "size": "174.03541337", "price": "0.74690000", "time": "2025-07-16T07:58:17.566072Z", "fetched_at": "2025-07-16T08:10:49.731166+00:00", "symbol": "ADA-USD"}, {"trade_id": 143813360, "side": "sell", "size": "114.38529306", "price": "0.74690000", "time": "2025-07-16T07:58:17.566072Z", "fetched_at": "2025-07-16T08:10:49.731166+00:00", "symbol": "ADA-USD"}, {"trade_id": 143813359, "side": "sell", "size": "66.25619100", "price": "0.74690000", "time": "2025-07-16T07:58:16.856369Z", "fetched_at": "2025-07-16T08:10:49.731166+00:00", "symbol": "ADA-USD"}, {"trade_id": 143813358, "side": "buy", "size": "754.09866648", "price": "0.74680000", "time": "2025-07-16T07:58:14.734471Z", "fetched_at": "2025-07-16T08:10:49.731166+00:00", "symbol": "ADA-USD"}, {"trade_id": 143813357, "side": "buy", "size": "1.50000000", "price": "0.74680000", "time": "2025-07-16T07:58:14.734471Z", "fetched_at": "2025-07-16T08:10:49.731166+00:00", "symbol": "ADA-USD"}