[{"trade_id": 143788734, "side": "buy", "size": "269.76495700", "price": "0.74910000", "time": "2025-07-16T00:39:32.162885Z", "fetched_at": "2025-07-16T00:39:32.995226+00:00", "symbol": "ADA-USD"}, {"trade_id": 143788733, "side": "sell", "size": "600.00000000", "price": "0.74910000", "time": "2025-07-16T00:39:31.265347Z", "fetched_at": "2025-07-16T00:39:32.995226+00:00", "symbol": "ADA-USD"}, {"trade_id": 143788732, "side": "sell", "size": "66.49020000", "price": "0.74910000", "time": "2025-07-16T00:39:31.261823Z", "fetched_at": "2025-07-16T00:39:32.995226+00:00", "symbol": "ADA-USD"}, {"trade_id": 143788731, "side": "sell", "size": "1.50000000", "price": "0.74910000", "time": "2025-07-16T00:39:31.261823Z", "fetched_at": "2025-07-16T00:39:32.995226+00:00", "symbol": "ADA-USD"}, {"trade_id": 143788730, "side": "sell", "size": "67.99020000", "price": "0.74890000", "time": "2025-07-16T00:39:28.006666Z", "fetched_at": "2025-07-16T00:39:32.995226+00:00", "symbol": "ADA-USD"}, {"trade_id": 143788729, "side": "sell", "size": "20.86902536", "price": "0.74900000", "time": "2025-07-16T00:39:26.606588Z", "fetched_at": "2025-07-16T00:39:32.995226+00:00", "symbol": "ADA-USD"}, {"trade_id": 143788728, "side": "sell", "size": "674.71037959", "price": "0.74900000", "time": "2025-07-16T00:39:25.144401Z", "fetched_at": "2025-07-16T00:39:32.995226+00:00", "symbol": "ADA-USD"}, {"trade_id": 143788727, "side": "sell", "size": "646.21220576", "price": "0.74900000", "time": "2025-07-16T00:39:25.144401Z", "fetched_at": "2025-07-16T00:39:32.995226+00:00", "symbol": "ADA-USD"}, {"trade_id": 143788726, "side": "sell", "size": "672.86890413", "price": "0.74900000", "time": "2025-07-16T00:39:25.144401Z", "fetched_at": "2025-07-16T00:39:32.995226+00:00", "symbol": "ADA-USD"}, {"trade_id": 143788725, "side": "sell", "size": "1.50000000", "price": "0.74900000", "time": "2025-07-16T00:39:25.144401Z", "fetched_at": "2025-07-16T00:39:32.995226+00:00", "symbol": "ADA-USD"}, {"trade_id": 143788724, "side": "sell", "size": "0.63188206", "price": "0.74900000", "time": "2025-07-16T00:39:25.144401Z", "fetched_at": "2025-07-16T00:39:32.995226+00:00", "symbol": "ADA-USD"}, {"trade_id": 143788723, "side": "sell", "size": "1200.00000000", "price": "0.74900000", "time": "2025-07-16T00:39:25.144401Z", "fetched_at": "2025-07-16T00:39:32.995226+00:00", "symbol": "ADA-USD"}, {"trade_id": 143788722, "side": "sell", "size": "1.76463046", "price": "0.74890000", "time": "2025-07-16T00:39:25.144401Z", "fetched_at": "2025-07-16T00:39:32.995226+00:00", "symbol": "ADA-USD"}, {"trade_id": 143788721, "side": "sell", "size": "1.50000000", "price": "0.74890000", "time": "2025-07-16T00:39:25.144401Z", "fetched_at": "2025-07-16T00:39:32.995226+00:00", "symbol": "ADA-USD"}, {"trade_id": 143788720, "side": "sell", "size": "983.04529500", "price": "0.74890000", "time": "2025-07-16T00:39:25.144401Z", "fetched_at": "2025-07-16T00:39:32.995226+00:00", "symbol": "ADA-USD"}, {"trade_id": 143788719, "side": "sell", "size": "22.49820564", "price": "0.74880000", "time": "2025-07-16T00:39:22.014987Z", "fetched_at": "2025-07-16T00:39:32.995226+00:00", "symbol": "ADA-USD"}, {"trade_id": 143788718, "side": "sell", "size": "8.36065090", "price": "0.74870000", "time": "2025-07-16T00:39:20.985746Z", "fetched_at": "2025-07-16T00:39:32.995226+00:00", "symbol": "ADA-USD"}, {"trade_id": 143788717, "side": "buy", "size": "173.62876572", "price": "0.74870000", "time": "2025-07-16T00:39:19.366491Z", "fetched_at": "2025-07-16T00:39:32.995226+00:00", "symbol": "ADA-USD"}, {"trade_id": 143788716, "side": "sell", "size": "9.07190900", "price": "0.74890000", "time": "2025-07-16T00:39:18.104147Z", "fetched_at": "2025-07-16T00:39:32.995226+00:00", "symbol": "ADA-USD"}, {"trade_id": 143788715, "side": "sell", "size": "6.61322600", "price": "0.74890000", "time": "2025-07-16T00:39:16.097013Z", "fetched_at": "2025-07-16T00:39:32.995226+00:00", "symbol": "ADA-USD"}, {"trade_id": 143788714, "side": "sell", "size": "1.26957000", "price": "0.74890000", "time": "2025-07-16T00:39:12.582036Z", "fetched_at": "2025-07-16T00:39:32.995226+00:00", "symbol": "ADA-USD"}, {"trade_id": 143788713, "side": "sell", "size": "1.50000000", "price": "0.74880000", "time": "2025-07-16T00:39:09.807923Z", "fetched_at": "2025-07-16T00:39:32.995226+00:00", "symbol": "ADA-USD"}, {"trade_id": 143788712, "side": "buy", "size": "67.22116000", "price": "0.74870000", "time": "2025-07-16T00:39:05.343363Z", "fetched_at": "2025-07-16T00:39:32.995226+00:00", "symbol": "ADA-USD"}, {"trade_id": 143788711, "side": "sell", "size": "395.21539700", "price": "0.74870000", "time": "2025-07-16T00:39:04.279396Z", "fetched_at": "2025-07-16T00:39:32.995226+00:00", "symbol": "ADA-USD"}, {"trade_id": 143788710, "side": "sell", "size": "1.50000000", "price": "0.74870000", "time": "2025-07-16T00:39:04.279396Z", "fetched_at": "2025-07-16T00:39:32.995226+00:00", "symbol": "ADA-USD"}, {"trade_id": 143788709, "side": "buy", "size": "67.99020000", "price": "0.74860000", "time": "2025-07-16T00:38:57.567557Z", "fetched_at": "2025-07-16T00:39:32.995226+00:00", "symbol": "ADA-USD"}, {"trade_id": 143788708, "side": "buy", "size": "126.46022850", "price": "0.74850000", "time": "2025-07-16T00:38:51.705010Z", "fetched_at": "2025-07-16T00:39:32.995226+00:00", "symbol": "ADA-USD"}, {"trade_id": 143788707, "side": "buy", "size": "1.50000000", "price": "0.74850000", "time": "2025-07-16T00:38:51.705010Z", "fetched_at": "2025-07-16T00:39:32.995226+00:00", "symbol": "ADA-USD"}, {"trade_id": 143788706, "side": "buy", "size": "314.10941050", "price": "0.74850000", "time": "2025-07-16T00:38:51.705010Z", "fetched_at": "2025-07-16T00:39:32.995226+00:00", "symbol": "ADA-USD"}, {"trade_id": 143788705, "side": "sell", "size": "256.77549700", "price": "0.74870000", "time": "2025-07-16T00:38:41.641Z", "fetched_at": "2025-07-16T00:39:32.995226+00:00", "symbol": "ADA-USD"}, {"trade_id": 143788704, "side": "buy", "size": "204.00102224", "price": "0.74860000", "time": "2025-07-16T00:38:39.762841Z", "fetched_at": "2025-07-16T00:39:32.995226+00:00", "symbol": "ADA-USD"}, {"trade_id": 143788703, "side": "buy", "size": "500.00000000", "price": "0.74860000", "time": "2025-07-16T00:38:39.762841Z", "fetched_at": "2025-07-16T00:39:32.995226+00:00", "symbol": "ADA-USD"}, {"trade_id": 143788702, "side": "sell", "size": "129.84821000", "price": "0.74870000", "time": "2025-07-16T00:38:38.406210Z", "fetched_at": "2025-07-16T00:39:32.995226+00:00", "symbol": "ADA-USD"}, {"trade_id": 143788701, "side": "sell", "size": "406.86894615", "price": "0.74870000", "time": "2025-07-16T00:38:36.648107Z", "fetched_at": "2025-07-16T00:39:32.995226+00:00", "symbol": "ADA-USD"}, {"trade_id": 143788700, "side": "sell", "size": "1.50000000", "price": "0.74870000", "time": "2025-07-16T00:38:36.648107Z", "fetched_at": "2025-07-16T00:39:32.995226+00:00", "symbol": "ADA-USD"}, {"trade_id": 143788699, "side": "sell", "size": "44.60131485", "price": "0.74870000", "time": "2025-07-16T00:38:36.648107Z", "fetched_at": "2025-07-16T00:39:32.995226+00:00", "symbol": "ADA-USD"}, {"trade_id": 143788698, "side": "sell", "size": "1.50000000", "price": "0.74860000", "time": "2025-07-16T00:38:36.648107Z", "fetched_at": "2025-07-16T00:39:32.995226+00:00", "symbol": "ADA-USD"}, {"trade_id": 143788697, "side": "sell", "size": "2.19192097", "price": "0.74850000", "time": "2025-07-16T00:38:36.061750Z", "fetched_at": "2025-07-16T00:39:32.995226+00:00", "symbol": "ADA-USD"}, {"trade_id": 143788696, "side": "sell", "size": "1.50000000", "price": "0.74850000", "time": "2025-07-16T00:38:36.061750Z", "fetched_at": "2025-07-16T00:39:32.995226+00:00", "symbol": "ADA-USD"}, {"trade_id": 143788695, "side": "sell", "size": "19.46933900", "price": "0.74840000", "time": "2025-07-16T00:38:30.542445Z", "fetched_at": "2025-07-16T00:39:32.995226+00:00", "symbol": "ADA-USD"}, {"trade_id": 143788694, "side": "sell", "size": "11.54525860", "price": "0.74830000", "time": "2025-07-16T00:38:27.891165Z", "fetched_at": "2025-07-16T00:39:32.995226+00:00", "symbol": "ADA-USD"}, {"trade_id": 143788693, "side": "sell", "size": "775.31637846", "price": "0.74840000", "time": "2025-07-16T00:38:25.600924Z", "fetched_at": "2025-07-16T00:39:32.995226+00:00", "symbol": "ADA-USD"}, {"trade_id": 143788692, "side": "sell", "size": "2368.13562000", "price": "0.74840000", "time": "2025-07-16T00:38:25.600924Z", "fetched_at": "2025-07-16T00:39:32.995226+00:00", "symbol": "ADA-USD"}, {"trade_id": 143788691, "side": "sell", "size": "1705.28691000", "price": "0.74840000", "time": "2025-07-16T00:38:25.600924Z", "fetched_at": "2025-07-16T00:39:32.995226+00:00", "symbol": "ADA-USD"}, {"trade_id": 143788690, "side": "sell", "size": "2363.48038000", "price": "0.74840000", "time": "2025-07-16T00:38:25.600924Z", "fetched_at": "2025-07-16T00:39:32.995226+00:00", "symbol": "ADA-USD"}, {"trade_id": 143788689, "side": "sell", "size": "160.68555477", "price": "0.74830000", "time": "2025-07-16T00:38:25.600924Z", "fetched_at": "2025-07-16T00:39:32.995226+00:00", "symbol": "ADA-USD"}, {"trade_id": 143788688, "side": "buy", "size": "0.00000571", "price": "0.74840000", "time": "2025-07-16T00:38:24.352580Z", "fetched_at": "2025-07-16T00:39:32.995226+00:00", "symbol": "ADA-USD"}, {"trade_id": 143788687, "side": "buy", "size": "173.69836000", "price": "0.74840000", "time": "2025-07-16T00:38:24.352220Z", "fetched_at": "2025-07-16T00:39:32.995226+00:00", "symbol": "ADA-USD"}, {"trade_id": 143788686, "side": "sell", "size": "667.87781635", "price": "0.74860000", "time": "2025-07-16T00:38:22.584061Z", "fetched_at": "2025-07-16T00:39:32.995226+00:00", "symbol": "ADA-USD"}, {"trade_id": 143788685, "side": "sell", "size": "775.31637846", "price": "0.74860000", "time": "2025-07-16T00:38:22.584061Z", "fetched_at": "2025-07-16T00:39:32.995226+00:00", "symbol": "ADA-USD"}, {"trade_id": 143788684, "side": "sell", "size": "596.08757758", "price": "0.74860000", "time": "2025-07-16T00:38:22.584061Z", "fetched_at": "2025-07-16T00:39:32.995226+00:00", "symbol": "ADA-USD"}, {"trade_id": 143788683, "side": "sell", "size": "1.50000000", "price": "0.74860000", "time": "2025-07-16T00:38:22.584061Z", "fetched_at": "2025-07-16T00:39:32.995226+00:00", "symbol": "ADA-USD"}, {"trade_id": 143788682, "side": "sell", "size": "622.79280586", "price": "0.74850000", "time": "2025-07-16T00:38:22.584061Z", "fetched_at": "2025-07-16T00:39:32.995226+00:00", "symbol": "ADA-USD"}, {"trade_id": 143788681, "side": "sell", "size": "1.50000000", "price": "0.74850000", "time": "2025-07-16T00:38:22.584061Z", "fetched_at": "2025-07-16T00:39:32.995226+00:00", "symbol": "ADA-USD"}, {"trade_id": 143788680, "side": "sell", "size": "1.50000000", "price": "0.74840000", "time": "2025-07-16T00:38:16.629823Z", "fetched_at": "2025-07-16T00:39:32.995226+00:00", "symbol": "ADA-USD"}, {"trade_id": 143788679, "side": "sell", "size": "9.86181536", "price": "0.74830000", "time": "2025-07-16T00:38:12.997800Z", "fetched_at": "2025-07-16T00:39:32.995226+00:00", "symbol": "ADA-USD"}, {"trade_id": 143788678, "side": "sell", "size": "1.74637292", "price": "0.74830000", "time": "2025-07-16T00:38:12.997800Z", "fetched_at": "2025-07-16T00:39:32.995226+00:00", "symbol": "ADA-USD"}, {"trade_id": 143788677, "side": "sell", "size": "1.50000000", "price": "0.74830000", "time": "2025-07-16T00:38:12.997800Z", "fetched_at": "2025-07-16T00:39:32.995226+00:00", "symbol": "ADA-USD"}, {"trade_id": 143788676, "side": "sell", "size": "144.08637725", "price": "0.74820000", "time": "2025-07-16T00:38:11.910877Z", "fetched_at": "2025-07-16T00:39:32.995226+00:00", "symbol": "ADA-USD"}, {"trade_id": 143788675, "side": "buy", "size": "45.25527900", "price": "0.74810000", "time": "2025-07-16T00:38:08.780163Z", "fetched_at": "2025-07-16T00:39:32.995226+00:00", "symbol": "ADA-USD"}, {"trade_id": 143788674, "side": "sell", "size": "16.65615300", "price": "0.74820000", "time": "2025-07-16T00:38:06.235067Z", "fetched_at": "2025-07-16T00:39:32.995226+00:00", "symbol": "ADA-USD"}, {"trade_id": 143788673, "side": "sell", "size": "223.06280000", "price": "0.74820000", "time": "2025-07-16T00:38:06.235067Z", "fetched_at": "2025-07-16T00:39:32.995226+00:00", "symbol": "ADA-USD"}, {"trade_id": 143788672, "side": "sell", "size": "210.28160000", "price": "0.74820000", "time": "2025-07-16T00:38:06.235067Z", "fetched_at": "2025-07-16T00:39:32.995226+00:00", "symbol": "ADA-USD"}, {"trade_id": 143788671, "side": "sell", "size": "2.31555700", "price": "0.74820000", "time": "2025-07-16T00:38:03.408617Z", "fetched_at": "2025-07-16T00:39:32.995226+00:00", "symbol": "ADA-USD"}, {"trade_id": 143788670, "side": "sell", "size": "67.99020000", "price": "0.74810000", "time": "2025-07-16T00:38:02.877770Z", "fetched_at": "2025-07-16T00:39:32.995226+00:00", "symbol": "ADA-USD"}, {"trade_id": 143788669, "side": "buy", "size": "391.55597268", "price": "0.74810000", "time": "2025-07-16T00:38:02.869783Z", "fetched_at": "2025-07-16T00:39:32.995226+00:00", "symbol": "ADA-USD"}, {"trade_id": 143788668, "side": "buy", "size": "668.32504278", "price": "0.74810000", "time": "2025-07-16T00:38:02.860050Z", "fetched_at": "2025-07-16T00:39:32.995226+00:00", "symbol": "ADA-USD"}, {"trade_id": 143788667, "side": "buy", "size": "820.16616325", "price": "0.74810000", "time": "2025-07-16T00:38:02.860050Z", "fetched_at": "2025-07-16T00:39:32.995226+00:00", "symbol": "ADA-USD"}, {"trade_id": 143788666, "side": "buy", "size": "391.55597268", "price": "0.74810000", "time": "2025-07-16T00:38:02.860050Z", "fetched_at": "2025-07-16T00:39:32.995226+00:00", "symbol": "ADA-USD"}, {"trade_id": 143788665, "side": "buy", "size": "4815.50000000", "price": "0.74810000", "time": "2025-07-16T00:38:02.860050Z", "fetched_at": "2025-07-16T00:39:32.995226+00:00", "symbol": "ADA-USD"}, {"trade_id": 143788664, "side": "buy", "size": "1.50000000", "price": "0.74810000", "time": "2025-07-16T00:38:02.860050Z", "fetched_at": "2025-07-16T00:39:32.995226+00:00", "symbol": "ADA-USD"}, {"trade_id": 143788663, "side": "buy", "size": "500.00000000", "price": "0.74820000", "time": "2025-07-16T00:38:02.859875Z", "fetched_at": "2025-07-16T00:39:32.995226+00:00", "symbol": "ADA-USD"}, {"trade_id": 143788662, "side": "buy", "size": "173.74479671", "price": "0.74820000", "time": "2025-07-16T00:38:02.859875Z", "fetched_at": "2025-07-16T00:39:32.995226+00:00", "symbol": "ADA-USD"}, {"trade_id": 143788661, "side": "sell", "size": "13.44146000", "price": "0.74840000", "time": "2025-07-16T00:38:01.867030Z", "fetched_at": "2025-07-16T00:39:32.995226+00:00", "symbol": "ADA-USD"}, {"trade_id": 143788660, "side": "sell", "size": "50.00000000", "price": "0.74840000", "time": "2025-07-16T00:38:01.867030Z", "fetched_at": "2025-07-16T00:39:32.995226+00:00", "symbol": "ADA-USD"}, {"trade_id": 143788659, "side": "sell", "size": "1.50000000", "price": "0.74840000", "time": "2025-07-16T00:38:01.867030Z", "fetched_at": "2025-07-16T00:39:32.995226+00:00", "symbol": "ADA-USD"}, {"trade_id": 143788658, "side": "sell", "size": "6.82154104", "price": "0.74830000", "time": "2025-07-16T00:38:00.086484Z", "fetched_at": "2025-07-16T00:39:32.995226+00:00", "symbol": "ADA-USD"}, {"trade_id": 143788657, "side": "sell", "size": "1.74356223", "price": "0.74830000", "time": "2025-07-16T00:38:00.086484Z", "fetched_at": "2025-07-16T00:39:32.995226+00:00", "symbol": "ADA-USD"}, {"trade_id": 143788656, "side": "sell", "size": "46.37237318", "price": "0.74830000", "time": "2025-07-16T00:38:00.086484Z", "fetched_at": "2025-07-16T00:39:32.995226+00:00", "symbol": "ADA-USD"}, {"trade_id": 143788655, "side": "buy", "size": "690.96622182", "price": "0.74820000", "time": "2025-07-16T00:37:59.975380Z", "fetched_at": "2025-07-16T00:39:32.995226+00:00", "symbol": "ADA-USD"}, {"trade_id": 143788654, "side": "buy", "size": "50.00000000", "price": "0.74820000", "time": "2025-07-16T00:37:59.975380Z", "fetched_at": "2025-07-16T00:39:32.995226+00:00", "symbol": "ADA-USD"}, {"trade_id": 143788653, "side": "buy", "size": "16.43377818", "price": "0.74820000", "time": "2025-07-16T00:37:59.975380Z", "fetched_at": "2025-07-16T00:39:32.995226+00:00", "symbol": "ADA-USD"}, {"trade_id": 143788652, "side": "sell", "size": "6.28340500", "price": "0.74830000", "time": "2025-07-16T00:37:59.177089Z", "fetched_at": "2025-07-16T00:39:32.995226+00:00", "symbol": "ADA-USD"}, {"trade_id": 143788651, "side": "sell", "size": "167.81893004", "price": "0.74820000", "time": "2025-07-16T00:37:58.134251Z", "fetched_at": "2025-07-16T00:39:32.995226+00:00", "symbol": "ADA-USD"}, {"trade_id": 143788650, "side": "sell", "size": "13.31208233", "price": "0.74820000", "time": "2025-07-16T00:37:52.570988Z", "fetched_at": "2025-07-16T00:39:32.995226+00:00", "symbol": "ADA-USD"}, {"trade_id": 143788649, "side": "buy", "size": "173.74479671", "price": "0.74820000", "time": "2025-07-16T00:37:50.473412Z", "fetched_at": "2025-07-16T00:39:32.995226+00:00", "symbol": "ADA-USD"}, {"trade_id": 143788648, "side": "buy", "size": "1.50000000", "price": "0.74820000", "time": "2025-07-16T00:37:50.473412Z", "fetched_at": "2025-07-16T00:39:32.995226+00:00", "symbol": "ADA-USD"}, {"trade_id": 143788647, "side": "buy", "size": "1.50000000", "price": "0.74830000", "time": "2025-07-16T00:37:50.409940Z", "fetched_at": "2025-07-16T00:39:32.995226+00:00", "symbol": "ADA-USD"}, {"trade_id": 143788646, "side": "sell", "size": "148.35103900", "price": "0.74860000", "time": "2025-07-16T00:37:43.781464Z", "fetched_at": "2025-07-16T00:39:32.995226+00:00", "symbol": "ADA-USD"}, {"trade_id": 143788645, "side": "sell", "size": "12.96800390", "price": "0.74840000", "time": "2025-07-16T00:37:42.802251Z", "fetched_at": "2025-07-16T00:39:32.995226+00:00", "symbol": "ADA-USD"}, {"trade_id": 143788644, "side": "sell", "size": "64.64695739", "price": "0.74840000", "time": "2025-07-16T00:37:42.802251Z", "fetched_at": "2025-07-16T00:39:32.995226+00:00", "symbol": "ADA-USD"}, {"trade_id": 143788643, "side": "sell", "size": "160.98117061", "price": "0.74830000", "time": "2025-07-16T00:37:42.417018Z", "fetched_at": "2025-07-16T00:39:32.995226+00:00", "symbol": "ADA-USD"}, {"trade_id": 143788642, "side": "sell", "size": "314.11773440", "price": "0.74830000", "time": "2025-07-16T00:37:42.417018Z", "fetched_at": "2025-07-16T00:39:32.995226+00:00", "symbol": "ADA-USD"}, {"trade_id": 143788641, "side": "buy", "size": "0.00001321", "price": "0.74830000", "time": "2025-07-16T00:37:39.741328Z", "fetched_at": "2025-07-16T00:39:32.995226+00:00", "symbol": "ADA-USD"}, {"trade_id": 143788640, "side": "buy", "size": "173.72156489", "price": "0.74830000", "time": "2025-07-16T00:37:39.741231Z", "fetched_at": "2025-07-16T00:39:32.995226+00:00", "symbol": "ADA-USD"}, {"trade_id": 143788639, "side": "buy", "size": "1.50000000", "price": "0.74830000", "time": "2025-07-16T00:37:39.741231Z", "fetched_at": "2025-07-16T00:39:32.995226+00:00", "symbol": "ADA-USD"}, {"trade_id": 143788638, "side": "buy", "size": "21.34046511", "price": "0.74830000", "time": "2025-07-16T00:37:39.741231Z", "fetched_at": "2025-07-16T00:39:32.995226+00:00", "symbol": "ADA-USD"}, {"trade_id": 143788637, "side": "buy", "size": "1.50000000", "price": "0.74840000", "time": "2025-07-16T00:37:39.580757Z", "fetched_at": "2025-07-16T00:39:32.995226+00:00", "symbol": "ADA-USD"}, {"trade_id": 143788636, "side": "sell", "size": "594.00000000", "price": "0.74860000", "time": "2025-07-16T00:37:26.253443Z", "fetched_at": "2025-07-16T00:39:32.995226+00:00", "symbol": "ADA-USD"}, {"trade_id": 143788635, "side": "sell", "size": "51.94093300", "price": "0.74850000", "time": "2025-07-16T00:37:22.999859Z", "fetched_at": "2025-07-16T00:39:32.995226+00:00", "symbol": "ADA-USD"}, {"trade_id": 143788634, "side": "sell", "size": "62.13298782", "price": "0.74860000", "time": "2025-07-16T00:37:22.083345Z", "fetched_at": "2025-07-16T00:39:32.995226+00:00", "symbol": "ADA-USD"}, {"trade_id": 143788633, "side": "sell", "size": "26.02574605", "price": "0.74860000", "time": "2025-07-16T00:37:22.083345Z", "fetched_at": "2025-07-16T00:39:32.995226+00:00", "symbol": "ADA-USD"}, {"trade_id": 143788632, "side": "sell", "size": "1.50000000", "price": "0.74860000", "time": "2025-07-16T00:37:22.083345Z", "fetched_at": "2025-07-16T00:39:32.995226+00:00", "symbol": "ADA-USD"}, {"trade_id": 143788631, "side": "sell", "size": "50.00000000", "price": "0.74850000", "time": "2025-07-16T00:37:22.083345Z", "fetched_at": "2025-07-16T00:39:32.995226+00:00", "symbol": "ADA-USD"}, {"trade_id": 143788630, "side": "sell", "size": "223.06280000", "price": "0.74850000", "time": "2025-07-16T00:37:22.083345Z", "fetched_at": "2025-07-16T00:39:32.995226+00:00", "symbol": "ADA-USD"}, {"trade_id": 143788629, "side": "sell", "size": "21.88336673", "price": "0.74850000", "time": "2025-07-16T00:37:22.083345Z", "fetched_at": "2025-07-16T00:39:32.995226+00:00", "symbol": "ADA-USD"}, {"trade_id": 143788628, "side": "sell", "size": "1.50000000", "price": "0.74850000", "time": "2025-07-16T00:37:22.083345Z", "fetched_at": "2025-07-16T00:39:32.995226+00:00", "symbol": "ADA-USD"}, {"trade_id": 143788627, "side": "sell", "size": "44.65886240", "price": "0.74850000", "time": "2025-07-16T00:37:22.083345Z", "fetched_at": "2025-07-16T00:39:32.995226+00:00", "symbol": "ADA-USD"}, {"trade_id": 143788626, "side": "sell", "size": "12.99699691", "price": "0.74840000", "time": "2025-07-16T00:37:21.256907Z", "fetched_at": "2025-07-16T00:39:32.995226+00:00", "symbol": "ADA-USD"}, {"trade_id": 143788625, "side": "sell", "size": "1.50000000", "price": "0.74840000", "time": "2025-07-16T00:37:21.256907Z", "fetched_at": "2025-07-16T00:39:32.995226+00:00", "symbol": "ADA-USD"}, {"trade_id": 143788624, "side": "sell", "size": "156.83807632", "price": "0.74830000", "time": "2025-07-16T00:37:21.111701Z", "fetched_at": "2025-07-16T00:39:32.995226+00:00", "symbol": "ADA-USD"}, {"trade_id": 143788623, "side": "sell", "size": "4781.26266162", "price": "0.74830000", "time": "2025-07-16T00:37:20.456876Z", "fetched_at": "2025-07-16T00:39:32.995226+00:00", "symbol": "ADA-USD"}, {"trade_id": 143788622, "side": "buy", "size": "0.00000036", "price": "0.74820000", "time": "2025-07-16T00:37:18.972202Z", "fetched_at": "2025-07-16T00:39:32.995226+00:00", "symbol": "ADA-USD"}, {"trade_id": 143788621, "side": "buy", "size": "170.02299000", "price": "0.74820000", "time": "2025-07-16T00:37:18.968072Z", "fetched_at": "2025-07-16T00:39:32.995226+00:00", "symbol": "ADA-USD"}, {"trade_id": 143788620, "side": "buy", "size": "1.50000000", "price": "0.74820000", "time": "2025-07-16T00:37:18.968072Z", "fetched_at": "2025-07-16T00:39:32.995226+00:00", "symbol": "ADA-USD"}, {"trade_id": 143788619, "side": "sell", "size": "30.11036800", "price": "0.74840000", "time": "2025-07-16T00:37:08.376063Z", "fetched_at": "2025-07-16T00:39:32.995226+00:00", "symbol": "ADA-USD"}, {"trade_id": 143788618, "side": "sell", "size": "1.50000000", "price": "0.74840000", "time": "2025-07-16T00:37:08.376063Z", "fetched_at": "2025-07-16T00:39:32.995226+00:00", "symbol": "ADA-USD"}, {"trade_id": 143788617, "side": "sell", "size": "1.50000000", "price": "0.74830000", "time": "2025-07-16T00:37:08.376063Z", "fetched_at": "2025-07-16T00:39:32.995226+00:00", "symbol": "ADA-USD"}, {"trade_id": 143788616, "side": "sell", "size": "1.50000000", "price": "0.74820000", "time": "2025-07-16T00:37:05.206744Z", "fetched_at": "2025-07-16T00:39:32.995226+00:00", "symbol": "ADA-USD"}, {"trade_id": 143788615, "side": "sell", "size": "1.50000000", "price": "0.74810000", "time": "2025-07-16T00:37:05.039610Z", "fetched_at": "2025-07-16T00:39:32.995226+00:00", "symbol": "ADA-USD"}, {"trade_id": 143788614, "side": "sell", "size": "1.50000000", "price": "0.74800000", "time": "2025-07-16T00:37:04.816987Z", "fetched_at": "2025-07-16T00:39:32.995226+00:00", "symbol": "ADA-USD"}, {"trade_id": 143788613, "side": "sell", "size": "537.38287200", "price": "0.74800000", "time": "2025-07-16T00:37:04.816987Z", "fetched_at": "2025-07-16T00:39:32.995226+00:00", "symbol": "ADA-USD"}, {"trade_id": 143788612, "side": "sell", "size": "33.09708500", "price": "0.74800000", "time": "2025-07-16T00:37:04.680770Z", "fetched_at": "2025-07-16T00:39:32.995226+00:00", "symbol": "ADA-USD"}, {"trade_id": 143788611, "side": "buy", "size": "46.07849576", "price": "0.74790000", "time": "2025-07-16T00:37:02.704720Z", "fetched_at": "2025-07-16T00:39:32.995226+00:00", "symbol": "ADA-USD"}, {"trade_id": 143788610, "side": "buy", "size": "21.91170424", "price": "0.74790000", "time": "2025-07-16T00:37:02.704720Z", "fetched_at": "2025-07-16T00:39:32.995226+00:00", "symbol": "ADA-USD"}, {"trade_id": 143788609, "side": "sell", "size": "1.50000000", "price": "0.74790000", "time": "2025-07-16T00:37:02.692862Z", "fetched_at": "2025-07-16T00:39:32.995226+00:00", "symbol": "ADA-USD"}, {"trade_id": 143788608, "side": "buy", "size": "366.78030738", "price": "0.74770000", "time": "2025-07-16T00:37:00.318506Z", "fetched_at": "2025-07-16T00:39:32.995226+00:00", "symbol": "ADA-USD"}, {"trade_id": 143788607, "side": "buy", "size": "18.34468262", "price": "0.74770000", "time": "2025-07-16T00:37:00.318506Z", "fetched_at": "2025-07-16T00:39:32.995226+00:00", "symbol": "ADA-USD"}, {"trade_id": 143788606, "side": "sell", "size": "0.08128350", "price": "0.74770000", "time": "2025-07-16T00:36:59.683501Z", "fetched_at": "2025-07-16T00:39:32.995226+00:00", "symbol": "ADA-USD"}, {"trade_id": 143788605, "side": "sell", "size": "199.73393549", "price": "0.74770000", "time": "2025-07-16T00:36:59.663819Z", "fetched_at": "2025-07-16T00:39:32.995226+00:00", "symbol": "ADA-USD"}, {"trade_id": 143788604, "side": "buy", "size": "43.53062317", "price": "0.74770000", "time": "2025-07-16T00:36:57.103484Z", "fetched_at": "2025-07-16T00:39:32.995226+00:00", "symbol": "ADA-USD"}, {"trade_id": 143788603, "side": "buy", "size": "24.45957683", "price": "0.74770000", "time": "2025-07-16T00:36:57.103484Z", "fetched_at": "2025-07-16T00:39:32.995226+00:00", "symbol": "ADA-USD"}, {"trade_id": 143788602, "side": "buy", "size": "327.30264300", "price": "0.74760000", "time": "2025-07-16T00:36:55.997206Z", "fetched_at": "2025-07-16T00:39:32.995226+00:00", "symbol": "ADA-USD"}, {"trade_id": 143788601, "side": "sell", "size": "6.02608700", "price": "0.74780000", "time": "2025-07-16T00:36:55.570794Z", "fetched_at": "2025-07-16T00:39:32.995226+00:00", "symbol": "ADA-USD"}, {"trade_id": 143788600, "side": "sell", "size": "130.92375600", "price": "0.74780000", "time": "2025-07-16T00:36:54.996048Z", "fetched_at": "2025-07-16T00:39:32.995226+00:00", "symbol": "ADA-USD"}, {"trade_id": 143788599, "side": "sell", "size": "1.50000000", "price": "0.74780000", "time": "2025-07-16T00:36:54.996048Z", "fetched_at": "2025-07-16T00:39:32.995226+00:00", "symbol": "ADA-USD"}, {"trade_id": 143788598, "side": "buy", "size": "20.51649181", "price": "0.74760000", "time": "2025-07-16T00:36:54.564109Z", "fetched_at": "2025-07-16T00:39:32.995226+00:00", "symbol": "ADA-USD"}, {"trade_id": 143788597, "side": "buy", "size": "47.47370819", "price": "0.74760000", "time": "2025-07-16T00:36:54.564109Z", "fetched_at": "2025-07-16T00:39:32.995226+00:00", "symbol": "ADA-USD"}, {"trade_id": 143788596, "side": "buy", "size": "1.47904994", "price": "0.74750000", "time": "2025-07-16T00:36:53.775029Z", "fetched_at": "2025-07-16T00:39:32.995226+00:00", "symbol": "ADA-USD"}, {"trade_id": 143788595, "side": "buy", "size": "25.67567600", "price": "0.74750000", "time": "2025-07-16T00:36:52.557479Z", "fetched_at": "2025-07-16T00:39:32.995226+00:00", "symbol": "ADA-USD"}, {"trade_id": 143788594, "side": "buy", "size": "24.01349121", "price": "0.74750000", "time": "2025-07-16T00:36:51.368644Z", "fetched_at": "2025-07-16T00:39:32.995226+00:00", "symbol": "ADA-USD"}, {"trade_id": 143788593, "side": "buy", "size": "43.97670879", "price": "0.74750000", "time": "2025-07-16T00:36:51.368644Z", "fetched_at": "2025-07-16T00:39:32.995226+00:00", "symbol": "ADA-USD"}, {"trade_id": 143788592, "side": "sell", "size": "388.51829300", "price": "0.74770000", "time": "2025-07-16T00:36:50.796833Z", "fetched_at": "2025-07-16T00:39:32.995226+00:00", "symbol": "ADA-USD"}, {"trade_id": 143788591, "side": "sell", "size": "1.50000000", "price": "0.74770000", "time": "2025-07-16T00:36:50.796833Z", "fetched_at": "2025-07-16T00:39:32.995226+00:00", "symbol": "ADA-USD"}, {"trade_id": 143788590, "side": "buy", "size": "21.63645528", "price": "0.74740000", "time": "2025-07-16T00:36:48.309308Z", "fetched_at": "2025-07-16T00:39:32.995226+00:00", "symbol": "ADA-USD"}, {"trade_id": 143788589, "side": "buy", "size": "58.63561172", "price": "0.74740000", "time": "2025-07-16T00:36:48.309308Z", "fetched_at": "2025-07-16T00:39:32.995226+00:00", "symbol": "ADA-USD"}, {"trade_id": 143788588, "side": "sell", "size": "542.60087669", "price": "0.74760000", "time": "2025-07-16T00:36:44.865259Z", "fetched_at": "2025-07-16T00:39:32.995226+00:00", "symbol": "ADA-USD"}, {"trade_id": 143788587, "side": "sell", "size": "50.00000000", "price": "0.74760000", "time": "2025-07-16T00:36:44.865259Z", "fetched_at": "2025-07-16T00:39:32.995226+00:00", "symbol": "ADA-USD"}, {"trade_id": 143788586, "side": "sell", "size": "727.65166477", "price": "0.74760000", "time": "2025-07-16T00:36:44.865259Z", "fetched_at": "2025-07-16T00:39:32.995226+00:00", "symbol": "ADA-USD"}, {"trade_id": 143788585, "side": "sell", "size": "1.50000000", "price": "0.74760000", "time": "2025-07-16T00:36:44.865259Z", "fetched_at": "2025-07-16T00:39:32.995226+00:00", "symbol": "ADA-USD"}, {"trade_id": 143788584, "side": "sell", "size": "1774.55603072", "price": "0.74750000", "time": "2025-07-16T00:36:42.122625Z", "fetched_at": "2025-07-16T00:39:32.995226+00:00", "symbol": "ADA-USD"}, {"trade_id": 143788583, "side": "sell", "size": "223.06280000", "price": "0.74750000", "time": "2025-07-16T00:36:42.122625Z", "fetched_at": "2025-07-16T00:39:32.995226+00:00", "symbol": "ADA-USD"}, {"trade_id": 143788582, "side": "sell", "size": "210.28160000", "price": "0.74750000", "time": "2025-07-16T00:36:42.122625Z", "fetched_at": "2025-07-16T00:39:32.995226+00:00", "symbol": "ADA-USD"}, {"trade_id": 143788581, "side": "sell", "size": "1.74825175", "price": "0.74740000", "time": "2025-07-16T00:36:42.122625Z", "fetched_at": "2025-07-16T00:39:32.995226+00:00", "symbol": "ADA-USD"}, {"trade_id": 143788580, "side": "sell", "size": "6.03026053", "price": "0.74740000", "time": "2025-07-16T00:36:42.122625Z", "fetched_at": "2025-07-16T00:39:32.995226+00:00", "symbol": "ADA-USD"}, {"trade_id": 143788579, "side": "sell", "size": "33.72396279", "price": "0.74740000", "time": "2025-07-16T00:36:41.304474Z", "fetched_at": "2025-07-16T00:39:32.995226+00:00", "symbol": "ADA-USD"}, {"trade_id": 143788578, "side": "sell", "size": "26.95724491", "price": "0.74750000", "time": "2025-07-16T00:36:34.440446Z", "fetched_at": "2025-07-16T00:39:32.995226+00:00", "symbol": "ADA-USD"}, {"trade_id": 143788577, "side": "sell", "size": "12.05720709", "price": "0.74740000", "time": "2025-07-16T00:36:34.440446Z", "fetched_at": "2025-07-16T00:39:32.995226+00:00", "symbol": "ADA-USD"}, {"trade_id": 143788576, "side": "sell", "size": "155.00075562", "price": "0.74730000", "time": "2025-07-16T00:36:34.188744Z", "fetched_at": "2025-07-16T00:39:32.995226+00:00", "symbol": "ADA-USD"}, {"trade_id": 143788575, "side": "buy", "size": "33.78830500", "price": "0.74710000", "time": "2025-07-16T00:36:27.847275Z", "fetched_at": "2025-07-16T00:39:32.995226+00:00", "symbol": "ADA-USD"}, {"trade_id": 143788574, "side": "sell", "size": "334.59420000", "price": "0.74720000", "time": "2025-07-16T00:36:27.077516Z", "fetched_at": "2025-07-16T00:39:32.995226+00:00", "symbol": "ADA-USD"}, {"trade_id": 143788573, "side": "buy", "size": "601.14402977", "price": "0.74720000", "time": "2025-07-16T00:36:27.072099Z", "fetched_at": "2025-07-16T00:39:32.995226+00:00", "symbol": "ADA-USD"}, {"trade_id": 143788572, "side": "buy", "size": "67.99020000", "price": "0.74720000", "time": "2025-07-16T00:36:27.070008Z", "fetched_at": "2025-07-16T00:39:32.995226+00:00", "symbol": "ADA-USD"}, {"trade_id": 143788571, "side": "buy", "size": "563.41864000", "price": "0.74730000", "time": "2025-07-16T00:36:27.068124Z", "fetched_at": "2025-07-16T00:39:32.995226+00:00", "symbol": "ADA-USD"}, {"trade_id": 143788570, "side": "buy", "size": "50.00000000", "price": "0.74730000", "time": "2025-07-16T00:36:27.068124Z", "fetched_at": "2025-07-16T00:39:32.995226+00:00", "symbol": "ADA-USD"}, {"trade_id": 143788569, "side": "buy", "size": "173.95404375", "price": "0.74730000", "time": "2025-07-16T00:36:27.068124Z", "fetched_at": "2025-07-16T00:39:32.995226+00:00", "symbol": "ADA-USD"}, {"trade_id": 143788568, "side": "buy", "size": "78.18081562", "price": "0.74730000", "time": "2025-07-16T00:36:27.068124Z", "fetched_at": "2025-07-16T00:39:32.995226+00:00", "symbol": "ADA-USD"}, {"trade_id": 143788567, "side": "sell", "size": "2.27864600", "price": "0.74750000", "time": "2025-07-16T00:36:23.209242Z", "fetched_at": "2025-07-16T00:39:32.995226+00:00", "symbol": "ADA-USD"}, {"trade_id": 143788566, "side": "sell", "size": "1.50000000", "price": "0.74750000", "time": "2025-07-16T00:36:23.209242Z", "fetched_at": "2025-07-16T00:39:32.995226+00:00", "symbol": "ADA-USD"}, {"trade_id": 143788565, "side": "buy", "size": "67.99020000", "price": "0.74720000", "time": "2025-07-16T00:36:14.738633Z", "fetched_at": "2025-07-16T00:39:32.995226+00:00", "symbol": "ADA-USD"}, {"trade_id": 143788564, "side": "buy", "size": "32.17904300", "price": "0.74710000", "time": "2025-07-16T00:36:10.198501Z", "fetched_at": "2025-07-16T00:39:32.995226+00:00", "symbol": "ADA-USD"}, {"trade_id": 143788563, "side": "sell", "size": "32.52289200", "price": "0.74720000", "time": "2025-07-16T00:36:06.730386Z", "fetched_at": "2025-07-16T00:39:32.995226+00:00", "symbol": "ADA-USD"}, {"trade_id": 143788562, "side": "sell", "size": "761.61163264", "price": "0.74710000", "time": "2025-07-16T00:36:01.877800Z", "fetched_at": "2025-07-16T00:39:32.995226+00:00", "symbol": "ADA-USD"}, {"trade_id": 143788561, "side": "sell", "size": "199.96976300", "price": "0.74740000", "time": "2025-07-16T00:35:57.834089Z", "fetched_at": "2025-07-16T00:39:32.995226+00:00", "symbol": "ADA-USD"}, {"trade_id": 143788560, "side": "sell", "size": "13.25301200", "price": "0.74730000", "time": "2025-07-16T00:35:56.743598Z", "fetched_at": "2025-07-16T00:39:32.995226+00:00", "symbol": "ADA-USD"}, {"trade_id": 143788559, "side": "sell", "size": "11.42168700", "price": "0.74740000", "time": "2025-07-16T00:35:56.454505Z", "fetched_at": "2025-07-16T00:39:32.995226+00:00", "symbol": "ADA-USD"}, {"trade_id": 143788558, "side": "sell", "size": "1.50000000", "price": "0.74740000", "time": "2025-07-16T00:35:56.454505Z", "fetched_at": "2025-07-16T00:39:32.995226+00:00", "symbol": "ADA-USD"}, {"trade_id": 143788557, "side": "sell", "size": "4.56208331", "price": "0.74730000", "time": "2025-07-16T00:35:55.427980Z", "fetched_at": "2025-07-16T00:39:32.995226+00:00", "symbol": "ADA-USD"}, {"trade_id": 143788556, "side": "sell", "size": "1.73309769", "price": "0.74730000", "time": "2025-07-16T00:35:55.427980Z", "fetched_at": "2025-07-16T00:39:32.995226+00:00", "symbol": "ADA-USD"}, {"trade_id": 143788555, "side": "sell", "size": "6.29518100", "price": "0.74730000", "time": "2025-07-16T00:35:54.667277Z", "fetched_at": "2025-07-16T00:39:32.995226+00:00", "symbol": "ADA-USD"}, {"trade_id": 143788554, "side": "sell", "size": "1.32530100", "price": "0.74730000", "time": "2025-07-16T00:35:54.633537Z", "fetched_at": "2025-07-16T00:39:32.995226+00:00", "symbol": "ADA-USD"}, {"trade_id": 143788553, "side": "sell", "size": "116.77321769", "price": "0.74730000", "time": "2025-07-16T00:35:53.977740Z", "fetched_at": "2025-07-16T00:39:32.995226+00:00", "symbol": "ADA-USD"}, {"trade_id": 143788552, "side": "sell", "size": "0.58200888", "price": "0.74730000", "time": "2025-07-16T00:35:53.977740Z", "fetched_at": "2025-07-16T00:39:32.995226+00:00", "symbol": "ADA-USD"}, {"trade_id": 143788551, "side": "sell", "size": "12.70151843", "price": "0.74720000", "time": "2025-07-16T00:35:53.977740Z", "fetched_at": "2025-07-16T00:39:32.995226+00:00", "symbol": "ADA-USD"}, {"trade_id": 143788550, "side": "sell", "size": "0.91799112", "price": "0.74730000", "time": "2025-07-16T00:35:53.404560Z", "fetched_at": "2025-07-16T00:39:32.995226+00:00", "symbol": "ADA-USD"}, {"trade_id": 143788549, "side": "sell", "size": "10.50369588", "price": "0.74720000", "time": "2025-07-16T00:35:53.404560Z", "fetched_at": "2025-07-16T00:39:32.995226+00:00", "symbol": "ADA-USD"}, {"trade_id": 143788548, "side": "sell", "size": "1.50000000", "price": "0.74720000", "time": "2025-07-16T00:35:53.404560Z", "fetched_at": "2025-07-16T00:39:32.995226+00:00", "symbol": "ADA-USD"}, {"trade_id": 143788547, "side": "sell", "size": "77.76515363", "price": "0.74710000", "time": "2025-07-16T00:35:53.001797Z", "fetched_at": "2025-07-16T00:39:32.995226+00:00", "symbol": "ADA-USD"}, {"trade_id": 143788546, "side": "sell", "size": "67.99020000", "price": "0.74710000", "time": "2025-07-16T00:35:51.997600Z", "fetched_at": "2025-07-16T00:39:32.995226+00:00", "symbol": "ADA-USD"}, {"trade_id": 143788545, "side": "buy", "size": "170.45849647", "price": "0.74700000", "time": "2025-07-16T00:35:44.795455Z", "fetched_at": "2025-07-16T00:39:32.995226+00:00", "symbol": "ADA-USD"}, {"trade_id": 143788544, "side": "buy", "size": "669.34404283", "price": "0.74700000", "time": "2025-07-16T00:35:44.795455Z", "fetched_at": "2025-07-16T00:39:32.995226+00:00", "symbol": "ADA-USD"}, {"trade_id": 143788543, "side": "sell", "size": "3.82490695", "price": "0.74710000", "time": "2025-07-16T00:35:41.930398Z", "fetched_at": "2025-07-16T00:39:32.995226+00:00", "symbol": "ADA-USD"}, {"trade_id": 143788542, "side": "sell", "size": "21.84482914", "price": "0.74710000", "time": "2025-07-16T00:35:41.599562Z", "fetched_at": "2025-07-16T00:39:32.995226+00:00", "symbol": "ADA-USD"}, {"trade_id": 143788541, "side": "sell", "size": "196.53165650", "price": "0.74710000", "time": "2025-07-16T00:35:40.177794Z", "fetched_at": "2025-07-16T00:39:32.995226+00:00", "symbol": "ADA-USD"}, {"trade_id": 143788540, "side": "sell", "size": "50.00000000", "price": "0.74710000", "time": "2025-07-16T00:35:40.177794Z", "fetched_at": "2025-07-16T00:39:32.995226+00:00", "symbol": "ADA-USD"}, {"trade_id": 143788539, "side": "sell", "size": "132.53808450", "price": "0.74700000", "time": "2025-07-16T00:35:40.177794Z", "fetched_at": "2025-07-16T00:39:32.995226+00:00", "symbol": "ADA-USD"}, {"trade_id": 143788538, "side": "sell", "size": "13.24769200", "price": "0.74700000", "time": "2025-07-16T00:35:39.108218Z", "fetched_at": "2025-07-16T00:39:32.995226+00:00", "symbol": "ADA-USD"}, {"trade_id": 143788537, "side": "buy", "size": "500.00000000", "price": "0.74690000", "time": "2025-07-16T00:35:37.693159Z", "fetched_at": "2025-07-16T00:39:32.995226+00:00", "symbol": "ADA-USD"}, {"trade_id": 143788536, "side": "buy", "size": "171.59369221", "price": "0.74690000", "time": "2025-07-16T00:35:37.693159Z", "fetched_at": "2025-07-16T00:39:32.995226+00:00", "symbol": "ADA-USD"}, {"trade_id": 143788535, "side": "buy", "size": "200.00000000", "price": "0.74700000", "time": "2025-07-16T00:35:37.614285Z", "fetched_at": "2025-07-16T00:39:32.995226+00:00", "symbol": "ADA-USD"}, {"trade_id": 143788534, "side": "sell", "size": "66.59723248", "price": "0.74720000", "time": "2025-07-16T00:35:31.731241Z", "fetched_at": "2025-07-16T00:39:32.995226+00:00", "symbol": "ADA-USD"}, {"trade_id": 143788533, "side": "sell", "size": "1.39296752", "price": "0.74720000", "time": "2025-07-16T00:35:31.731241Z", "fetched_at": "2025-07-16T00:39:32.995226+00:00", "symbol": "ADA-USD"}, {"trade_id": 143788532, "side": "sell", "size": "11.82989828", "price": "0.74720000", "time": "2025-07-16T00:35:30.219107Z", "fetched_at": "2025-07-16T00:39:32.995226+00:00", "symbol": "ADA-USD"}, {"trade_id": 143788531, "side": "sell", "size": "1.50000000", "price": "0.74720000", "time": "2025-07-16T00:35:30.219107Z", "fetched_at": "2025-07-16T00:39:32.995226+00:00", "symbol": "ADA-USD"}, {"trade_id": 143788530, "side": "sell", "size": "5.86019375", "price": "0.74710000", "time": "2025-07-16T00:35:29.906071Z", "fetched_at": "2025-07-16T00:39:32.995226+00:00", "symbol": "ADA-USD"}, {"trade_id": 143788529, "side": "sell", "size": "0.50120500", "price": "0.74710000", "time": "2025-07-16T00:35:25.991974Z", "fetched_at": "2025-07-16T00:39:32.995226+00:00", "symbol": "ADA-USD"}, {"trade_id": 143788528, "side": "sell", "size": "1.50000000", "price": "0.74710000", "time": "2025-07-16T00:35:25.991974Z", "fetched_at": "2025-07-16T00:39:32.995226+00:00", "symbol": "ADA-USD"}, {"trade_id": 143788527, "side": "sell", "size": "594.00000000", "price": "0.74700000", "time": "2025-07-16T00:35:24.624364Z", "fetched_at": "2025-07-16T00:39:32.995226+00:00", "symbol": "ADA-USD"}, {"trade_id": 143788526, "side": "buy", "size": "0.30111400", "price": "0.74700000", "time": "2025-07-16T00:35:16.543646Z", "fetched_at": "2025-07-16T00:39:32.995226+00:00", "symbol": "ADA-USD"}, {"trade_id": 143788525, "side": "sell", "size": "1.50000000", "price": "0.74700000", "time": "2025-07-16T00:35:13.111613Z", "fetched_at": "2025-07-16T00:39:32.995226+00:00", "symbol": "ADA-USD"}, {"trade_id": 143788524, "side": "sell", "size": "30.04208506", "price": "0.74700000", "time": "2025-07-16T00:35:13.111613Z", "fetched_at": "2025-07-16T00:39:32.995226+00:00", "symbol": "ADA-USD"}, {"trade_id": 143788523, "side": "sell", "size": "1.50000000", "price": "0.74690000", "time": "2025-07-16T00:35:12.052014Z", "fetched_at": "2025-07-16T00:39:32.995226+00:00", "symbol": "ADA-USD"}, {"trade_id": 143788522, "side": "sell", "size": "44.78848435", "price": "0.74690000", "time": "2025-07-16T00:35:12.052014Z", "fetched_at": "2025-07-16T00:39:32.995226+00:00", "symbol": "ADA-USD"}, {"trade_id": 143788521, "side": "sell", "size": "2.63653974", "price": "0.74670000", "time": "2025-07-16T00:35:09.278326Z", "fetched_at": "2025-07-16T00:39:32.995226+00:00", "symbol": "ADA-USD"}, {"trade_id": 143788520, "side": "sell", "size": "11.30480035", "price": "0.74680000", "time": "2025-07-16T00:35:08.678949Z", "fetched_at": "2025-07-16T00:39:32.995226+00:00", "symbol": "ADA-USD"}, {"trade_id": 143788519, "side": "sell", "size": "1.50000000", "price": "0.74680000", "time": "2025-07-16T00:35:08.678949Z", "fetched_at": "2025-07-16T00:39:32.995226+00:00", "symbol": "ADA-USD"}, {"trade_id": 143788518, "side": "sell", "size": "9.89658857", "price": "0.74680000", "time": "2025-07-16T00:35:08.678949Z", "fetched_at": "2025-07-16T00:39:32.995226+00:00", "symbol": "ADA-USD"}, {"trade_id": 143788517, "side": "sell", "size": "6.81333690", "price": "0.74680000", "time": "2025-07-16T00:35:08.290867Z", "fetched_at": "2025-07-16T00:39:32.995226+00:00", "symbol": "ADA-USD"}, {"trade_id": 143788516, "side": "sell", "size": "120.32038682", "price": "0.74670000", "time": "2025-07-16T00:35:05.987971Z", "fetched_at": "2025-07-16T00:39:32.995226+00:00", "symbol": "ADA-USD"}, {"trade_id": 143788515, "side": "sell", "size": "1.50000000", "price": "0.74670000", "time": "2025-07-16T00:35:05.987971Z", "fetched_at": "2025-07-16T00:39:32.995226+00:00", "symbol": "ADA-USD"}, {"trade_id": 143788514, "side": "sell", "size": "4.55464123", "price": "0.74670000", "time": "2025-07-16T00:35:05.987971Z", "fetched_at": "2025-07-16T00:39:32.995226+00:00", "symbol": "ADA-USD"}, {"trade_id": 143788513, "side": "sell", "size": "1.50000000", "price": "0.74660000", "time": "2025-07-16T00:35:05.296837Z", "fetched_at": "2025-07-16T00:39:32.995226+00:00", "symbol": "ADA-USD"}, {"trade_id": 143788512, "side": "sell", "size": "174.12871893", "price": "0.74650000", "time": "2025-07-16T00:35:04.931893Z", "fetched_at": "2025-07-16T00:39:32.995226+00:00", "symbol": "ADA-USD"}, {"trade_id": 143788511, "side": "sell", "size": "46.41466900", "price": "0.74650000", "time": "2025-07-16T00:35:02.635791Z", "fetched_at": "2025-07-16T00:39:32.995226+00:00", "symbol": "ADA-USD"}, {"trade_id": 143788510, "side": "sell", "size": "6.29771000", "price": "0.74650000", "time": "2025-07-16T00:34:57.033040Z", "fetched_at": "2025-07-16T00:39:32.995226+00:00", "symbol": "ADA-USD"}, {"trade_id": 143788509, "side": "buy", "size": "466.62297014", "price": "0.74640000", "time": "2025-07-16T00:34:56.746245Z", "fetched_at": "2025-07-16T00:39:32.995226+00:00", "symbol": "ADA-USD"}, {"trade_id": 143788508, "side": "buy", "size": "33.37702986", "price": "0.74640000", "time": "2025-07-16T00:34:56.746245Z", "fetched_at": "2025-07-16T00:39:32.995226+00:00", "symbol": "ADA-USD"}, {"trade_id": 143788507, "side": "sell", "size": "6.61848626", "price": "0.74650000", "time": "2025-07-16T00:34:54.692458Z", "fetched_at": "2025-07-16T00:39:32.995226+00:00", "symbol": "ADA-USD"}, {"trade_id": 143788506, "side": "sell", "size": "9.95878518", "price": "0.74650000", "time": "2025-07-16T00:34:54.149488Z", "fetched_at": "2025-07-16T00:39:32.995226+00:00", "symbol": "ADA-USD"}, {"trade_id": 143788505, "side": "sell", "size": "29.09224582", "price": "0.74650000", "time": "2025-07-16T00:34:54.149488Z", "fetched_at": "2025-07-16T00:39:32.995226+00:00", "symbol": "ADA-USD"}, {"trade_id": 143788504, "side": "buy", "size": "167.22576389", "price": "0.74650000", "time": "2025-07-16T00:34:52.790496Z", "fetched_at": "2025-07-16T00:39:32.995226+00:00", "symbol": "ADA-USD"}, {"trade_id": 143788503, "side": "sell", "size": "3.54995981", "price": "0.74660000", "time": "2025-07-16T00:34:50.009224Z", "fetched_at": "2025-07-16T00:39:32.995226+00:00", "symbol": "ADA-USD"}, {"trade_id": 143788502, "side": "buy", "size": "50.00000000", "price": "0.74650000", "time": "2025-07-16T00:34:43.620020Z", "fetched_at": "2025-07-16T00:39:32.995226+00:00", "symbol": "ADA-USD"}, {"trade_id": 143788501, "side": "buy", "size": "174.14046470", "price": "0.74650000", "time": "2025-07-16T00:34:43.620020Z", "fetched_at": "2025-07-16T00:39:32.995226+00:00", "symbol": "ADA-USD"}, {"trade_id": 143788500, "side": "buy", "size": "439.67254080", "price": "0.74650000", "time": "2025-07-16T00:34:43.620020Z", "fetched_at": "2025-07-16T00:39:32.995226+00:00", "symbol": "ADA-USD"}, {"trade_id": 143788499, "side": "buy", "size": "65.45331154", "price": "0.74650000", "time": "2025-07-16T00:34:43.620020Z", "fetched_at": "2025-07-16T00:39:32.995226+00:00", "symbol": "ADA-USD"}, {"trade_id": 143788498, "side": "sell", "size": "1.50000000", "price": "0.74660000", "time": "2025-07-16T00:34:43.274031Z", "fetched_at": "2025-07-16T00:39:32.995226+00:00", "symbol": "ADA-USD"}, {"trade_id": 143788497, "side": "sell", "size": "46.10649237", "price": "0.74660000", "time": "2025-07-16T00:34:43.274031Z", "fetched_at": "2025-07-16T00:39:32.995226+00:00", "symbol": "ADA-USD"}, {"trade_id": 143788496, "side": "sell", "size": "27.34000000", "price": "0.74660000", "time": "2025-07-16T00:34:43.274031Z", "fetched_at": "2025-07-16T00:39:32.995226+00:00", "symbol": "ADA-USD"}, {"trade_id": 143788495, "side": "sell", "size": "160.73602453", "price": "0.74650000", "time": "2025-07-16T00:34:43.212770Z", "fetched_at": "2025-07-16T00:39:32.995226+00:00", "symbol": "ADA-USD"}, {"trade_id": 143788494, "side": "sell", "size": "464.72941568", "price": "0.74650000", "time": "2025-07-16T00:34:43.212770Z", "fetched_at": "2025-07-16T00:39:32.995226+00:00", "symbol": "ADA-USD"}, {"trade_id": 143788493, "side": "buy", "size": "342.87655259", "price": "0.74640000", "time": "2025-07-16T00:34:42.396378Z", "fetched_at": "2025-07-16T00:39:32.995226+00:00", "symbol": "ADA-USD"}, {"trade_id": 143788492, "side": "buy", "size": "174.16379541", "price": "0.74640000", "time": "2025-07-16T00:34:42.396378Z", "fetched_at": "2025-07-16T00:39:32.995226+00:00", "symbol": "ADA-USD"}, {"trade_id": 143788491, "side": "sell", "size": "7.83216116", "price": "0.74650000", "time": "2025-07-16T00:34:40.316958Z", "fetched_at": "2025-07-16T00:39:32.995226+00:00", "symbol": "ADA-USD"}, {"trade_id": 143788490, "side": "sell", "size": "92.67668314", "price": "0.74650000", "time": "2025-07-16T00:34:40.182188Z", "fetched_at": "2025-07-16T00:39:32.995226+00:00", "symbol": "ADA-USD"}, {"trade_id": 143788489, "side": "sell", "size": "1.50000000", "price": "0.74650000", "time": "2025-07-16T00:34:40.182188Z", "fetched_at": "2025-07-16T00:39:32.995226+00:00", "symbol": "ADA-USD"}, {"trade_id": 143788488, "side": "sell", "size": "54.21122198", "price": "0.74650000", "time": "2025-07-16T00:34:40.182188Z", "fetched_at": "2025-07-16T00:39:32.995226+00:00", "symbol": "ADA-USD"}, {"trade_id": 143788487, "side": "buy", "size": "100.01129026", "price": "0.74640000", "time": "2025-07-16T00:34:35.617309Z", "fetched_at": "2025-07-16T00:39:32.995226+00:00", "symbol": "ADA-USD"}, {"trade_id": 143788486, "side": "sell", "size": "1.50000000", "price": "0.74640000", "time": "2025-07-16T00:34:32.205259Z", "fetched_at": "2025-07-16T00:39:32.995226+00:00", "symbol": "ADA-USD"}, {"trade_id": 143788485, "side": "sell", "size": "7.30717032", "price": "0.74640000", "time": "2025-07-16T00:34:32.205259Z", "fetched_at": "2025-07-16T00:39:32.995226+00:00", "symbol": "ADA-USD"}, {"trade_id": 143788484, "side": "sell", "size": "66.49020000", "price": "0.74630000", "time": "2025-07-16T00:34:30.276873Z", "fetched_at": "2025-07-16T00:39:32.995226+00:00", "symbol": "ADA-USD"}, {"trade_id": 143788483, "side": "sell", "size": "1.50000000", "price": "0.74630000", "time": "2025-07-16T00:34:30.276873Z", "fetched_at": "2025-07-16T00:39:32.995226+00:00", "symbol": "ADA-USD"}, {"trade_id": 143788482, "side": "sell", "size": "6.63272100", "price": "0.74620000", "time": "2025-07-16T00:34:24.610720Z", "fetched_at": "2025-07-16T00:39:32.995226+00:00", "symbol": "ADA-USD"}, {"trade_id": 143788481, "side": "sell", "size": "51.01830941", "price": "0.74620000", "time": "2025-07-16T00:34:19.955640Z", "fetched_at": "2025-07-16T00:39:32.995226+00:00", "symbol": "ADA-USD"}, {"trade_id": 143788480, "side": "sell", "size": "16.97189059", "price": "0.74620000", "time": "2025-07-16T00:34:19.955640Z", "fetched_at": "2025-07-16T00:39:32.995226+00:00", "symbol": "ADA-USD"}, {"trade_id": 143788479, "side": "sell", "size": "32.55712800", "price": "0.74620000", "time": "2025-07-16T00:34:19.005922Z", "fetched_at": "2025-07-16T00:39:32.995226+00:00", "symbol": "ADA-USD"}, {"trade_id": 143788478, "side": "sell", "size": "23.29796226", "price": "0.74630000", "time": "2025-07-16T00:34:15.498638Z", "fetched_at": "2025-07-16T00:39:32.995226+00:00", "symbol": "ADA-USD"}, {"trade_id": 143788477, "side": "sell", "size": "1.50000000", "price": "0.74630000", "time": "2025-07-16T00:34:15.498638Z", "fetched_at": "2025-07-16T00:39:32.995226+00:00", "symbol": "ADA-USD"}, {"trade_id": 143788476, "side": "sell", "size": "26.08894692", "price": "0.74630000", "time": "2025-07-16T00:34:15.498638Z", "fetched_at": "2025-07-16T00:39:32.995226+00:00", "symbol": "ADA-USD"}, {"trade_id": 143788475, "side": "sell", "size": "22.62918745", "price": "0.74620000", "time": "2025-07-16T00:34:15.498638Z", "fetched_at": "2025-07-16T00:39:32.995226+00:00", "symbol": "ADA-USD"}, {"trade_id": 143788474, "side": "sell", "size": "26.62946769", "price": "0.74620000", "time": "2025-07-16T00:34:12.021710Z", "fetched_at": "2025-07-16T00:39:32.995226+00:00", "symbol": "ADA-USD"}, {"trade_id": 143788473, "side": "sell", "size": "1.50000000", "price": "0.74620000", "time": "2025-07-16T00:34:12.021710Z", "fetched_at": "2025-07-16T00:39:32.995226+00:00", "symbol": "ADA-USD"}, {"trade_id": 143788472, "side": "sell", "size": "23.32608511", "price": "0.74610000", "time": "2025-07-16T00:34:06.385308Z", "fetched_at": "2025-07-16T00:39:32.995226+00:00", "symbol": "ADA-USD"}, {"trade_id": 143788471, "side": "sell", "size": "1.50000000", "price": "0.74610000", "time": "2025-07-16T00:34:06.385308Z", "fetched_at": "2025-07-16T00:39:32.995226+00:00", "symbol": "ADA-USD"}, {"trade_id": 143788470, "side": "sell", "size": "1.75084175", "price": "0.74600000", "time": "2025-07-16T00:34:05.753806Z", "fetched_at": "2025-07-16T00:39:32.995226+00:00", "symbol": "ADA-USD"}, {"trade_id": 143788469, "side": "sell", "size": "22.20426573", "price": "0.74600000", "time": "2025-07-16T00:34:05.753806Z", "fetched_at": "2025-07-16T00:39:32.995226+00:00", "symbol": "ADA-USD"}, {"trade_id": 143788468, "side": "buy", "size": "49.00000000", "price": "0.74590000", "time": "2025-07-16T00:34:05.723361Z", "fetched_at": "2025-07-16T00:39:32.995226+00:00", "symbol": "ADA-USD"}, {"trade_id": 143788467, "side": "sell", "size": "26.06101600", "price": "0.74600000", "time": "2025-07-16T00:34:05.310763Z", "fetched_at": "2025-07-16T00:39:32.995226+00:00", "symbol": "ADA-USD"}, {"trade_id": 143788466, "side": "buy", "size": "50.23411000", "price": "0.74590000", "time": "2025-07-16T00:34:02.309721Z", "fetched_at": "2025-07-16T00:39:32.995226+00:00", "symbol": "ADA-USD"}, {"trade_id": 143788465, "side": "sell", "size": "4.13736152", "price": "0.74600000", "time": "2025-07-16T00:33:55.963397Z", "fetched_at": "2025-07-16T00:39:32.995226+00:00", "symbol": "ADA-USD"}, {"trade_id": 143788464, "side": "sell", "size": "96.96968964", "price": "0.74590000", "time": "2025-07-16T00:33:51.766439Z", "fetched_at": "2025-07-16T00:39:32.995226+00:00", "symbol": "ADA-USD"}, {"trade_id": 143788463, "side": "sell", "size": "12.94421300", "price": "0.74600000", "time": "2025-07-16T00:33:50.799765Z", "fetched_at": "2025-07-16T00:39:32.995226+00:00", "symbol": "ADA-USD"}, {"trade_id": 143788462, "side": "sell", "size": "11.44421300", "price": "0.74600000", "time": "2025-07-16T00:33:50.080300Z", "fetched_at": "2025-07-16T00:39:32.995226+00:00", "symbol": "ADA-USD"}, {"trade_id": 143788461, "side": "sell", "size": "1.50000000", "price": "0.74600000", "time": "2025-07-16T00:33:50.080300Z", "fetched_at": "2025-07-16T00:39:32.995226+00:00", "symbol": "ADA-USD"}, {"trade_id": 143788460, "side": "sell", "size": "1.50000000", "price": "0.74590000", "time": "2025-07-16T00:33:49.489331Z", "fetched_at": "2025-07-16T00:39:32.995226+00:00", "symbol": "ADA-USD"}, {"trade_id": 143788459, "side": "sell", "size": "174.36231264", "price": "0.74580000", "time": "2025-07-16T00:33:49.309496Z", "fetched_at": "2025-07-16T00:39:32.995226+00:00", "symbol": "ADA-USD"}, {"trade_id": 143788458, "side": "sell", "size": "66.49020000", "price": "0.74580000", "time": "2025-07-16T00:33:49.286295Z", "fetched_at": "2025-07-16T00:39:32.995226+00:00", "symbol": "ADA-USD"}, {"trade_id": 143788457, "side": "sell", "size": "1.50000000", "price": "0.74580000", "time": "2025-07-16T00:33:49.286295Z", "fetched_at": "2025-07-16T00:39:32.995226+00:00", "symbol": "ADA-USD"}, {"trade_id": 143788456, "side": "buy", "size": "134.86098600", "price": "0.74550000", "time": "2025-07-16T00:33:42.673047Z", "fetched_at": "2025-07-16T00:39:32.995226+00:00", "symbol": "ADA-USD"}, {"trade_id": 143788455, "side": "buy", "size": "17.76741521", "price": "0.74560000", "time": "2025-07-16T00:33:41.790304Z", "fetched_at": "2025-07-16T00:39:32.995226+00:00", "symbol": "ADA-USD"}, {"trade_id": 143788454, "side": "buy", "size": "1.50000000", "price": "0.74560000", "time": "2025-07-16T00:33:41.790304Z", "fetched_at": "2025-07-16T00:39:32.995226+00:00", "symbol": "ADA-USD"}, {"trade_id": 143788453, "side": "sell", "size": "13.03365100", "price": "0.74570000", "time": "2025-07-16T00:33:40.118360Z", "fetched_at": "2025-07-16T00:39:32.995226+00:00", "symbol": "ADA-USD"}, {"trade_id": 143788452, "side": "buy", "size": "0.00000110", "price": "0.74580000", "time": "2025-07-16T00:33:37.617895Z", "fetched_at": "2025-07-16T00:39:32.995226+00:00", "symbol": "ADA-USD"}, {"trade_id": 143788451, "side": "buy", "size": "174.30391000", "price": "0.74580000", "time": "2025-07-16T00:33:37.617536Z", "fetched_at": "2025-07-16T00:39:32.995226+00:00", "symbol": "ADA-USD"}, {"trade_id": 143788450, "side": "buy", "size": "174.30391000", "price": "0.74580000", "time": "2025-07-16T00:33:37.579323Z", "fetched_at": "2025-07-16T00:39:32.995226+00:00", "symbol": "ADA-USD"}, {"trade_id": 143788449, "side": "sell", "size": "26.04355400", "price": "0.74590000", "time": "2025-07-16T00:33:33.108717Z", "fetched_at": "2025-07-16T00:39:32.995226+00:00", "symbol": "ADA-USD"}, {"trade_id": 143788448, "side": "sell", "size": "88.45193940", "price": "0.74610000", "time": "2025-07-16T00:33:31.859516Z", "fetched_at": "2025-07-16T00:39:32.995226+00:00", "symbol": "ADA-USD"}, {"trade_id": 143788447, "side": "sell", "size": "38.85343460", "price": "0.74610000", "time": "2025-07-16T00:33:31.859516Z", "fetched_at": "2025-07-16T00:39:32.995226+00:00", "symbol": "ADA-USD"}, {"trade_id": 143788446, "side": "sell", "size": "594.00000000", "price": "0.74610000", "time": "2025-07-16T00:33:24.968681Z", "fetched_at": "2025-07-16T00:39:32.995226+00:00", "symbol": "ADA-USD"}, {"trade_id": 143788445, "side": "sell", "size": "51.80457947", "price": "0.74610000", "time": "2025-07-16T00:33:24.968681Z", "fetched_at": "2025-07-16T00:39:32.995226+00:00", "symbol": "ADA-USD"}, {"trade_id": 143788444, "side": "sell", "size": "50.00000000", "price": "0.74610000", "time": "2025-07-16T00:33:20.427527Z", "fetched_at": "2025-07-16T00:39:32.995226+00:00", "symbol": "ADA-USD"}, {"trade_id": 143788443, "side": "sell", "size": "1.50000000", "price": "0.74610000", "time": "2025-07-16T00:33:20.427527Z", "fetched_at": "2025-07-16T00:39:32.995226+00:00", "symbol": "ADA-USD"}, {"trade_id": 143788442, "side": "sell", "size": "594.00000000", "price": "0.74610000", "time": "2025-07-16T00:33:20.427527Z", "fetched_at": "2025-07-16T00:39:32.995226+00:00", "symbol": "ADA-USD"}, {"trade_id": 143788441, "side": "sell", "size": "3.87693246", "price": "0.74600000", "time": "2025-07-16T00:33:20.427527Z", "fetched_at": "2025-07-16T00:39:32.995226+00:00", "symbol": "ADA-USD"}, {"trade_id": 143788440, "side": "sell", "size": "1.50000000", "price": "0.74600000", "time": "2025-07-16T00:33:20.427527Z", "fetched_at": "2025-07-16T00:39:32.995226+00:00", "symbol": "ADA-USD"}, {"trade_id": 143788439, "side": "sell", "size": "122.91544621", "price": "0.74590000", "time": "2025-07-16T00:33:18.837859Z", "fetched_at": "2025-07-16T00:39:32.995226+00:00", "symbol": "ADA-USD"}, {"trade_id": 143788438, "side": "buy", "size": "126.86835000", "price": "0.74590000", "time": "2025-07-16T00:33:18.386167Z", "fetched_at": "2025-07-16T00:39:32.995226+00:00", "symbol": "ADA-USD"}, {"trade_id": 143788437, "side": "sell", "size": "1.50000000", "price": "0.74590000", "time": "2025-07-16T00:33:16.335257Z", "fetched_at": "2025-07-16T00:39:32.995226+00:00", "symbol": "ADA-USD"}, {"trade_id": 143788436, "side": "sell", "size": "50.00000000", "price": "0.74580000", "time": "2025-07-16T00:33:13.586904Z", "fetched_at": "2025-07-16T00:39:32.995226+00:00", "symbol": "ADA-USD"}, {"trade_id": 143788435, "side": "sell", "size": "9.74170824", "price": "0.74580000", "time": "2025-07-16T00:33:13.007896Z", "fetched_at": "2025-07-16T00:39:32.995226+00:00", "symbol": "ADA-USD"}, {"trade_id": 143788434, "side": "sell", "size": "1.50000000", "price": "0.74580000", "time": "2025-07-16T00:33:13.007896Z", "fetched_at": "2025-07-16T00:39:32.995226+00:00", "symbol": "ADA-USD"}, {"trade_id": 143788433, "side": "sell", "size": "2.11349603", "price": "0.74570000", "time": "2025-07-16T00:33:13.007896Z", "fetched_at": "2025-07-16T00:39:32.995226+00:00", "symbol": "ADA-USD"}, {"trade_id": 143788432, "side": "buy", "size": "68.10204128", "price": "0.74560000", "time": "2025-07-16T00:33:09.482089Z", "fetched_at": "2025-07-16T00:39:32.995226+00:00", "symbol": "ADA-USD"}, {"trade_id": 143788431, "side": "buy", "size": "669.35715572", "price": "0.74560000", "time": "2025-07-16T00:33:09.482089Z", "fetched_at": "2025-07-16T00:39:32.995226+00:00", "symbol": "ADA-USD"}, {"trade_id": 143788430, "side": "sell", "size": "1.75084175", "price": "0.74570000", "time": "2025-07-16T00:33:09.273726Z", "fetched_at": "2025-07-16T00:39:32.995226+00:00", "symbol": "ADA-USD"}, {"trade_id": 143788429, "side": "sell", "size": "58.60845777", "price": "0.74570000", "time": "2025-07-16T00:33:09.273726Z", "fetched_at": "2025-07-16T00:39:32.995226+00:00", "symbol": "ADA-USD"}, {"trade_id": 143788428, "side": "sell", "size": "1.50000000", "price": "0.74570000", "time": "2025-07-16T00:33:09.273726Z", "fetched_at": "2025-07-16T00:39:32.995226+00:00", "symbol": "ADA-USD"}, {"trade_id": 143788427, "side": "sell", "size": "174.36228287", "price": "0.74560000", "time": "2025-07-16T00:33:07.669111Z", "fetched_at": "2025-07-16T00:39:32.995226+00:00", "symbol": "ADA-USD"}, {"trade_id": 143788426, "side": "sell", "size": "174.38565393", "price": "0.74560000", "time": "2025-07-16T00:33:07.643287Z", "fetched_at": "2025-07-16T00:39:32.995226+00:00", "symbol": "ADA-USD"}, {"trade_id": 143788425, "side": "sell", "size": "9.20383200", "price": "0.74550000", "time": "2025-07-16T00:33:02.022749Z", "fetched_at": "2025-07-16T00:39:32.995226+00:00", "symbol": "ADA-USD"}, {"trade_id": 143788424, "side": "buy", "size": "12.42167743", "price": "0.74540000", "time": "2025-07-16T00:33:01.582541Z", "fetched_at": "2025-07-16T00:39:32.995226+00:00", "symbol": "ADA-USD"}, {"trade_id": 143788423, "side": "buy", "size": "1.50000000", "price": "0.74540000", "time": "2025-07-16T00:33:01.582541Z", "fetched_at": "2025-07-16T00:39:32.995226+00:00", "symbol": "ADA-USD"}, {"trade_id": 143788422, "side": "buy", "size": "125.62908377", "price": "0.74540000", "time": "2025-07-16T00:33:01.582541Z", "fetched_at": "2025-07-16T00:39:32.995226+00:00", "symbol": "ADA-USD"}, {"trade_id": 143788421, "side": "buy", "size": "10.77869866", "price": "0.74550000", "time": "2025-07-16T00:33:00.973529Z", "fetched_at": "2025-07-16T00:39:32.995226+00:00", "symbol": "ADA-USD"}, {"trade_id": 143788420, "side": "buy", "size": "1.50000000", "price": "0.74550000", "time": "2025-07-16T00:33:00.973529Z", "fetched_at": "2025-07-16T00:39:32.995226+00:00", "symbol": "ADA-USD"}, {"trade_id": 143788419, "side": "buy", "size": "17.74263300", "price": "0.74560000", "time": "2025-07-16T00:33:00.469020Z", "fetched_at": "2025-07-16T00:39:32.995226+00:00", "symbol": "ADA-USD"}, {"trade_id": 143788418, "side": "buy", "size": "17.84893416", "price": "0.74570000", "time": "2025-07-16T00:33:00.395109Z", "fetched_at": "2025-07-16T00:39:32.995226+00:00", "symbol": "ADA-USD"}, {"trade_id": 143788417, "side": "buy", "size": "11.56540840", "price": "0.74560000", "time": "2025-07-16T00:32:57.408657Z", "fetched_at": "2025-07-16T00:39:32.995226+00:00", "symbol": "ADA-USD"}, {"trade_id": 143788416, "side": "buy", "size": "50.00000000", "price": "0.74570000", "time": "2025-07-16T00:32:57.408657Z", "fetched_at": "2025-07-16T00:39:32.995226+00:00", "symbol": "ADA-USD"}, {"trade_id": 143788415, "side": "buy", "size": "594.00000000", "price": "0.74570000", "time": "2025-07-16T00:32:57.408657Z", "fetched_at": "2025-07-16T00:39:32.995226+00:00", "symbol": "ADA-USD"}, {"trade_id": 143788414, "side": "buy", "size": "21.55982660", "price": "0.74570000", "time": "2025-07-16T00:32:57.408657Z", "fetched_at": "2025-07-16T00:39:32.995226+00:00", "symbol": "ADA-USD"}, {"trade_id": 143788413, "side": "sell", "size": "19.54526400", "price": "0.74580000", "time": "2025-07-16T00:32:53.612195Z", "fetched_at": "2025-07-16T00:39:32.995226+00:00", "symbol": "ADA-USD"}, {"trade_id": 143788412, "side": "buy", "size": "15.16331800", "price": "0.74560000", "time": "2025-07-16T00:32:50.371264Z", "fetched_at": "2025-07-16T00:39:32.995226+00:00", "symbol": "ADA-USD"}, {"trade_id": 143788411, "side": "buy", "size": "174.32728563", "price": "0.74570000", "time": "2025-07-16T00:32:47.985149Z", "fetched_at": "2025-07-16T00:39:32.995226+00:00", "symbol": "ADA-USD"}, {"trade_id": 143788410, "side": "sell", "size": "334.59420000", "price": "0.74560000", "time": "2025-07-16T00:32:47.960852Z", "fetched_at": "2025-07-16T00:39:32.995226+00:00", "symbol": "ADA-USD"}, {"trade_id": 143788409, "side": "buy", "size": "275.69095044", "price": "0.74560000", "time": "2025-07-16T00:32:47.953958Z", "fetched_at": "2025-07-16T00:39:32.995226+00:00", "symbol": "ADA-USD"}, {"trade_id": 143788408, "side": "buy", "size": "594.00000000", "price": "0.74560000", "time": "2025-07-16T00:32:47.953958Z", "fetched_at": "2025-07-16T00:39:32.995226+00:00", "symbol": "ADA-USD"}, {"trade_id": 143788407, "side": "buy", "size": "799.96113670", "price": "0.74570000", "time": "2025-07-16T00:32:47.951798Z", "fetched_at": "2025-07-16T00:39:32.995226+00:00", "symbol": "ADA-USD"}, {"trade_id": 143788406, "side": "buy", "size": "3379.47611757", "price": "0.74570000", "time": "2025-07-16T00:32:47.949932Z", "fetched_at": "2025-07-16T00:39:32.995226+00:00", "symbol": "ADA-USD"}, {"trade_id": 143788405, "side": "buy", "size": "391.55597268", "price": "0.74570000", "time": "2025-07-16T00:32:47.949932Z", "fetched_at": "2025-07-16T00:39:32.995226+00:00", "symbol": "ADA-USD"}, {"trade_id": 143788404, "side": "buy", "size": "594.00000000", "price": "0.74570000", "time": "2025-07-16T00:32:47.949932Z", "fetched_at": "2025-07-16T00:39:32.995226+00:00", "symbol": "ADA-USD"}, {"trade_id": 143788403, "side": "buy", "size": "81.59015560", "price": "0.74570000", "time": "2025-07-16T00:32:47.949932Z", "fetched_at": "2025-07-16T00:39:32.995226+00:00", "symbol": "ADA-USD"}, {"trade_id": 143788402, "side": "buy", "size": "275.69095044", "price": "0.74580000", "time": "2025-07-16T00:32:47.949866Z", "fetched_at": "2025-07-16T00:39:32.995226+00:00", "symbol": "ADA-USD"}, {"trade_id": 143788401, "side": "buy", "size": "174.28054283", "price": "0.74590000", "time": "2025-07-16T00:32:47.943960Z", "fetched_at": "2025-07-16T00:39:32.995226+00:00", "symbol": "ADA-USD"}, {"trade_id": 143788400, "side": "buy", "size": "1332.76852000", "price": "0.74590000", "time": "2025-07-16T00:32:47.943960Z", "fetched_at": "2025-07-16T00:39:32.995226+00:00", "symbol": "ADA-USD"}, {"trade_id": 143788399, "side": "buy", "size": "61.19261670", "price": "0.74590000", "time": "2025-07-16T00:32:47.943960Z", "fetched_at": "2025-07-16T00:39:32.995226+00:00", "symbol": "ADA-USD"}, {"trade_id": 143788398, "side": "sell", "size": "1.50000000", "price": "0.74590000", "time": "2025-07-16T00:32:46.936475Z", "fetched_at": "2025-07-16T00:39:32.995226+00:00", "symbol": "ADA-USD"}, {"trade_id": 143788397, "side": "sell", "size": "1.50000000", "price": "0.74580000", "time": "2025-07-16T00:32:41.066042Z", "fetched_at": "2025-07-16T00:39:32.995226+00:00", "symbol": "ADA-USD"}, {"trade_id": 143788396, "side": "sell", "size": "1.50000000", "price": "0.74570000", "time": "2025-07-16T00:32:40.946350Z", "fetched_at": "2025-07-16T00:39:32.995226+00:00", "symbol": "ADA-USD"}, {"trade_id": 143788395, "side": "sell", "size": "1.50000000", "price": "0.74560000", "time": "2025-07-16T00:32:40.503385Z", "fetched_at": "2025-07-16T00:39:32.995226+00:00", "symbol": "ADA-USD"}, {"trade_id": 143788394, "side": "sell", "size": "1.50000000", "price": "0.74550000", "time": "2025-07-16T00:32:40.102647Z", "fetched_at": "2025-07-16T00:39:32.995226+00:00", "symbol": "ADA-USD"}, {"trade_id": 143788393, "side": "sell", "size": "231.49164000", "price": "0.74540000", "time": "2025-07-16T00:32:36.481781Z", "fetched_at": "2025-07-16T00:39:32.995226+00:00", "symbol": "ADA-USD"}, {"trade_id": 143788392, "side": "sell", "size": "3.75670599", "price": "0.74540000", "time": "2025-07-16T00:32:36.436963Z", "fetched_at": "2025-07-16T00:39:32.995226+00:00", "symbol": "ADA-USD"}, {"trade_id": 143788391, "side": "sell", "size": "1.50000000", "price": "0.74540000", "time": "2025-07-16T00:32:36.373578Z", "fetched_at": "2025-07-16T00:39:32.995226+00:00", "symbol": "ADA-USD"}, {"trade_id": 143788390, "side": "sell", "size": "24.54645919", "price": "0.74540000", "time": "2025-07-16T00:32:36.373578Z", "fetched_at": "2025-07-16T00:39:32.995226+00:00", "symbol": "ADA-USD"}, {"trade_id": 143788389, "side": "sell", "size": "50.00000000", "price": "0.74530000", "time": "2025-07-16T00:32:36.372419Z", "fetched_at": "2025-07-16T00:39:32.995226+00:00", "symbol": "ADA-USD"}, {"trade_id": 143788388, "side": "sell", "size": "594.00000000", "price": "0.74530000", "time": "2025-07-16T00:32:36.372419Z", "fetched_at": "2025-07-16T00:39:32.995226+00:00", "symbol": "ADA-USD"}, {"trade_id": 143788387, "side": "sell", "size": "111.43075036", "price": "0.74530000", "time": "2025-07-16T00:32:36.372419Z", "fetched_at": "2025-07-16T00:39:32.995226+00:00", "symbol": "ADA-USD"}, {"trade_id": 143788386, "side": "sell", "size": "174.47930529", "price": "0.74510000", "time": "2025-07-16T00:32:34.149738Z", "fetched_at": "2025-07-16T00:39:32.995226+00:00", "symbol": "ADA-USD"}, {"trade_id": 143788385, "side": "buy", "size": "67.76704300", "price": "0.74500000", "time": "2025-07-16T00:32:34.115360Z", "fetched_at": "2025-07-16T00:39:32.995226+00:00", "symbol": "ADA-USD"}, {"trade_id": 143788384, "side": "buy", "size": "108.89658537", "price": "0.74500000", "time": "2025-07-16T00:32:33.906055Z", "fetched_at": "2025-07-16T00:39:32.995226+00:00", "symbol": "ADA-USD"}, {"trade_id": 143788383, "side": "buy", "size": "594.00000000", "price": "0.74500000", "time": "2025-07-16T00:32:33.906055Z", "fetched_at": "2025-07-16T00:39:32.995226+00:00", "symbol": "ADA-USD"}, {"trade_id": 143788382, "side": "buy", "size": "108.91706363", "price": "0.74500000", "time": "2025-07-16T00:32:33.906055Z", "fetched_at": "2025-07-16T00:39:32.995226+00:00", "symbol": "ADA-USD"}, {"trade_id": 143788381, "side": "buy", "size": "1.50000000", "price": "0.74500000", "time": "2025-07-16T00:32:33.906055Z", "fetched_at": "2025-07-16T00:39:32.995226+00:00", "symbol": "ADA-USD"}, {"trade_id": 143788380, "side": "buy", "size": "174.46766460", "price": "0.74510000", "time": "2025-07-16T00:32:31.237097Z", "fetched_at": "2025-07-16T00:39:32.995226+00:00", "symbol": "ADA-USD"}, {"trade_id": 143788379, "side": "buy", "size": "4901.60000000", "price": "0.74510000", "time": "2025-07-16T00:32:31.237097Z", "fetched_at": "2025-07-16T00:39:32.995226+00:00", "symbol": "ADA-USD"}, {"trade_id": 143788378, "side": "buy", "size": "1.50000000", "price": "0.74510000", "time": "2025-07-16T00:32:31.237097Z", "fetched_at": "2025-07-16T00:39:32.995226+00:00", "symbol": "ADA-USD"}, {"trade_id": 143788377, "side": "buy", "size": "1.50000000", "price": "0.74520000", "time": "2025-07-16T00:32:25.919158Z", "fetched_at": "2025-07-16T00:39:32.995226+00:00", "symbol": "ADA-USD"}, {"trade_id": 143788376, "side": "buy", "size": "5.46535081", "price": "0.74530000", "time": "2025-07-16T00:32:22.539452Z", "fetched_at": "2025-07-16T00:39:32.995226+00:00", "symbol": "ADA-USD"}, {"trade_id": 143788375, "side": "sell", "size": "67.99020000", "price": "0.74540000", "time": "2025-07-16T00:32:22.101112Z", "fetched_at": "2025-07-16T00:39:32.995226+00:00", "symbol": "ADA-USD"}, {"trade_id": 143788374, "side": "buy", "size": "760.97589700", "price": "0.74530000", "time": "2025-07-16T00:32:19.616010Z", "fetched_at": "2025-07-16T00:39:32.995226+00:00", "symbol": "ADA-USD"}, {"trade_id": 143788373, "side": "buy", "size": "594.00000000", "price": "0.74530000", "time": "2025-07-16T00:32:19.616010Z", "fetched_at": "2025-07-16T00:39:32.995226+00:00", "symbol": "ADA-USD"}, {"trade_id": 143788372, "side": "sell", "size": "33.59942414", "price": "0.74540000", "time": "2025-07-16T00:32:18.941334Z", "fetched_at": "2025-07-16T00:39:32.995226+00:00", "symbol": "ADA-USD"}, {"trade_id": 143788371, "side": "buy", "size": "232.63940543", "price": "0.74520000", "time": "2025-07-16T00:32:17.423261Z", "fetched_at": "2025-07-16T00:39:32.995226+00:00", "symbol": "ADA-USD"}, {"trade_id": 143788370, "side": "buy", "size": "50.00000000", "price": "0.74530000", "time": "2025-07-16T00:32:17.423261Z", "fetched_at": "2025-07-16T00:39:32.995226+00:00", "symbol": "ADA-USD"}, {"trade_id": 143788369, "side": "buy", "size": "594.00000000", "price": "0.74530000", "time": "2025-07-16T00:32:17.423261Z", "fetched_at": "2025-07-16T00:39:32.995226+00:00", "symbol": "ADA-USD"}, {"trade_id": 143788368, "side": "buy", "size": "13.91321657", "price": "0.74530000", "time": "2025-07-16T00:32:17.423261Z", "fetched_at": "2025-07-16T00:39:32.995226+00:00", "symbol": "ADA-USD"}, {"trade_id": 143788367, "side": "buy", "size": "1.50000000", "price": "0.74530000", "time": "2025-07-16T00:32:17.423261Z", "fetched_at": "2025-07-16T00:39:32.995226+00:00", "symbol": "ADA-USD"}, {"trade_id": 143788366, "side": "buy", "size": "20.36042016", "price": "0.74540000", "time": "2025-07-16T00:32:16.839957Z", "fetched_at": "2025-07-16T00:39:32.995226+00:00", "symbol": "ADA-USD"}, {"trade_id": 143788365, "side": "buy", "size": "1.50000000", "price": "0.74540000", "time": "2025-07-16T00:32:16.839957Z", "fetched_at": "2025-07-16T00:39:32.995226+00:00", "symbol": "ADA-USD"}, {"trade_id": 143788364, "side": "sell", "size": "1.50000000", "price": "0.74560000", "time": "2025-07-16T00:32:09.059585Z", "fetched_at": "2025-07-16T00:39:32.995226+00:00", "symbol": "ADA-USD"}, {"trade_id": 143788363, "side": "buy", "size": "49.99996000", "price": "0.74550000", "time": "2025-07-16T00:32:07.505390Z", "fetched_at": "2025-07-16T00:39:32.995226+00:00", "symbol": "ADA-USD"}, {"trade_id": 143788362, "side": "sell", "size": "1.50000000", "price": "0.74550000", "time": "2025-07-16T00:32:07.490429Z", "fetched_at": "2025-07-16T00:39:32.995226+00:00", "symbol": "ADA-USD"}, {"trade_id": 143788361, "side": "sell", "size": "594.00000000", "price": "0.74550000", "time": "2025-07-16T00:32:07.490429Z", "fetched_at": "2025-07-16T00:39:32.995226+00:00", "symbol": "ADA-USD"}, {"trade_id": 143788360, "side": "sell", "size": "10.04851231", "price": "0.74540000", "time": "2025-07-16T00:32:07.490429Z", "fetched_at": "2025-07-16T00:39:32.995226+00:00", "symbol": "ADA-USD"}, {"trade_id": 143788359, "side": "sell", "size": "594.00000000", "price": "0.74540000", "time": "2025-07-16T00:32:07.389530Z", "fetched_at": "2025-07-16T00:39:32.995226+00:00", "symbol": "ADA-USD"}, {"trade_id": 143788358, "side": "sell", "size": "1.50000000", "price": "0.74540000", "time": "2025-07-16T00:32:07.389530Z", "fetched_at": "2025-07-16T00:39:32.995226+00:00", "symbol": "ADA-USD"}, {"trade_id": 143788357, "side": "sell", "size": "164.29344868", "price": "0.74530000", "time": "2025-07-16T00:32:07.389530Z", "fetched_at": "2025-07-16T00:39:32.995226+00:00", "symbol": "ADA-USD"}, {"trade_id": 143788356, "side": "sell", "size": "1.50000000", "price": "0.74530000", "time": "2025-07-16T00:32:07.389530Z", "fetched_at": "2025-07-16T00:39:32.995226+00:00", "symbol": "ADA-USD"}, {"trade_id": 143788355, "side": "buy", "size": "259.51823036", "price": "0.74520000", "time": "2025-07-16T00:32:04.847791Z", "fetched_at": "2025-07-16T00:39:32.995226+00:00", "symbol": "ADA-USD"}, {"trade_id": 143788354, "side": "buy", "size": "597.39428264", "price": "0.74520000", "time": "2025-07-16T00:32:04.847791Z", "fetched_at": "2025-07-16T00:39:32.995226+00:00", "symbol": "ADA-USD"}, {"trade_id": 143788353, "side": "buy", "size": "304.87596891", "price": "0.74510000", "time": "2025-07-16T00:31:59.953596Z", "fetched_at": "2025-07-16T00:39:32.995226+00:00", "symbol": "ADA-USD"}, {"trade_id": 143788352, "side": "buy", "size": "174.46766460", "price": "0.74510000", "time": "2025-07-16T00:31:59.953596Z", "fetched_at": "2025-07-16T00:39:32.995226+00:00", "symbol": "ADA-USD"}, {"trade_id": 143788351, "side": "buy", "size": "715.92796249", "price": "0.74520000", "time": "2025-07-16T00:31:59.953596Z", "fetched_at": "2025-07-16T00:39:32.995226+00:00", "symbol": "ADA-USD"}, {"trade_id": 143788350, "side": "sell", "size": "19.55261600", "price": "0.74520000", "time": "2025-07-16T00:31:51.030436Z", "fetched_at": "2025-07-16T00:39:32.995226+00:00", "symbol": "ADA-USD"}, {"trade_id": 143788349, "side": "buy", "size": "680.89412726", "price": "0.74520000", "time": "2025-07-16T00:31:46.996218Z", "fetched_at": "2025-07-16T00:39:32.995226+00:00", "symbol": "ADA-USD"}, {"trade_id": 143788348, "side": "sell", "size": "0.01475325", "price": "0.74530000", "time": "2025-07-16T00:31:46.794531Z", "fetched_at": "2025-07-16T00:39:32.995226+00:00", "symbol": "ADA-USD"}, {"trade_id": 143788347, "side": "sell", "size": "7.05822973", "price": "0.74530000", "time": "2025-07-16T00:31:46.776035Z", "fetched_at": "2025-07-16T00:39:32.995226+00:00", "symbol": "ADA-USD"}, {"trade_id": 143788346, "side": "sell", "size": "1.50000000", "price": "0.74530000", "time": "2025-07-16T00:31:46.776035Z", "fetched_at": "2025-07-16T00:39:32.995226+00:00", "symbol": "ADA-USD"}, {"trade_id": 143788345, "side": "sell", "size": "12.95002100", "price": "0.74520000", "time": "2025-07-16T00:31:45.862Z", "fetched_at": "2025-07-16T00:39:32.995226+00:00", "symbol": "ADA-USD"}, {"trade_id": 143788344, "side": "sell", "size": "26.56351700", "price": "0.74520000", "time": "2025-07-16T00:31:43.391625Z", "fetched_at": "2025-07-16T00:39:32.995226+00:00", "symbol": "ADA-USD"}, {"trade_id": 143788343, "side": "sell", "size": "0.82476700", "price": "0.74520000", "time": "2025-07-16T00:31:43.278430Z", "fetched_at": "2025-07-16T00:39:32.995226+00:00", "symbol": "ADA-USD"}, {"trade_id": 143788342, "side": "sell", "size": "1.50000000", "price": "0.74520000", "time": "2025-07-16T00:31:43.278430Z", "fetched_at": "2025-07-16T00:39:32.995226+00:00", "symbol": "ADA-USD"}, {"trade_id": 143788341, "side": "buy", "size": "4.88274500", "price": "0.74500000", "time": "2025-07-16T00:31:41.450993Z", "fetched_at": "2025-07-16T00:39:32.995226+00:00", "symbol": "ADA-USD"}, {"trade_id": 143788340, "side": "sell", "size": "49.12404208", "price": "0.74510000", "time": "2025-07-16T00:31:40.207005Z", "fetched_at": "2025-07-16T00:39:32.995226+00:00", "symbol": "ADA-USD"}, {"trade_id": 143788339, "side": "sell", "size": "16.06195892", "price": "0.74500000", "time": "2025-07-16T00:31:40.207005Z", "fetched_at": "2025-07-16T00:39:32.995226+00:00", "symbol": "ADA-USD"}, {"trade_id": 143788338, "side": "buy", "size": "449.69467185", "price": "0.74510000", "time": "2025-07-16T00:31:28.788901Z", "fetched_at": "2025-07-16T00:39:32.995226+00:00", "symbol": "ADA-USD"}, {"trade_id": 143788337, "side": "sell", "size": "1.50000000", "price": "0.74510000", "time": "2025-07-16T00:31:25.858820Z", "fetched_at": "2025-07-16T00:39:32.995226+00:00", "symbol": "ADA-USD"}, {"trade_id": 143788336, "side": "sell", "size": "1.50000000", "price": "0.74500000", "time": "2025-07-16T00:31:25.183386Z", "fetched_at": "2025-07-16T00:39:32.995226+00:00", "symbol": "ADA-USD"}, {"trade_id": 143788335, "side": "sell", "size": "24.56169800", "price": "0.74500000", "time": "2025-07-16T00:31:23.764886Z", "fetched_at": "2025-07-16T00:39:32.995226+00:00", "symbol": "ADA-USD"}, {"trade_id": 143788334, "side": "sell", "size": "1.50000000", "price": "0.74490000", "time": "2025-07-16T00:31:23.764886Z", "fetched_at": "2025-07-16T00:39:32.995226+00:00", "symbol": "ADA-USD"}, {"trade_id": 143788333, "side": "sell", "size": "63.74667700", "price": "0.74490000", "time": "2025-07-16T00:31:08.447742Z", "fetched_at": "2025-07-16T00:39:32.995226+00:00", "symbol": "ADA-USD"}, {"trade_id": 143788332, "side": "sell", "size": "1.50000000", "price": "0.74490000", "time": "2025-07-16T00:31:08.447742Z", "fetched_at": "2025-07-16T00:39:32.995226+00:00", "symbol": "ADA-USD"}, {"trade_id": 143788331, "side": "buy", "size": "1332.76852000", "price": "0.74480000", "time": "2025-07-16T00:31:04.502688Z", "fetched_at": "2025-07-16T00:39:32.995226+00:00", "symbol": "ADA-USD"}, {"trade_id": 143788330, "side": "sell", "size": "3.69891569", "price": "0.74470000", "time": "2025-07-16T00:31:02.833709Z", "fetched_at": "2025-07-16T00:39:32.995226+00:00", "symbol": "ADA-USD"}, {"trade_id": 143788329, "side": "sell", "size": "88.50162932", "price": "0.74470000", "time": "2025-07-16T00:31:01.076592Z", "fetched_at": "2025-07-16T00:39:32.995226+00:00", "symbol": "ADA-USD"}, {"trade_id": 143788328, "side": "sell", "size": "33.22593600", "price": "0.74470000", "time": "2025-07-16T00:31:00.585131Z", "fetched_at": "2025-07-16T00:39:32.995226+00:00", "symbol": "ADA-USD"}, {"trade_id": 143788327, "side": "buy", "size": "105.51463900", "price": "0.74460000", "time": "2025-07-16T00:30:59.363959Z", "fetched_at": "2025-07-16T00:39:32.995226+00:00", "symbol": "ADA-USD"}, {"trade_id": 143788326, "side": "buy", "size": "1.50000000", "price": "0.74460000", "time": "2025-07-16T00:30:59.363959Z", "fetched_at": "2025-07-16T00:39:32.995226+00:00", "symbol": "ADA-USD"}, {"trade_id": 143788325, "side": "buy", "size": "1.50000000", "price": "0.74470000", "time": "2025-07-16T00:30:59.363959Z", "fetched_at": "2025-07-16T00:39:32.995226+00:00", "symbol": "ADA-USD"}, {"trade_id": 143788324, "side": "buy", "size": "0.00001973", "price": "0.74490000", "time": "2025-07-16T00:30:58.201133Z", "fetched_at": "2025-07-16T00:39:32.995226+00:00", "symbol": "ADA-USD"}, {"trade_id": 143788323, "side": "buy", "size": "618.13250000", "price": "0.74490000", "time": "2025-07-16T00:30:58.201053Z", "fetched_at": "2025-07-16T00:39:32.995226+00:00", "symbol": "ADA-USD"}, {"trade_id": 143788322, "side": "sell", "size": "594.00000000", "price": "0.74490000", "time": "2025-07-16T00:30:58.021333Z", "fetched_at": "2025-07-16T00:39:32.995226+00:00", "symbol": "ADA-USD"}, {"trade_id": 143788321, "side": "sell", "size": "391.55597268", "price": "0.74490000", "time": "2025-07-16T00:30:58.020471Z", "fetched_at": "2025-07-16T00:39:32.995226+00:00", "symbol": "ADA-USD"}, {"trade_id": 143788320, "side": "sell", "size": "1.50000000", "price": "0.74500000", "time": "2025-07-16T00:30:58.020092Z", "fetched_at": "2025-07-16T00:39:32.995226+00:00", "symbol": "ADA-USD"}, {"trade_id": 143788319, "side": "sell", "size": "275.69095044", "price": "0.74500000", "time": "2025-07-16T00:30:58.020092Z", "fetched_at": "2025-07-16T00:39:32.995226+00:00", "symbol": "ADA-USD"}, {"trade_id": 143788318, "side": "sell", "size": "50.00000000", "price": "0.74490000", "time": "2025-07-16T00:30:58.019743Z", "fetched_at": "2025-07-16T00:39:32.995226+00:00", "symbol": "ADA-USD"}, {"trade_id": 143788317, "side": "sell", "size": "1.50000000", "price": "0.74490000", "time": "2025-07-16T00:30:58.019743Z", "fetched_at": "2025-07-16T00:39:32.995226+00:00", "symbol": "ADA-USD"}, {"trade_id": 143788316, "side": "sell", "size": "238.19904161", "price": "0.74490000", "time": "2025-07-16T00:30:58.011412Z", "fetched_at": "2025-07-16T00:39:32.995226+00:00", "symbol": "ADA-USD"}, {"trade_id": 143788315, "side": "sell", "size": "4028.73833345", "price": "0.74490000", "time": "2025-07-16T00:30:58.011412Z", "fetched_at": "2025-07-16T00:39:32.995226+00:00", "symbol": "ADA-USD"}, {"trade_id": 143788314, "side": "sell", "size": "391.55597268", "price": "0.74490000", "time": "2025-07-16T00:30:58.011412Z", "fetched_at": "2025-07-16T00:39:32.995226+00:00", "symbol": "ADA-USD"}, {"trade_id": 143788313, "side": "sell", "size": "2958.01345734", "price": "0.74490000", "time": "2025-07-16T00:30:58.011412Z", "fetched_at": "2025-07-16T00:39:32.995226+00:00", "symbol": "ADA-USD"}, {"trade_id": 143788312, "side": "sell", "size": "1057.12304399", "price": "0.74490000", "time": "2025-07-16T00:30:58.011412Z", "fetched_at": "2025-07-16T00:39:32.995226+00:00", "symbol": "ADA-USD"}, {"trade_id": 143788311, "side": "sell", "size": "873.11796616", "price": "0.74490000", "time": "2025-07-16T00:30:58.011412Z", "fetched_at": "2025-07-16T00:39:32.995226+00:00", "symbol": "ADA-USD"}, {"trade_id": 143788310, "side": "sell", "size": "1713.52883000", "price": "0.74490000", "time": "2025-07-16T00:30:58.011412Z", "fetched_at": "2025-07-16T00:39:32.995226+00:00", "symbol": "ADA-USD"}, {"trade_id": 143788309, "side": "sell", "size": "2289.17132000", "price": "0.74480000", "time": "2025-07-16T00:30:58.011400Z", "fetched_at": "2025-07-16T00:39:32.995226+00:00", "symbol": "ADA-USD"}, {"trade_id": 143788308, "side": "sell", "size": "528.00473923", "price": "0.74480000", "time": "2025-07-16T00:30:58.011400Z", "fetched_at": "2025-07-16T00:39:32.995226+00:00", "symbol": "ADA-USD"}, {"trade_id": 143788307, "side": "sell", "size": "1765.67150077", "price": "0.74480000", "time": "2025-07-16T00:30:58.010835Z", "fetched_at": "2025-07-16T00:39:32.995226+00:00", "symbol": "ADA-USD"}, {"trade_id": 143788306, "side": "sell", "size": "1713.98912000", "price": "0.74480000", "time": "2025-07-16T00:30:58.010835Z", "fetched_at": "2025-07-16T00:39:32.995226+00:00", "symbol": "ADA-USD"}, {"trade_id": 143788305, "side": "sell", "size": "788.83773583", "price": "0.74480000", "time": "2025-07-16T00:30:58.010835Z", "fetched_at": "2025-07-16T00:39:32.995226+00:00", "symbol": "ADA-USD"}, {"trade_id": 143788304, "side": "sell", "size": "671.32116004", "price": "0.74480000", "time": "2025-07-16T00:30:58.010835Z", "fetched_at": "2025-07-16T00:39:32.995226+00:00", "symbol": "ADA-USD"}, {"trade_id": 143788303, "side": "sell", "size": "174.52632500", "price": "0.74470000", "time": "2025-07-16T00:30:58.010501Z", "fetched_at": "2025-07-16T00:39:32.995226+00:00", "symbol": "ADA-USD"}, {"trade_id": 143788302, "side": "buy", "size": "137.39984396", "price": "0.74470000", "time": "2025-07-16T00:30:54.407154Z", "fetched_at": "2025-07-16T00:39:32.995226+00:00", "symbol": "ADA-USD"}, {"trade_id": 143788301, "side": "buy", "size": "1.50000000", "price": "0.74470000", "time": "2025-07-16T00:30:54.407154Z", "fetched_at": "2025-07-16T00:39:32.995226+00:00", "symbol": "ADA-USD"}, {"trade_id": 143788300, "side": "buy", "size": "87.89318820", "price": "0.74480000", "time": "2025-07-16T00:30:53.978887Z", "fetched_at": "2025-07-16T00:39:32.995226+00:00", "symbol": "ADA-USD"}, {"trade_id": 143788299, "side": "buy", "size": "1.50000000", "price": "0.74480000", "time": "2025-07-16T00:30:53.978887Z", "fetched_at": "2025-07-16T00:39:32.995226+00:00", "symbol": "ADA-USD"}, {"trade_id": 143788298, "side": "sell", "size": "12.03396429", "price": "0.74490000", "time": "2025-07-16T00:30:53.691643Z", "fetched_at": "2025-07-16T00:39:32.995226+00:00", "symbol": "ADA-USD"}, {"trade_id": 143788297, "side": "buy", "size": "174.51450785", "price": "0.74490000", "time": "2025-07-16T00:30:45.933843Z", "fetched_at": "2025-07-16T00:39:32.995226+00:00", "symbol": "ADA-USD"}, {"trade_id": 143788296, "side": "buy", "size": "1.50000000", "price": "0.74490000", "time": "2025-07-16T00:30:45.933843Z", "fetched_at": "2025-07-16T00:39:32.995226+00:00", "symbol": "ADA-USD"}, {"trade_id": 143788295, "side": "sell", "size": "7.23519422", "price": "0.74510000", "time": "2025-07-16T00:30:41.397012Z", "fetched_at": "2025-07-16T00:39:32.995226+00:00", "symbol": "ADA-USD"}, {"trade_id": 143788294, "side": "sell", "size": "167.08824908", "price": "0.74500000", "time": "2025-07-16T00:30:37.816885Z", "fetched_at": "2025-07-16T00:39:32.995226+00:00", "symbol": "ADA-USD"}, {"trade_id": 143788293, "side": "buy", "size": "67.50788714", "price": "0.74500000", "time": "2025-07-16T00:30:32.723060Z", "fetched_at": "2025-07-16T00:39:32.995226+00:00", "symbol": "ADA-USD"}, {"trade_id": 143788292, "side": "buy", "size": "106.98319594", "price": "0.74500000", "time": "2025-07-16T00:30:32.718133Z", "fetched_at": "2025-07-16T00:39:32.995226+00:00", "symbol": "ADA-USD"}, {"trade_id": 143788291, "side": "buy", "size": "193.86311827", "price": "0.74500000", "time": "2025-07-16T00:30:32.718133Z", "fetched_at": "2025-07-16T00:39:32.995226+00:00", "symbol": "ADA-USD"}, {"trade_id": 143788290, "side": "buy", "size": "1.50000000", "price": "0.74500000", "time": "2025-07-16T00:30:32.718133Z", "fetched_at": "2025-07-16T00:39:32.995226+00:00", "symbol": "ADA-USD"}, {"trade_id": 143788289, "side": "buy", "size": "1.50000000", "price": "0.74510000", "time": "2025-07-16T00:30:32.702553Z", "fetched_at": "2025-07-16T00:39:32.995226+00:00", "symbol": "ADA-USD"}, {"trade_id": 143788288, "side": "buy", "size": "772.54791379", "price": "0.74520000", "time": "2025-07-16T00:30:32.410967Z", "fetched_at": "2025-07-16T00:39:32.995226+00:00", "symbol": "ADA-USD"}, {"trade_id": 143788287, "side": "sell", "size": "72.51564786", "price": "0.74550000", "time": "2025-07-16T00:30:29.122172Z", "fetched_at": "2025-07-16T00:39:32.995226+00:00", "symbol": "ADA-USD"}, {"trade_id": 143788286, "side": "sell", "size": "1.72742514", "price": "0.74540000", "time": "2025-07-16T00:30:29.122172Z", "fetched_at": "2025-07-16T00:39:32.995226+00:00", "symbol": "ADA-USD"}, {"trade_id": 143788285, "side": "sell", "size": "1.50000000", "price": "0.74540000", "time": "2025-07-16T00:30:29.122172Z", "fetched_at": "2025-07-16T00:39:32.995226+00:00", "symbol": "ADA-USD"}, {"trade_id": 143788284, "side": "buy", "size": "422.76423976", "price": "0.74530000", "time": "2025-07-16T00:30:26.075501Z", "fetched_at": "2025-07-16T00:39:32.995226+00:00", "symbol": "ADA-USD"}, {"trade_id": 143788283, "side": "buy", "size": "251.17952324", "price": "0.74530000", "time": "2025-07-16T00:30:26.075501Z", "fetched_at": "2025-07-16T00:39:32.995226+00:00", "symbol": "ADA-USD"}, {"trade_id": 143788282, "side": "buy", "size": "34.33313500", "price": "0.74530000", "time": "2025-07-16T00:30:24.723633Z", "fetched_at": "2025-07-16T00:39:32.995226+00:00", "symbol": "ADA-USD"}, {"trade_id": 143788281, "side": "buy", "size": "268.34831611", "price": "0.74530000", "time": "2025-07-16T00:30:24.220321Z", "fetched_at": "2025-07-16T00:39:32.995226+00:00", "symbol": "ADA-USD"}, {"trade_id": 143788280, "side": "buy", "size": "41.30215800", "price": "0.74530000", "time": "2025-07-16T00:30:24.166571Z", "fetched_at": "2025-07-16T00:39:32.995226+00:00", "symbol": "ADA-USD"}, {"trade_id": 143788279, "side": "buy", "size": "0.13791202", "price": "0.74530000", "time": "2025-07-16T00:30:23.847791Z", "fetched_at": "2025-07-16T00:39:32.995226+00:00", "symbol": "ADA-USD"}, {"trade_id": 143788278, "side": "sell", "size": "66.35117436", "price": "0.74530000", "time": "2025-07-16T00:30:23.405267Z", "fetched_at": "2025-07-16T00:39:32.995226+00:00", "symbol": "ADA-USD"}, {"trade_id": 143788277, "side": "buy", "size": "67.99020000", "price": "0.74520000", "time": "2025-07-16T00:30:21.907819Z", "fetched_at": "2025-07-16T00:39:32.995226+00:00", "symbol": "ADA-USD"}, {"trade_id": 143788276, "side": "buy", "size": "249.00000000", "price": "0.74530000", "time": "2025-07-16T00:30:13.149085Z", "fetched_at": "2025-07-16T00:39:32.995226+00:00", "symbol": "ADA-USD"}, {"trade_id": 143788275, "side": "sell", "size": "19.81028133", "price": "0.74530000", "time": "2025-07-16T00:30:08.623254Z", "fetched_at": "2025-07-16T00:39:32.995226+00:00", "symbol": "ADA-USD"}, {"trade_id": 143788274, "side": "sell", "size": "2.32519100", "price": "0.74520000", "time": "2025-07-16T00:30:05.409670Z", "fetched_at": "2025-07-16T00:39:32.995226+00:00", "symbol": "ADA-USD"}, {"trade_id": 143788273, "side": "sell", "size": "474.14826403", "price": "0.74520000", "time": "2025-07-16T00:30:01.020668Z", "fetched_at": "2025-07-16T00:39:32.995226+00:00", "symbol": "ADA-USD"}, {"trade_id": 143788272, "side": "sell", "size": "275.69095044", "price": "0.74520000", "time": "2025-07-16T00:30:01.020668Z", "fetched_at": "2025-07-16T00:39:32.995226+00:00", "symbol": "ADA-USD"}, {"trade_id": 143788271, "side": "sell", "size": "554.74395153", "price": "0.74520000", "time": "2025-07-16T00:30:01.020668Z", "fetched_at": "2025-07-16T00:39:32.995226+00:00", "symbol": "ADA-USD"}, {"trade_id": 143788270, "side": "sell", "size": "39.25604847", "price": "0.74520000", "time": "2025-07-16T00:29:57.140663Z", "fetched_at": "2025-07-16T00:39:32.995226+00:00", "symbol": "ADA-USD"}, {"trade_id": 143788269, "side": "sell", "size": "19.76856482", "price": "0.74520000", "time": "2025-07-16T00:29:57.140663Z", "fetched_at": "2025-07-16T00:39:32.995226+00:00", "symbol": "ADA-USD"}, {"trade_id": 143788268, "side": "sell", "size": "5.92725971", "price": "0.74510000", "time": "2025-07-16T00:29:57.140663Z", "fetched_at": "2025-07-16T00:39:32.995226+00:00", "symbol": "ADA-USD"}, {"trade_id": 143788267, "side": "sell", "size": "1.50000000", "price": "0.74510000", "time": "2025-07-16T00:29:57.140663Z", "fetched_at": "2025-07-16T00:39:32.995226+00:00", "symbol": "ADA-USD"}, {"trade_id": 143788266, "side": "sell", "size": "594.00000000", "price": "0.74490000", "time": "2025-07-16T00:29:55.787528Z", "fetched_at": "2025-07-16T00:39:32.995226+00:00", "symbol": "ADA-USD"}, {"trade_id": 143788265, "side": "sell", "size": "112.11175688", "price": "0.74490000", "time": "2025-07-16T00:29:55.787528Z", "fetched_at": "2025-07-16T00:39:32.995226+00:00", "symbol": "ADA-USD"}, {"trade_id": 143788264, "side": "sell", "size": "5.16422000", "price": "0.74490000", "time": "2025-07-16T00:29:53.420539Z", "fetched_at": "2025-07-16T00:39:32.995226+00:00", "symbol": "ADA-USD"}, {"trade_id": 143788263, "side": "sell", "size": "52.17424000", "price": "0.74490000", "time": "2025-07-16T00:29:46.440880Z", "fetched_at": "2025-07-16T00:39:32.995226+00:00", "symbol": "ADA-USD"}, {"trade_id": 143788262, "side": "buy", "size": "763.39564663", "price": "0.74500000", "time": "2025-07-16T00:29:43.077446Z", "fetched_at": "2025-07-16T00:39:32.995226+00:00", "symbol": "ADA-USD"}, {"trade_id": 143788261, "side": "sell", "size": "383.92430521", "price": "0.74510000", "time": "2025-07-16T00:29:43.008144Z", "fetched_at": "2025-07-16T00:39:32.995226+00:00", "symbol": "ADA-USD"}, {"trade_id": 143788260, "side": "buy", "size": "275.69095044", "price": "0.74490000", "time": "2025-07-16T00:29:43.006129Z", "fetched_at": "2025-07-16T00:39:32.995226+00:00", "symbol": "ADA-USD"}, {"trade_id": 143788259, "side": "buy", "size": "1332.76852000", "price": "0.74500000", "time": "2025-07-16T00:29:43.006129Z", "fetched_at": "2025-07-16T00:39:32.995226+00:00", "symbol": "ADA-USD"}, {"trade_id": 143788258, "side": "sell", "size": "67.99020000", "price": "0.74500000", "time": "2025-07-16T00:29:43.000126Z", "fetched_at": "2025-07-16T00:39:32.995226+00:00", "symbol": "ADA-USD"}, {"trade_id": 143788257, "side": "sell", "size": "210.07569479", "price": "0.74510000", "time": "2025-07-16T00:29:42.996573Z", "fetched_at": "2025-07-16T00:39:32.995226+00:00", "symbol": "ADA-USD"}, {"trade_id": 143788256, "side": "sell", "size": "21.41594521", "price": "0.74500000", "time": "2025-07-16T00:29:42.996573Z", "fetched_at": "2025-07-16T00:39:32.995226+00:00", "symbol": "ADA-USD"}, {"trade_id": 143788255, "side": "buy", "size": "1.50000000", "price": "0.74500000", "time": "2025-07-16T00:29:42.991516Z", "fetched_at": "2025-07-16T00:39:32.995226+00:00", "symbol": "ADA-USD"}, {"trade_id": 143788254, "side": "buy", "size": "666.06328501", "price": "0.74510000", "time": "2025-07-16T00:29:42.985507Z", "fetched_at": "2025-07-16T00:39:32.995226+00:00", "symbol": "ADA-USD"}, {"trade_id": 143788253, "side": "buy", "size": "1.50000000", "price": "0.74510000", "time": "2025-07-16T00:29:42.985507Z", "fetched_at": "2025-07-16T00:39:32.995226+00:00", "symbol": "ADA-USD"}, {"trade_id": 143788252, "side": "buy", "size": "7776.97260000", "price": "0.74520000", "time": "2025-07-16T00:29:42.980903Z", "fetched_at": "2025-07-16T00:39:32.995226+00:00", "symbol": "ADA-USD"}, {"trade_id": 143788251, "side": "buy", "size": "1223.02740000", "price": "0.74520000", "time": "2025-07-16T00:29:42.980678Z", "fetched_at": "2025-07-16T00:39:32.995226+00:00", "symbol": "ADA-USD"}, {"trade_id": 143788250, "side": "buy", "size": "1.50000000", "price": "0.74520000", "time": "2025-07-16T00:29:42.980678Z", "fetched_at": "2025-07-16T00:39:32.995226+00:00", "symbol": "ADA-USD"}, {"trade_id": 143788249, "side": "buy", "size": "50.00000000", "price": "0.74530000", "time": "2025-07-16T00:29:42.977245Z", "fetched_at": "2025-07-16T00:39:32.995226+00:00", "symbol": "ADA-USD"}, {"trade_id": 143788248, "side": "buy", "size": "174.42084650", "price": "0.74530000", "time": "2025-07-16T00:29:42.977245Z", "fetched_at": "2025-07-16T00:39:32.995226+00:00", "symbol": "ADA-USD"}, {"trade_id": 143788247, "side": "buy", "size": "391.55597268", "price": "0.74530000", "time": "2025-07-16T00:29:42.977245Z", "fetched_at": "2025-07-16T00:39:32.995226+00:00", "symbol": "ADA-USD"}, {"trade_id": 143788246, "side": "buy", "size": "602.86713667", "price": "0.74530000", "time": "2025-07-16T00:29:42.977245Z", "fetched_at": "2025-07-16T00:39:32.995226+00:00", "symbol": "ADA-USD"}, {"trade_id": 143788245, "side": "buy", "size": "67.99020000", "price": "0.74530000", "time": "2025-07-16T00:29:42.975Z", "fetched_at": "2025-07-16T00:39:32.995226+00:00", "symbol": "ADA-USD"}, {"trade_id": 143788244, "side": "buy", "size": "50.00000000", "price": "0.74540000", "time": "2025-07-16T00:29:42.971562Z", "fetched_at": "2025-07-16T00:39:32.995226+00:00", "symbol": "ADA-USD"}, {"trade_id": 143788243, "side": "sell", "size": "15.94844900", "price": "0.74550000", "time": "2025-07-16T00:29:42.081810Z", "fetched_at": "2025-07-16T00:39:32.995226+00:00", "symbol": "ADA-USD"}, {"trade_id": 143788242, "side": "sell", "size": "2330.75627232", "price": "0.74560000", "time": "2025-07-16T00:29:40.035710Z", "fetched_at": "2025-07-16T00:39:32.995226+00:00", "symbol": "ADA-USD"}, {"trade_id": 143788241, "side": "sell", "size": "1.50000000", "price": "0.74560000", "time": "2025-07-16T00:29:40.035710Z", "fetched_at": "2025-07-16T00:39:32.995226+00:00", "symbol": "ADA-USD"}, {"trade_id": 143788240, "side": "sell", "size": "378.88553834", "price": "0.74560000", "time": "2025-07-16T00:29:40.035710Z", "fetched_at": "2025-07-16T00:39:32.995226+00:00", "symbol": "ADA-USD"}, {"trade_id": 143788239, "side": "sell", "size": "428.72730878", "price": "0.74560000", "time": "2025-07-16T00:29:40.035710Z", "fetched_at": "2025-07-16T00:39:32.995226+00:00", "symbol": "ADA-USD"}, {"trade_id": 143788238, "side": "sell", "size": "444.39065738", "price": "0.74560000", "time": "2025-07-16T00:29:40.035710Z", "fetched_at": "2025-07-16T00:39:32.995226+00:00", "symbol": "ADA-USD"}, {"trade_id": 143788237, "side": "sell", "size": "1711.92000000", "price": "0.74560000", "time": "2025-07-16T00:29:40.035710Z", "fetched_at": "2025-07-16T00:39:32.995226+00:00", "symbol": "ADA-USD"}, {"trade_id": 143788236, "side": "sell", "size": "594.00000000", "price": "0.74560000", "time": "2025-07-16T00:29:40.035710Z", "fetched_at": "2025-07-16T00:39:32.995226+00:00", "symbol": "ADA-USD"}, {"trade_id": 143788235, "side": "sell", "size": "2302.92682000", "price": "0.74550000", "time": "2025-07-16T00:29:40.035710Z", "fetched_at": "2025-07-16T00:39:32.995226+00:00", "symbol": "ADA-USD"}, {"trade_id": 143788234, "side": "sell", "size": "1712.37939000", "price": "0.74550000", "time": "2025-07-16T00:29:40.035710Z", "fetched_at": "2025-07-16T00:39:32.995226+00:00", "symbol": "ADA-USD"}, {"trade_id": 143788233, "side": "sell", "size": "2307.24965000", "price": "0.74550000", "time": "2025-07-16T00:29:40.035710Z", "fetched_at": "2025-07-16T00:39:32.995226+00:00", "symbol": "ADA-USD"}, {"trade_id": 143788232, "side": "sell", "size": "500.00000000", "price": "0.74550000", "time": "2025-07-16T00:29:40.035710Z", "fetched_at": "2025-07-16T00:39:32.995226+00:00", "symbol": "ADA-USD"}, {"trade_id": 143788231, "side": "sell", "size": "15.12809065", "price": "0.74550000", "time": "2025-07-16T00:29:40.035710Z", "fetched_at": "2025-07-16T00:39:32.995226+00:00", "symbol": "ADA-USD"}, {"trade_id": 143788230, "side": "sell", "size": "670.71641928", "price": "0.74550000", "time": "2025-07-16T00:29:40.035710Z", "fetched_at": "2025-07-16T00:39:32.995226+00:00", "symbol": "ADA-USD"}, {"trade_id": 143788229, "side": "sell", "size": "5018.70000000", "price": "0.74550000", "time": "2025-07-16T00:29:40.035710Z", "fetched_at": "2025-07-16T00:39:32.995226+00:00", "symbol": "ADA-USD"}, {"trade_id": 143788228, "side": "sell", "size": "1.50000000", "price": "0.74550000", "time": "2025-07-16T00:29:40.035710Z", "fetched_at": "2025-07-16T00:39:32.995226+00:00", "symbol": "ADA-USD"}, {"trade_id": 143788227, "side": "sell", "size": "12.78751225", "price": "0.74540000", "time": "2025-07-16T00:29:40.035710Z", "fetched_at": "2025-07-16T00:39:32.995226+00:00", "symbol": "ADA-USD"}