[{"trade_id": 143783718, "side": "sell", "size": "19.89016900", "price": "0.74660000", "time": "2025-07-15T23:39:30.786032Z", "fetched_at": "2025-07-15T23:39:34.258162+00:00", "symbol": "ADA-USD"}, {"trade_id": 143783717, "side": "buy", "size": "174.11714023", "price": "0.74660000", "time": "2025-07-15T23:39:30.711557Z", "fetched_at": "2025-07-15T23:39:34.258162+00:00", "symbol": "ADA-USD"}, {"trade_id": 143783716, "side": "buy", "size": "2.90539530", "price": "0.74660000", "time": "2025-07-15T23:39:30.711557Z", "fetched_at": "2025-07-15T23:39:34.258162+00:00", "symbol": "ADA-USD"}, {"trade_id": 143783715, "side": "sell", "size": "32.53595800", "price": "0.74670000", "time": "2025-07-15T23:39:30.294111Z", "fetched_at": "2025-07-15T23:39:34.258162+00:00", "symbol": "ADA-USD"}, {"trade_id": 143783714, "side": "sell", "size": "260.64808740", "price": "0.74670000", "time": "2025-07-15T23:39:25.036202Z", "fetched_at": "2025-07-15T23:39:34.258162+00:00", "symbol": "ADA-USD"}, {"trade_id": 143783713, "side": "sell", "size": "4.55861660", "price": "0.74670000", "time": "2025-07-15T23:39:25.036202Z", "fetched_at": "2025-07-15T23:39:34.258162+00:00", "symbol": "ADA-USD"}, {"trade_id": 143783712, "side": "sell", "size": "13.98719332", "price": "0.74670000", "time": "2025-07-15T23:39:18.106223Z", "fetched_at": "2025-07-15T23:39:34.258162+00:00", "symbol": "ADA-USD"}, {"trade_id": 143783711, "side": "sell", "size": "1.50000000", "price": "0.74670000", "time": "2025-07-15T23:39:18.106223Z", "fetched_at": "2025-07-15T23:39:34.258162+00:00", "symbol": "ADA-USD"}, {"trade_id": 143783710, "side": "sell", "size": "33.56283985", "price": "0.74660000", "time": "2025-07-15T23:39:18.106223Z", "fetched_at": "2025-07-15T23:39:34.258162+00:00", "symbol": "ADA-USD"}, {"trade_id": 143783709, "side": "sell", "size": "1.50000000", "price": "0.74660000", "time": "2025-07-15T23:39:18.106223Z", "fetched_at": "2025-07-15T23:39:34.258162+00:00", "symbol": "ADA-USD"}, {"trade_id": 143783708, "side": "sell", "size": "2.49041683", "price": "0.74660000", "time": "2025-07-15T23:39:18.106223Z", "fetched_at": "2025-07-15T23:39:34.258162+00:00", "symbol": "ADA-USD"}, {"trade_id": 143783707, "side": "buy", "size": "5.16514720", "price": "0.74640000", "time": "2025-07-15T23:39:12.909435Z", "fetched_at": "2025-07-15T23:39:34.258162+00:00", "symbol": "ADA-USD"}, {"trade_id": 143783706, "side": "sell", "size": "270.49315800", "price": "0.74650000", "time": "2025-07-15T23:39:11.844828Z", "fetched_at": "2025-07-15T23:39:34.258162+00:00", "symbol": "ADA-USD"}, {"trade_id": 143783705, "side": "buy", "size": "1.76077875", "price": "0.74640000", "time": "2025-07-15T23:39:11.809319Z", "fetched_at": "2025-07-15T23:39:34.258162+00:00", "symbol": "ADA-USD"}, {"trade_id": 143783704, "side": "buy", "size": "6.35710425", "price": "0.74640000", "time": "2025-07-15T23:39:11.809319Z", "fetched_at": "2025-07-15T23:39:34.258162+00:00", "symbol": "ADA-USD"}, {"trade_id": 143783703, "side": "sell", "size": "12.70488900", "price": "0.74650000", "time": "2025-07-15T23:39:10.869131Z", "fetched_at": "2025-07-15T23:39:34.258162+00:00", "symbol": "ADA-USD"}, {"trade_id": 143783702, "side": "buy", "size": "158.92706377", "price": "0.74650000", "time": "2025-07-15T23:39:08.581312Z", "fetched_at": "2025-07-15T23:39:34.258162+00:00", "symbol": "ADA-USD"}, {"trade_id": 143783701, "side": "buy", "size": "2.11903474", "price": "0.74650000", "time": "2025-07-15T23:39:08.581312Z", "fetched_at": "2025-07-15T23:39:34.258162+00:00", "symbol": "ADA-USD"}, {"trade_id": 143783700, "side": "buy", "size": "270.32644000", "price": "0.74650000", "time": "2025-07-15T23:39:08.581312Z", "fetched_at": "2025-07-15T23:39:34.258162+00:00", "symbol": "ADA-USD"}, {"trade_id": 143783699, "side": "buy", "size": "63.22237182", "price": "0.74650000", "time": "2025-07-15T23:39:05.792999Z", "fetched_at": "2025-07-15T23:39:34.258162+00:00", "symbol": "ADA-USD"}, {"trade_id": 143783698, "side": "buy", "size": "4.76782818", "price": "0.74650000", "time": "2025-07-15T23:39:05.792999Z", "fetched_at": "2025-07-15T23:39:34.258162+00:00", "symbol": "ADA-USD"}, {"trade_id": 143783697, "side": "sell", "size": "174.15273113", "price": "0.74640000", "time": "2025-07-15T23:39:05.763049Z", "fetched_at": "2025-07-15T23:39:34.258162+00:00", "symbol": "ADA-USD"}, {"trade_id": 143783696, "side": "sell", "size": "174.15273000", "price": "0.74640000", "time": "2025-07-15T23:39:05.647417Z", "fetched_at": "2025-07-15T23:39:34.258162+00:00", "symbol": "ADA-USD"}, {"trade_id": 143783695, "side": "sell", "size": "67.25244000", "price": "0.74630000", "time": "2025-07-15T23:39:05.176931Z", "fetched_at": "2025-07-15T23:39:34.258162+00:00", "symbol": "ADA-USD"}, {"trade_id": 143783694, "side": "sell", "size": "779.89865061", "price": "0.74630000", "time": "2025-07-15T23:39:05.176187Z", "fetched_at": "2025-07-15T23:39:34.258162+00:00", "symbol": "ADA-USD"}, {"trade_id": 143783693, "side": "sell", "size": "1124.90099551", "price": "0.74630000", "time": "2025-07-15T23:39:05.175974Z", "fetched_at": "2025-07-15T23:39:34.258162+00:00", "symbol": "ADA-USD"}, {"trade_id": 143783692, "side": "sell", "size": "2625.49502668", "price": "0.74630000", "time": "2025-07-15T23:39:05.172088Z", "fetched_at": "2025-07-15T23:39:34.258162+00:00", "symbol": "ADA-USD"}, {"trade_id": 143783691, "side": "buy", "size": "14.05223833", "price": "0.74620000", "time": "2025-07-15T23:39:04.528560Z", "fetched_at": "2025-07-15T23:39:34.258162+00:00", "symbol": "ADA-USD"}, {"trade_id": 143783690, "side": "buy", "size": "11.30151866", "price": "0.74620000", "time": "2025-07-15T23:39:04.528560Z", "fetched_at": "2025-07-15T23:39:34.258162+00:00", "symbol": "ADA-USD"}, {"trade_id": 143783689, "side": "buy", "size": "14.07008709", "price": "0.74620000", "time": "2025-07-15T23:39:04.518310Z", "fetched_at": "2025-07-15T23:39:34.258162+00:00", "symbol": "ADA-USD"}, {"trade_id": 143783688, "side": "buy", "size": "1.50000000", "price": "0.74620000", "time": "2025-07-15T23:39:04.518310Z", "fetched_at": "2025-07-15T23:39:34.258162+00:00", "symbol": "ADA-USD"}, {"trade_id": 143783687, "side": "buy", "size": "15.06869155", "price": "0.74630000", "time": "2025-07-15T23:39:04.197705Z", "fetched_at": "2025-07-15T23:39:34.258162+00:00", "symbol": "ADA-USD"}, {"trade_id": 143783686, "side": "buy", "size": "20.63725675", "price": "0.74630000", "time": "2025-07-15T23:39:04.182332Z", "fetched_at": "2025-07-15T23:39:34.258162+00:00", "symbol": "ADA-USD"}, {"trade_id": 143783685, "side": "buy", "size": "0.00001149", "price": "0.74630000", "time": "2025-07-15T23:39:04.171114Z", "fetched_at": "2025-07-15T23:39:34.258162+00:00", "symbol": "ADA-USD"}, {"trade_id": 143783684, "side": "buy", "size": "20.76666127", "price": "0.74630000", "time": "2025-07-15T23:39:04.170804Z", "fetched_at": "2025-07-15T23:39:34.258162+00:00", "symbol": "ADA-USD"}, {"trade_id": 143783683, "side": "buy", "size": "17.94504676", "price": "0.74630000", "time": "2025-07-15T23:39:04.170804Z", "fetched_at": "2025-07-15T23:39:34.258162+00:00", "symbol": "ADA-USD"}, {"trade_id": 143783682, "side": "buy", "size": "2.14654197", "price": "0.74630000", "time": "2025-07-15T23:39:04.170804Z", "fetched_at": "2025-07-15T23:39:34.258162+00:00", "symbol": "ADA-USD"}, {"trade_id": 143783681, "side": "buy", "size": "25.23992898", "price": "0.74640000", "time": "2025-07-15T23:39:03.984945Z", "fetched_at": "2025-07-15T23:39:34.258162+00:00", "symbol": "ADA-USD"}, {"trade_id": 143783680, "side": "buy", "size": "0.83334200", "price": "0.74640000", "time": "2025-07-15T23:39:02.949400Z", "fetched_at": "2025-07-15T23:39:34.258162+00:00", "symbol": "ADA-USD"}, {"trade_id": 143783679, "side": "sell", "size": "284.29310198", "price": "0.74650000", "time": "2025-07-15T23:39:02.763587Z", "fetched_at": "2025-07-15T23:39:34.258162+00:00", "symbol": "ADA-USD"}, {"trade_id": 143783678, "side": "sell", "size": "97.85345802", "price": "0.74650000", "time": "2025-07-15T23:39:02.763587Z", "fetched_at": "2025-07-15T23:39:34.258162+00:00", "symbol": "ADA-USD"}, {"trade_id": 143783677, "side": "buy", "size": "388.96144652", "price": "0.74630000", "time": "2025-07-15T23:39:02.756659Z", "fetched_at": "2025-07-15T23:39:34.258162+00:00", "symbol": "ADA-USD"}, {"trade_id": 143783676, "side": "buy", "size": "4920.00000000", "price": "0.74630000", "time": "2025-07-15T23:39:02.756659Z", "fetched_at": "2025-07-15T23:39:34.258162+00:00", "symbol": "ADA-USD"}, {"trade_id": 143783675, "side": "buy", "size": "1.50000000", "price": "0.74630000", "time": "2025-07-15T23:39:02.756659Z", "fetched_at": "2025-07-15T23:39:34.258162+00:00", "symbol": "ADA-USD"}, {"trade_id": 143783674, "side": "buy", "size": "568.42809344", "price": "0.74630000", "time": "2025-07-15T23:39:02.756659Z", "fetched_at": "2025-07-15T23:39:34.258162+00:00", "symbol": "ADA-USD"}, {"trade_id": 143783673, "side": "buy", "size": "778.03125796", "price": "0.74640000", "time": "2025-07-15T23:39:02.756157Z", "fetched_at": "2025-07-15T23:39:34.258162+00:00", "symbol": "ADA-USD"}, {"trade_id": 143783672, "side": "buy", "size": "669.86385799", "price": "0.74640000", "time": "2025-07-15T23:39:02.756157Z", "fetched_at": "2025-07-15T23:39:34.258162+00:00", "symbol": "ADA-USD"}, {"trade_id": 143783671, "side": "buy", "size": "207.70075044", "price": "0.74640000", "time": "2025-07-15T23:39:02.756157Z", "fetched_at": "2025-07-15T23:39:34.258162+00:00", "symbol": "ADA-USD"}, {"trade_id": 143783670, "side": "buy", "size": "67.99020000", "price": "0.74640000", "time": "2025-07-15T23:39:02.755619Z", "fetched_at": "2025-07-15T23:39:34.258162+00:00", "symbol": "ADA-USD"}, {"trade_id": 143783669, "side": "buy", "size": "981.50000000", "price": "0.74650000", "time": "2025-07-15T23:39:02.755511Z", "fetched_at": "2025-07-15T23:39:34.258162+00:00", "symbol": "ADA-USD"}, {"trade_id": 143783668, "side": "buy", "size": "153.33536857", "price": "0.74650000", "time": "2025-07-15T23:39:02.755511Z", "fetched_at": "2025-07-15T23:39:34.258162+00:00", "symbol": "ADA-USD"}, {"trade_id": 143783667, "side": "buy", "size": "47.11606462", "price": "0.74650000", "time": "2025-07-15T23:39:02.755511Z", "fetched_at": "2025-07-15T23:39:34.258162+00:00", "symbol": "ADA-USD"}, {"trade_id": 143783666, "side": "buy", "size": "67.99020000", "price": "0.74650000", "time": "2025-07-15T23:39:02.755385Z", "fetched_at": "2025-07-15T23:39:34.258162+00:00", "symbol": "ADA-USD"}, {"trade_id": 143783665, "side": "buy", "size": "67.99020000", "price": "0.74650000", "time": "2025-07-15T23:39:02.755185Z", "fetched_at": "2025-07-15T23:39:34.258162+00:00", "symbol": "ADA-USD"}, {"trade_id": 143783664, "side": "buy", "size": "533.80443314", "price": "0.74650000", "time": "2025-07-15T23:39:02.560380Z", "fetched_at": "2025-07-15T23:39:34.258162+00:00", "symbol": "ADA-USD"}, {"trade_id": 143783663, "side": "buy", "size": "2.02945786", "price": "0.74650000", "time": "2025-07-15T23:39:02.560380Z", "fetched_at": "2025-07-15T23:39:34.258162+00:00", "symbol": "ADA-USD"}, {"trade_id": 143783662, "side": "sell", "size": "66.49020000", "price": "0.74660000", "time": "2025-07-15T23:39:01.548096Z", "fetched_at": "2025-07-15T23:39:34.258162+00:00", "symbol": "ADA-USD"}, {"trade_id": 143783661, "side": "sell", "size": "1.50000000", "price": "0.74660000", "time": "2025-07-15T23:39:01.548096Z", "fetched_at": "2025-07-15T23:39:34.258162+00:00", "symbol": "ADA-USD"}, {"trade_id": 143783660, "side": "buy", "size": "2.70594381", "price": "0.74650000", "time": "2025-07-15T23:39:00.645374Z", "fetched_at": "2025-07-15T23:39:34.258162+00:00", "symbol": "ADA-USD"}, {"trade_id": 143783659, "side": "sell", "size": "174.24584477", "price": "0.74630000", "time": "2025-07-15T23:39:00.533107Z", "fetched_at": "2025-07-15T23:39:34.258162+00:00", "symbol": "ADA-USD"}, {"trade_id": 143783658, "side": "sell", "size": "84.86635480", "price": "0.74630000", "time": "2025-07-15T23:39:00.533107Z", "fetched_at": "2025-07-15T23:39:34.258162+00:00", "symbol": "ADA-USD"}, {"trade_id": 143783657, "side": "sell", "size": "174.17561460", "price": "0.74620000", "time": "2025-07-15T23:39:00.067685Z", "fetched_at": "2025-07-15T23:39:34.258162+00:00", "symbol": "ADA-USD"}, {"trade_id": 143783656, "side": "buy", "size": "8.78934815", "price": "0.74610000", "time": "2025-07-15T23:38:58.125149Z", "fetched_at": "2025-07-15T23:39:34.258162+00:00", "symbol": "ADA-USD"}, {"trade_id": 143783655, "side": "buy", "size": "1.50000000", "price": "0.74610000", "time": "2025-07-15T23:38:58.125149Z", "fetched_at": "2025-07-15T23:39:34.258162+00:00", "symbol": "ADA-USD"}, {"trade_id": 143783654, "side": "buy", "size": "9.22896317", "price": "0.74620000", "time": "2025-07-15T23:38:57.944906Z", "fetched_at": "2025-07-15T23:39:34.258162+00:00", "symbol": "ADA-USD"}, {"trade_id": 143783653, "side": "buy", "size": "1.50000000", "price": "0.74620000", "time": "2025-07-15T23:38:57.944906Z", "fetched_at": "2025-07-15T23:39:34.258162+00:00", "symbol": "ADA-USD"}, {"trade_id": 143783652, "side": "buy", "size": "9.47761453", "price": "0.74630000", "time": "2025-07-15T23:38:57.580636Z", "fetched_at": "2025-07-15T23:39:34.258162+00:00", "symbol": "ADA-USD"}, {"trade_id": 143783651, "side": "buy", "size": "24.07924165", "price": "0.74630000", "time": "2025-07-15T23:38:55.689420Z", "fetched_at": "2025-07-15T23:39:34.258162+00:00", "symbol": "ADA-USD"}, {"trade_id": 143783650, "side": "buy", "size": "1.50000000", "price": "0.74630000", "time": "2025-07-15T23:38:55.689420Z", "fetched_at": "2025-07-15T23:39:34.258162+00:00", "symbol": "ADA-USD"}, {"trade_id": 143783649, "side": "buy", "size": "11.09306017", "price": "0.74640000", "time": "2025-07-15T23:38:55.689420Z", "fetched_at": "2025-07-15T23:39:34.258162+00:00", "symbol": "ADA-USD"}, {"trade_id": 143783648, "side": "buy", "size": "4.44052318", "price": "0.74640000", "time": "2025-07-15T23:38:55.689420Z", "fetched_at": "2025-07-15T23:39:34.258162+00:00", "symbol": "ADA-USD"}, {"trade_id": 143783647, "side": "sell", "size": "32.73948566", "price": "0.74660000", "time": "2025-07-15T23:38:49.322248Z", "fetched_at": "2025-07-15T23:39:34.258162+00:00", "symbol": "ADA-USD"}, {"trade_id": 143783646, "side": "buy", "size": "10.43023666", "price": "0.74650000", "time": "2025-07-15T23:38:47.590550Z", "fetched_at": "2025-07-15T23:39:34.258162+00:00", "symbol": "ADA-USD"}, {"trade_id": 143783645, "side": "buy", "size": "66.49020000", "price": "0.74640000", "time": "2025-07-15T23:38:47.002277Z", "fetched_at": "2025-07-15T23:39:34.258162+00:00", "symbol": "ADA-USD"}, {"trade_id": 143783644, "side": "buy", "size": "1.50000000", "price": "0.74640000", "time": "2025-07-15T23:38:47.002277Z", "fetched_at": "2025-07-15T23:39:34.258162+00:00", "symbol": "ADA-USD"}, {"trade_id": 143783643, "side": "buy", "size": "1.50000000", "price": "0.74650000", "time": "2025-07-15T23:38:45.807169Z", "fetched_at": "2025-07-15T23:39:34.258162+00:00", "symbol": "ADA-USD"}, {"trade_id": 143783642, "side": "buy", "size": "1.50000000", "price": "0.74660000", "time": "2025-07-15T23:38:45.274451Z", "fetched_at": "2025-07-15T23:39:34.258162+00:00", "symbol": "ADA-USD"}, {"trade_id": 143783641, "side": "buy", "size": "10.81752663", "price": "0.74670000", "time": "2025-07-15T23:38:45.268638Z", "fetched_at": "2025-07-15T23:39:34.258162+00:00", "symbol": "ADA-USD"}, {"trade_id": 143783640, "side": "buy", "size": "1.50000000", "price": "0.74670000", "time": "2025-07-15T23:38:45.268638Z", "fetched_at": "2025-07-15T23:39:34.258162+00:00", "symbol": "ADA-USD"}, {"trade_id": 143783639, "side": "buy", "size": "1.50000000", "price": "0.74680000", "time": "2025-07-15T23:38:44.813420Z", "fetched_at": "2025-07-15T23:39:34.258162+00:00", "symbol": "ADA-USD"}, {"trade_id": 143783638, "side": "buy", "size": "0.00000693", "price": "0.74690000", "time": "2025-07-15T23:38:44.781632Z", "fetched_at": "2025-07-15T23:39:34.258162+00:00", "symbol": "ADA-USD"}, {"trade_id": 143783637, "side": "buy", "size": "12.28130000", "price": "0.74690000", "time": "2025-07-15T23:38:44.781314Z", "fetched_at": "2025-07-15T23:39:34.258162+00:00", "symbol": "ADA-USD"}, {"trade_id": 143783636, "side": "buy", "size": "1.50000000", "price": "0.74690000", "time": "2025-07-15T23:38:44.781314Z", "fetched_at": "2025-07-15T23:39:34.258162+00:00", "symbol": "ADA-USD"}, {"trade_id": 143783635, "side": "buy", "size": "12.31434634", "price": "0.74700000", "time": "2025-07-15T23:38:44.342113Z", "fetched_at": "2025-07-15T23:39:34.258162+00:00", "symbol": "ADA-USD"}, {"trade_id": 143783634, "side": "buy", "size": "5.92069757", "price": "0.74700000", "time": "2025-07-15T23:38:44.342113Z", "fetched_at": "2025-07-15T23:39:34.258162+00:00", "symbol": "ADA-USD"}, {"trade_id": 143783633, "side": "buy", "size": "12.61679337", "price": "0.74710000", "time": "2025-07-15T23:38:43.848467Z", "fetched_at": "2025-07-15T23:39:34.258162+00:00", "symbol": "ADA-USD"}, {"trade_id": 143783632, "side": "sell", "size": "0.00004084", "price": "0.74700000", "time": "2025-07-15T23:38:43.270575Z", "fetched_at": "2025-07-15T23:39:34.258162+00:00", "symbol": "ADA-USD"}, {"trade_id": 143783631, "side": "sell", "size": "722.57312000", "price": "0.74700000", "time": "2025-07-15T23:38:43.270202Z", "fetched_at": "2025-07-15T23:39:34.258162+00:00", "symbol": "ADA-USD"}, {"trade_id": 143783630, "side": "buy", "size": "500.00000000", "price": "0.74700000", "time": "2025-07-15T23:38:42.758623Z", "fetched_at": "2025-07-15T23:39:34.258162+00:00", "symbol": "ADA-USD"}, {"trade_id": 143783629, "side": "buy", "size": "1.50000000", "price": "0.74700000", "time": "2025-07-15T23:38:42.758623Z", "fetched_at": "2025-07-15T23:39:34.258162+00:00", "symbol": "ADA-USD"}, {"trade_id": 143783628, "side": "buy", "size": "25.72950531", "price": "0.74710000", "time": "2025-07-15T23:38:42.757537Z", "fetched_at": "2025-07-15T23:39:34.258162+00:00", "symbol": "ADA-USD"}, {"trade_id": 143783627, "side": "buy", "size": "1.50000000", "price": "0.74710000", "time": "2025-07-15T23:38:42.757537Z", "fetched_at": "2025-07-15T23:39:34.258162+00:00", "symbol": "ADA-USD"}, {"trade_id": 143783626, "side": "buy", "size": "0.00000810", "price": "0.74720000", "time": "2025-07-15T23:38:42.635919Z", "fetched_at": "2025-07-15T23:39:34.258162+00:00", "symbol": "ADA-USD"}, {"trade_id": 143783625, "side": "buy", "size": "24.02927333", "price": "0.74720000", "time": "2025-07-15T23:38:42.633694Z", "fetched_at": "2025-07-15T23:39:34.258162+00:00", "symbol": "ADA-USD"}, {"trade_id": 143783624, "side": "buy", "size": "1.50000000", "price": "0.74720000", "time": "2025-07-15T23:38:42.633694Z", "fetched_at": "2025-07-15T23:39:34.258162+00:00", "symbol": "ADA-USD"}, {"trade_id": 143783623, "side": "buy", "size": "217.34495667", "price": "0.74720000", "time": "2025-07-15T23:38:42.633694Z", "fetched_at": "2025-07-15T23:39:34.258162+00:00", "symbol": "ADA-USD"}, {"trade_id": 143783622, "side": "buy", "size": "365.95269827", "price": "0.74720000", "time": "2025-07-15T23:38:41.881530Z", "fetched_at": "2025-07-15T23:39:34.258162+00:00", "symbol": "ADA-USD"}, {"trade_id": 143783621, "side": "buy", "size": "31.66695730", "price": "0.74730000", "time": "2025-07-15T23:38:41.881530Z", "fetched_at": "2025-07-15T23:39:34.258162+00:00", "symbol": "ADA-USD"}, {"trade_id": 143783620, "side": "buy", "size": "7.89426343", "price": "0.74730000", "time": "2025-07-15T23:38:41.881530Z", "fetched_at": "2025-07-15T23:39:34.258162+00:00", "symbol": "ADA-USD"}, {"trade_id": 143783619, "side": "buy", "size": "0.00000497", "price": "0.74740000", "time": "2025-07-15T23:38:40.761498Z", "fetched_at": "2025-07-15T23:39:34.258162+00:00", "symbol": "ADA-USD"}, {"trade_id": 143783618, "side": "buy", "size": "55.71636000", "price": "0.74740000", "time": "2025-07-15T23:38:40.758008Z", "fetched_at": "2025-07-15T23:39:34.258162+00:00", "symbol": "ADA-USD"}, {"trade_id": 143783617, "side": "sell", "size": "173.87230111", "price": "0.74730000", "time": "2025-07-15T23:38:36.132872Z", "fetched_at": "2025-07-15T23:39:34.258162+00:00", "symbol": "ADA-USD"}, {"trade_id": 143783616, "side": "buy", "size": "18.77310032", "price": "0.74730000", "time": "2025-07-15T23:38:35.275314Z", "fetched_at": "2025-07-15T23:39:34.258162+00:00", "symbol": "ADA-USD"}, {"trade_id": 143783615, "side": "buy", "size": "116.41948436", "price": "0.74730000", "time": "2025-07-15T23:38:35.275314Z", "fetched_at": "2025-07-15T23:39:34.258162+00:00", "symbol": "ADA-USD"}, {"trade_id": 143783614, "side": "buy", "size": "1.50000000", "price": "0.74730000", "time": "2025-07-15T23:38:35.275314Z", "fetched_at": "2025-07-15T23:39:34.258162+00:00", "symbol": "ADA-USD"}, {"trade_id": 143783613, "side": "buy", "size": "0.00001221", "price": "0.74740000", "time": "2025-07-15T23:38:35.217038Z", "fetched_at": "2025-07-15T23:39:34.258162+00:00", "symbol": "ADA-USD"}, {"trade_id": 143783612, "side": "buy", "size": "26.39828273", "price": "0.74740000", "time": "2025-07-15T23:38:35.213712Z", "fetched_at": "2025-07-15T23:39:34.258162+00:00", "symbol": "ADA-USD"}, {"trade_id": 143783611, "side": "buy", "size": "1.50000000", "price": "0.74740000", "time": "2025-07-15T23:38:35.213712Z", "fetched_at": "2025-07-15T23:39:34.258162+00:00", "symbol": "ADA-USD"}, {"trade_id": 143783610, "side": "buy", "size": "37.42748727", "price": "0.74740000", "time": "2025-07-15T23:38:35.213712Z", "fetched_at": "2025-07-15T23:39:34.258162+00:00", "symbol": "ADA-USD"}, {"trade_id": 143783609, "side": "buy", "size": "4608.91000000", "price": "0.74750000", "time": "2025-07-15T23:38:34.685206Z", "fetched_at": "2025-07-15T23:39:34.258162+00:00", "symbol": "ADA-USD"}, {"trade_id": 143783608, "side": "buy", "size": "594.00000000", "price": "0.74750000", "time": "2025-07-15T23:38:34.685206Z", "fetched_at": "2025-07-15T23:39:34.258162+00:00", "symbol": "ADA-USD"}, {"trade_id": 143783607, "side": "buy", "size": "26.39123280", "price": "0.74760000", "time": "2025-07-15T23:38:34.685206Z", "fetched_at": "2025-07-15T23:39:34.258162+00:00", "symbol": "ADA-USD"}, {"trade_id": 143783606, "side": "buy", "size": "10.52568458", "price": "0.74760000", "time": "2025-07-15T23:38:34.685206Z", "fetched_at": "2025-07-15T23:39:34.258162+00:00", "symbol": "ADA-USD"}, {"trade_id": 143783605, "side": "buy", "size": "377.59128568", "price": "0.74740000", "time": "2025-07-15T23:38:33.988386Z", "fetched_at": "2025-07-15T23:39:34.258162+00:00", "symbol": "ADA-USD"}, {"trade_id": 143783604, "side": "buy", "size": "35.66459532", "price": "0.74750000", "time": "2025-07-15T23:38:33.988386Z", "fetched_at": "2025-07-15T23:39:34.258162+00:00", "symbol": "ADA-USD"}, {"trade_id": 143783603, "side": "buy", "size": "1.50000000", "price": "0.74750000", "time": "2025-07-15T23:38:33.988386Z", "fetched_at": "2025-07-15T23:39:34.258162+00:00", "symbol": "ADA-USD"}, {"trade_id": 143783602, "side": "buy", "size": "0.00001369", "price": "0.74760000", "time": "2025-07-15T23:38:33.885980Z", "fetched_at": "2025-07-15T23:39:34.258162+00:00", "symbol": "ADA-USD"}, {"trade_id": 143783601, "side": "buy", "size": "61.56820390", "price": "0.74760000", "time": "2025-07-15T23:38:33.882593Z", "fetched_at": "2025-07-15T23:39:34.258162+00:00", "symbol": "ADA-USD"}, {"trade_id": 143783600, "side": "buy", "size": "14.03424610", "price": "0.74760000", "time": "2025-07-15T23:38:33.882593Z", "fetched_at": "2025-07-15T23:39:34.258162+00:00", "symbol": "ADA-USD"}, {"trade_id": 143783599, "side": "sell", "size": "170.56051892", "price": "0.74770000", "time": "2025-07-15T23:38:32.674069Z", "fetched_at": "2025-07-15T23:39:34.258162+00:00", "symbol": "ADA-USD"}, {"trade_id": 143783598, "side": "buy", "size": "46.82359337", "price": "0.74760000", "time": "2025-07-15T23:38:32.035419Z", "fetched_at": "2025-07-15T23:39:34.258162+00:00", "symbol": "ADA-USD"}, {"trade_id": 143783597, "side": "buy", "size": "1337.61369716", "price": "0.74760000", "time": "2025-07-15T23:38:32.035419Z", "fetched_at": "2025-07-15T23:39:34.258162+00:00", "symbol": "ADA-USD"}, {"trade_id": 143783596, "side": "buy", "size": "604.57921230", "price": "0.74760000", "time": "2025-07-15T23:38:32.035419Z", "fetched_at": "2025-07-15T23:39:34.258162+00:00", "symbol": "ADA-USD"}, {"trade_id": 143783595, "side": "buy", "size": "357.70139648", "price": "0.74760000", "time": "2025-07-15T23:38:32.035419Z", "fetched_at": "2025-07-15T23:39:34.258162+00:00", "symbol": "ADA-USD"}, {"trade_id": 143783594, "side": "buy", "size": "494.79448969", "price": "0.74760000", "time": "2025-07-15T23:38:32.035419Z", "fetched_at": "2025-07-15T23:39:34.258162+00:00", "symbol": "ADA-USD"}, {"trade_id": 143783593, "side": "buy", "size": "3.79987066", "price": "0.74760000", "time": "2025-07-15T23:38:32.035419Z", "fetched_at": "2025-07-15T23:39:34.258162+00:00", "symbol": "ADA-USD"}, {"trade_id": 143783592, "side": "buy", "size": "14.91245747", "price": "0.74760000", "time": "2025-07-15T23:38:32.035419Z", "fetched_at": "2025-07-15T23:39:34.258162+00:00", "symbol": "ADA-USD"}, {"trade_id": 143783591, "side": "buy", "size": "173.87000000", "price": "0.74770000", "time": "2025-07-15T23:38:32.035419Z", "fetched_at": "2025-07-15T23:39:34.258162+00:00", "symbol": "ADA-USD"}, {"trade_id": 143783590, "side": "buy", "size": "173.86098287", "price": "0.74770000", "time": "2025-07-15T23:38:32.035419Z", "fetched_at": "2025-07-15T23:39:34.258162+00:00", "symbol": "ADA-USD"}, {"trade_id": 143783589, "side": "buy", "size": "40.53511700", "price": "0.74770000", "time": "2025-07-15T23:38:28.492279Z", "fetched_at": "2025-07-15T23:39:34.258162+00:00", "symbol": "ADA-USD"}, {"trade_id": 143783588, "side": "buy", "size": "67.99020000", "price": "0.74770000", "time": "2025-07-15T23:38:23.256570Z", "fetched_at": "2025-07-15T23:39:34.258162+00:00", "symbol": "ADA-USD"}, {"trade_id": 143783587, "side": "sell", "size": "1.50000000", "price": "0.74770000", "time": "2025-07-15T23:38:22.950398Z", "fetched_at": "2025-07-15T23:39:34.258162+00:00", "symbol": "ADA-USD"}, {"trade_id": 143783586, "side": "sell", "size": "26.01876422", "price": "0.74770000", "time": "2025-07-15T23:38:22.950398Z", "fetched_at": "2025-07-15T23:39:34.258162+00:00", "symbol": "ADA-USD"}, {"trade_id": 143783585, "side": "sell", "size": "173.91904560", "price": "0.74760000", "time": "2025-07-15T23:38:22.950363Z", "fetched_at": "2025-07-15T23:39:34.258162+00:00", "symbol": "ADA-USD"}, {"trade_id": 143783584, "side": "sell", "size": "24.60141269", "price": "0.74760000", "time": "2025-07-15T23:38:22.950363Z", "fetched_at": "2025-07-15T23:39:34.258162+00:00", "symbol": "ADA-USD"}, {"trade_id": 143783583, "side": "sell", "size": "1.50000000", "price": "0.74760000", "time": "2025-07-15T23:38:22.950363Z", "fetched_at": "2025-07-15T23:39:34.258162+00:00", "symbol": "ADA-USD"}, {"trade_id": 143783582, "side": "sell", "size": "1.50000000", "price": "0.74750000", "time": "2025-07-15T23:38:21.342626Z", "fetched_at": "2025-07-15T23:39:34.258162+00:00", "symbol": "ADA-USD"}, {"trade_id": 143783581, "side": "sell", "size": "37.99568377", "price": "0.74750000", "time": "2025-07-15T23:38:21.342626Z", "fetched_at": "2025-07-15T23:39:34.258162+00:00", "symbol": "ADA-USD"}, {"trade_id": 143783580, "side": "sell", "size": "21.40754617", "price": "0.74740000", "time": "2025-07-15T23:38:19.346584Z", "fetched_at": "2025-07-15T23:39:34.258162+00:00", "symbol": "ADA-USD"}, {"trade_id": 143783579, "side": "sell", "size": "67.99020000", "price": "0.74740000", "time": "2025-07-15T23:38:18.249376Z", "fetched_at": "2025-07-15T23:39:34.258162+00:00", "symbol": "ADA-USD"}, {"trade_id": 143783578, "side": "buy", "size": "173.94000000", "price": "0.74740000", "time": "2025-07-15T23:38:16.455600Z", "fetched_at": "2025-07-15T23:39:34.258162+00:00", "symbol": "ADA-USD"}, {"trade_id": 143783577, "side": "buy", "size": "173.93076919", "price": "0.74740000", "time": "2025-07-15T23:38:16.455600Z", "fetched_at": "2025-07-15T23:39:34.258162+00:00", "symbol": "ADA-USD"}, {"trade_id": 143783576, "side": "buy", "size": "67.99020000", "price": "0.74740000", "time": "2025-07-15T23:38:15.861177Z", "fetched_at": "2025-07-15T23:39:34.258162+00:00", "symbol": "ADA-USD"}, {"trade_id": 143783575, "side": "buy", "size": "67.99020000", "price": "0.74740000", "time": "2025-07-15T23:38:13.491624Z", "fetched_at": "2025-07-15T23:39:34.258162+00:00", "symbol": "ADA-USD"}, {"trade_id": 143783574, "side": "sell", "size": "29.40694692", "price": "0.74740000", "time": "2025-07-15T23:38:12.517835Z", "fetched_at": "2025-07-15T23:39:34.258162+00:00", "symbol": "ADA-USD"}, {"trade_id": 143783573, "side": "sell", "size": "25.32270229", "price": "0.74740000", "time": "2025-07-15T23:38:12.517835Z", "fetched_at": "2025-07-15T23:39:34.258162+00:00", "symbol": "ADA-USD"}, {"trade_id": 143783572, "side": "sell", "size": "18.02411600", "price": "0.74740000", "time": "2025-07-15T23:38:10.277343Z", "fetched_at": "2025-07-15T23:39:34.258162+00:00", "symbol": "ADA-USD"}, {"trade_id": 143783571, "side": "sell", "size": "1.50000000", "price": "0.74740000", "time": "2025-07-15T23:38:10.277343Z", "fetched_at": "2025-07-15T23:39:34.258162+00:00", "symbol": "ADA-USD"}, {"trade_id": 143783570, "side": "sell", "size": "35.36245377", "price": "0.74730000", "time": "2025-07-15T23:38:10.108120Z", "fetched_at": "2025-07-15T23:39:34.258162+00:00", "symbol": "ADA-USD"}, {"trade_id": 143783569, "side": "sell", "size": "67.99020000", "price": "0.74730000", "time": "2025-07-15T23:38:10.063870Z", "fetched_at": "2025-07-15T23:39:34.258162+00:00", "symbol": "ADA-USD"}, {"trade_id": 143783568, "side": "sell", "size": "35.15030496", "price": "0.74730000", "time": "2025-07-15T23:38:10.063755Z", "fetched_at": "2025-07-15T23:39:34.258162+00:00", "symbol": "ADA-USD"}, {"trade_id": 143783567, "side": "sell", "size": "1.50000000", "price": "0.74730000", "time": "2025-07-15T23:38:10.063755Z", "fetched_at": "2025-07-15T23:39:34.258162+00:00", "symbol": "ADA-USD"}, {"trade_id": 143783566, "side": "sell", "size": "31.33989504", "price": "0.74730000", "time": "2025-07-15T23:38:10.063755Z", "fetched_at": "2025-07-15T23:39:34.258162+00:00", "symbol": "ADA-USD"}, {"trade_id": 143783565, "side": "buy", "size": "124.72230045", "price": "0.74720000", "time": "2025-07-15T23:38:07.133781Z", "fetched_at": "2025-07-15T23:39:34.258162+00:00", "symbol": "ADA-USD"}, {"trade_id": 143783564, "side": "buy", "size": "49.25502409", "price": "0.74720000", "time": "2025-07-15T23:38:07.132892Z", "fetched_at": "2025-07-15T23:39:34.258162+00:00", "symbol": "ADA-USD"}, {"trade_id": 143783563, "side": "buy", "size": "18.73517591", "price": "0.74720000", "time": "2025-07-15T23:38:07.132892Z", "fetched_at": "2025-07-15T23:39:34.258162+00:00", "symbol": "ADA-USD"}, {"trade_id": 143783562, "side": "sell", "size": "87.96862414", "price": "0.74720000", "time": "2025-07-15T23:38:03.838465Z", "fetched_at": "2025-07-15T23:39:34.258162+00:00", "symbol": "ADA-USD"}, {"trade_id": 143783561, "side": "sell", "size": "1.50000000", "price": "0.74720000", "time": "2025-07-15T23:38:03.838465Z", "fetched_at": "2025-07-15T23:39:34.258162+00:00", "symbol": "ADA-USD"}, {"trade_id": 143783560, "side": "sell", "size": "26.08223015", "price": "0.74720000", "time": "2025-07-15T23:38:03.838465Z", "fetched_at": "2025-07-15T23:39:34.258162+00:00", "symbol": "ADA-USD"}, {"trade_id": 143783559, "side": "sell", "size": "3.17942025", "price": "0.74710000", "time": "2025-07-15T23:38:03.838465Z", "fetched_at": "2025-07-15T23:39:34.258162+00:00", "symbol": "ADA-USD"}, {"trade_id": 143783558, "side": "sell", "size": "1.50000000", "price": "0.74710000", "time": "2025-07-15T23:38:03.838465Z", "fetched_at": "2025-07-15T23:39:34.258162+00:00", "symbol": "ADA-USD"}, {"trade_id": 143783557, "side": "sell", "size": "9.96586646", "price": "0.74710000", "time": "2025-07-15T23:38:03.838465Z", "fetched_at": "2025-07-15T23:39:34.258162+00:00", "symbol": "ADA-USD"}, {"trade_id": 143783556, "side": "sell", "size": "2.65273300", "price": "0.74710000", "time": "2025-07-15T23:38:02.410527Z", "fetched_at": "2025-07-15T23:39:34.258162+00:00", "symbol": "ADA-USD"}, {"trade_id": 143783555, "side": "sell", "size": "1.50000000", "price": "0.74700000", "time": "2025-07-15T23:38:01.201638Z", "fetched_at": "2025-07-15T23:39:34.258162+00:00", "symbol": "ADA-USD"}, {"trade_id": 143783554, "side": "sell", "size": "1.50000000", "price": "0.74690000", "time": "2025-07-15T23:38:01.118287Z", "fetched_at": "2025-07-15T23:39:34.258162+00:00", "symbol": "ADA-USD"}, {"trade_id": 143783553, "side": "sell", "size": "8.38715839", "price": "0.74680000", "time": "2025-07-15T23:38:01.006554Z", "fetched_at": "2025-07-15T23:39:34.258162+00:00", "symbol": "ADA-USD"}, {"trade_id": 143783552, "side": "sell", "size": "1.50000000", "price": "0.74680000", "time": "2025-07-15T23:38:01.006554Z", "fetched_at": "2025-07-15T23:39:34.258162+00:00", "symbol": "ADA-USD"}, {"trade_id": 143783551, "side": "sell", "size": "1.50000000", "price": "0.74670000", "time": "2025-07-15T23:38:00.799747Z", "fetched_at": "2025-07-15T23:39:34.258162+00:00", "symbol": "ADA-USD"}, {"trade_id": 143783550, "side": "sell", "size": "1.50000000", "price": "0.74660000", "time": "2025-07-15T23:38:00.645264Z", "fetched_at": "2025-07-15T23:39:34.258162+00:00", "symbol": "ADA-USD"}, {"trade_id": 143783549, "side": "sell", "size": "47.10924928", "price": "0.74650000", "time": "2025-07-15T23:38:00.631090Z", "fetched_at": "2025-07-15T23:39:34.258162+00:00", "symbol": "ADA-USD"}, {"trade_id": 143783548, "side": "sell", "size": "1.50000000", "price": "0.74650000", "time": "2025-07-15T23:38:00.631090Z", "fetched_at": "2025-07-15T23:39:34.258162+00:00", "symbol": "ADA-USD"}, {"trade_id": 143783547, "side": "sell", "size": "156.24344800", "price": "0.74640000", "time": "2025-07-15T23:37:55.125783Z", "fetched_at": "2025-07-15T23:39:34.258162+00:00", "symbol": "ADA-USD"}, {"trade_id": 143783546, "side": "sell", "size": "33.16360700", "price": "0.74640000", "time": "2025-07-15T23:37:54.676765Z", "fetched_at": "2025-07-15T23:39:34.258162+00:00", "symbol": "ADA-USD"}, {"trade_id": 143783545, "side": "sell", "size": "3.10022900", "price": "0.74640000", "time": "2025-07-15T23:37:54.347129Z", "fetched_at": "2025-07-15T23:39:34.258162+00:00", "symbol": "ADA-USD"}, {"trade_id": 143783544, "side": "buy", "size": "406.05735700", "price": "0.74630000", "time": "2025-07-15T23:37:49.101923Z", "fetched_at": "2025-07-15T23:39:34.258162+00:00", "symbol": "ADA-USD"}, {"trade_id": 143783543, "side": "sell", "size": "39.06182500", "price": "0.74640000", "time": "2025-07-15T23:37:45.782421Z", "fetched_at": "2025-07-15T23:39:34.258162+00:00", "symbol": "ADA-USD"}, {"trade_id": 143783542, "side": "buy", "size": "0.55275546", "price": "0.74610000", "time": "2025-07-15T23:37:42.254520Z", "fetched_at": "2025-07-15T23:39:34.258162+00:00", "symbol": "ADA-USD"}, {"trade_id": 143783541, "side": "buy", "size": "101.28319954", "price": "0.74620000", "time": "2025-07-15T23:37:42.254520Z", "fetched_at": "2025-07-15T23:39:34.258162+00:00", "symbol": "ADA-USD"}, {"trade_id": 143783540, "side": "sell", "size": "324.18773716", "price": "0.74640000", "time": "2025-07-15T23:37:41.219530Z", "fetched_at": "2025-07-15T23:39:34.258162+00:00", "symbol": "ADA-USD"}, {"trade_id": 143783539, "side": "sell", "size": "1.35545584", "price": "0.74630000", "time": "2025-07-15T23:37:41.219530Z", "fetched_at": "2025-07-15T23:39:34.258162+00:00", "symbol": "ADA-USD"}, {"trade_id": 143783538, "side": "sell", "size": "24.98828278", "price": "0.74640000", "time": "2025-07-15T23:37:39.507709Z", "fetched_at": "2025-07-15T23:39:34.258162+00:00", "symbol": "ADA-USD"}, {"trade_id": 143783537, "side": "sell", "size": "6.78671022", "price": "0.74630000", "time": "2025-07-15T23:37:39.507709Z", "fetched_at": "2025-07-15T23:39:34.258162+00:00", "symbol": "ADA-USD"}, {"trade_id": 143783536, "side": "buy", "size": "6.70061600", "price": "0.74620000", "time": "2025-07-15T23:37:38.402786Z", "fetched_at": "2025-07-15T23:39:34.258162+00:00", "symbol": "ADA-USD"}, {"trade_id": 143783535, "side": "sell", "size": "1.32672200", "price": "0.74630000", "time": "2025-07-15T23:37:38.253302Z", "fetched_at": "2025-07-15T23:39:34.258162+00:00", "symbol": "ADA-USD"}, {"trade_id": 143783534, "side": "sell", "size": "10.88984694", "price": "0.74640000", "time": "2025-07-15T23:37:35.985619Z", "fetched_at": "2025-07-15T23:39:34.258162+00:00", "symbol": "ADA-USD"}, {"trade_id": 143783533, "side": "sell", "size": "13.04812842", "price": "0.74630000", "time": "2025-07-15T23:37:35.985619Z", "fetched_at": "2025-07-15T23:39:34.258162+00:00", "symbol": "ADA-USD"}, {"trade_id": 143783532, "side": "buy", "size": "171.87824552", "price": "0.74620000", "time": "2025-07-15T23:37:35.393988Z", "fetched_at": "2025-07-15T23:39:34.258162+00:00", "symbol": "ADA-USD"}, {"trade_id": 143783531, "side": "buy", "size": "31.19482948", "price": "0.74620000", "time": "2025-07-15T23:37:35.393988Z", "fetched_at": "2025-07-15T23:39:34.258162+00:00", "symbol": "ADA-USD"}, {"trade_id": 143783530, "side": "sell", "size": "693.10323818", "price": "0.74640000", "time": "2025-07-15T23:37:31.994329Z", "fetched_at": "2025-07-15T23:39:34.258162+00:00", "symbol": "ADA-USD"}, {"trade_id": 143783529, "side": "sell", "size": "388.74133453", "price": "0.74640000", "time": "2025-07-15T23:37:31.994329Z", "fetched_at": "2025-07-15T23:39:34.258162+00:00", "symbol": "ADA-USD"}, {"trade_id": 143783528, "side": "sell", "size": "669.91369956", "price": "0.74640000", "time": "2025-07-15T23:37:31.994329Z", "fetched_at": "2025-07-15T23:39:34.258162+00:00", "symbol": "ADA-USD"}, {"trade_id": 143783527, "side": "sell", "size": "1.50000000", "price": "0.74640000", "time": "2025-07-15T23:37:31.994329Z", "fetched_at": "2025-07-15T23:39:34.258162+00:00", "symbol": "ADA-USD"}, {"trade_id": 143783526, "side": "sell", "size": "174.22188225", "price": "0.74630000", "time": "2025-07-15T23:37:31.994329Z", "fetched_at": "2025-07-15T23:39:34.258162+00:00", "symbol": "ADA-USD"}, {"trade_id": 143783525, "side": "sell", "size": "675.55275648", "price": "0.74630000", "time": "2025-07-15T23:37:31.994329Z", "fetched_at": "2025-07-15T23:39:34.258162+00:00", "symbol": "ADA-USD"}, {"trade_id": 143783524, "side": "sell", "size": "1.50000000", "price": "0.74630000", "time": "2025-07-15T23:37:31.994329Z", "fetched_at": "2025-07-15T23:39:34.258162+00:00", "symbol": "ADA-USD"}, {"trade_id": 143783523, "side": "buy", "size": "3.01983234", "price": "0.74610000", "time": "2025-07-15T23:37:30.549207Z", "fetched_at": "2025-07-15T23:39:34.258162+00:00", "symbol": "ADA-USD"}, {"trade_id": 143783522, "side": "buy", "size": "104.19003066", "price": "0.74610000", "time": "2025-07-15T23:37:30.549207Z", "fetched_at": "2025-07-15T23:39:34.258162+00:00", "symbol": "ADA-USD"}, {"trade_id": 143783521, "side": "sell", "size": "13.26366600", "price": "0.74620000", "time": "2025-07-15T23:37:29.282184Z", "fetched_at": "2025-07-15T23:39:34.258162+00:00", "symbol": "ADA-USD"}, {"trade_id": 143783520, "side": "sell", "size": "32.87489900", "price": "0.74620000", "time": "2025-07-15T23:37:27.076283Z", "fetched_at": "2025-07-15T23:39:34.258162+00:00", "symbol": "ADA-USD"}, {"trade_id": 143783519, "side": "sell", "size": "319.02784700", "price": "0.74620000", "time": "2025-07-15T23:37:26.512640Z", "fetched_at": "2025-07-15T23:39:34.258162+00:00", "symbol": "ADA-USD"}, {"trade_id": 143783518, "side": "sell", "size": "265.36752900", "price": "0.74620000", "time": "2025-07-15T23:37:26.491897Z", "fetched_at": "2025-07-15T23:39:34.258162+00:00", "symbol": "ADA-USD"}, {"trade_id": 143783517, "side": "sell", "size": "76.06160000", "price": "0.74620000", "time": "2025-07-15T23:37:23.332506Z", "fetched_at": "2025-07-15T23:39:34.258162+00:00", "symbol": "ADA-USD"}, {"trade_id": 143783516, "side": "sell", "size": "594.00000000", "price": "0.74620000", "time": "2025-07-15T23:37:23.332506Z", "fetched_at": "2025-07-15T23:39:34.258162+00:00", "symbol": "ADA-USD"}, {"trade_id": 143783515, "side": "sell", "size": "174.24594292", "price": "0.74620000", "time": "2025-07-15T23:37:20.786816Z", "fetched_at": "2025-07-15T23:39:34.258162+00:00", "symbol": "ADA-USD"}, {"trade_id": 143783514, "side": "sell", "size": "1.50000000", "price": "0.74620000", "time": "2025-07-15T23:37:20.786816Z", "fetched_at": "2025-07-15T23:39:34.258162+00:00", "symbol": "ADA-USD"}, {"trade_id": 143783513, "side": "sell", "size": "52.86535758", "price": "0.74620000", "time": "2025-07-15T23:37:20.786816Z", "fetched_at": "2025-07-15T23:39:34.258162+00:00", "symbol": "ADA-USD"}, {"trade_id": 143783512, "side": "sell", "size": "67.99020000", "price": "0.74620000", "time": "2025-07-15T23:37:19.600081Z", "fetched_at": "2025-07-15T23:39:34.258162+00:00", "symbol": "ADA-USD"}, {"trade_id": 143783511, "side": "sell", "size": "0.00000292", "price": "0.74610000", "time": "2025-07-15T23:37:18.403656Z", "fetched_at": "2025-07-15T23:39:34.258162+00:00", "symbol": "ADA-USD"}, {"trade_id": 143783510, "side": "sell", "size": "174.24594000", "price": "0.74610000", "time": "2025-07-15T23:37:18.399294Z", "fetched_at": "2025-07-15T23:39:34.258162+00:00", "symbol": "ADA-USD"}, {"trade_id": 143783509, "side": "sell", "size": "60.70436000", "price": "0.74610000", "time": "2025-07-15T23:37:18.192917Z", "fetched_at": "2025-07-15T23:39:34.258162+00:00", "symbol": "ADA-USD"}, {"trade_id": 143783508, "side": "sell", "size": "1378.19028890", "price": "0.74610000", "time": "2025-07-15T23:37:18.180085Z", "fetched_at": "2025-07-15T23:39:34.258162+00:00", "symbol": "ADA-USD"}, {"trade_id": 143783507, "side": "sell", "size": "1506.17968491", "price": "0.74610000", "time": "2025-07-15T23:37:18.179700Z", "fetched_at": "2025-07-15T23:39:34.258162+00:00", "symbol": "ADA-USD"}, {"trade_id": 143783506, "side": "sell", "size": "484.68193230", "price": "0.74610000", "time": "2025-07-15T23:37:18.179700Z", "fetched_at": "2025-07-15T23:39:34.258162+00:00", "symbol": "ADA-USD"}, {"trade_id": 143783505, "side": "sell", "size": "11.76366600", "price": "0.74610000", "time": "2025-07-15T23:37:14.907454Z", "fetched_at": "2025-07-15T23:39:34.258162+00:00", "symbol": "ADA-USD"}, {"trade_id": 143783504, "side": "sell", "size": "1.50000000", "price": "0.74610000", "time": "2025-07-15T23:37:14.907454Z", "fetched_at": "2025-07-15T23:39:34.258162+00:00", "symbol": "ADA-USD"}, {"trade_id": 143783503, "side": "sell", "size": "65.14170800", "price": "0.74600000", "time": "2025-07-15T23:37:12.045094Z", "fetched_at": "2025-07-15T23:39:34.258162+00:00", "symbol": "ADA-USD"}, {"trade_id": 143783502, "side": "sell", "size": "32.57522100", "price": "0.74590000", "time": "2025-07-15T23:37:10.773476Z", "fetched_at": "2025-07-15T23:39:34.258162+00:00", "symbol": "ADA-USD"}, {"trade_id": 143783501, "side": "buy", "size": "13.97637641", "price": "0.74590000", "time": "2025-07-15T23:37:09.891241Z", "fetched_at": "2025-07-15T23:39:34.258162+00:00", "symbol": "ADA-USD"}, {"trade_id": 143783500, "side": "buy", "size": "13.96573208", "price": "0.74600000", "time": "2025-07-15T23:37:09.854723Z", "fetched_at": "2025-07-15T23:39:34.258162+00:00", "symbol": "ADA-USD"}, {"trade_id": 143783499, "side": "buy", "size": "13.64744599", "price": "0.74600000", "time": "2025-07-15T23:37:09.842260Z", "fetched_at": "2025-07-15T23:39:34.258162+00:00", "symbol": "ADA-USD"}, {"trade_id": 143783498, "side": "sell", "size": "26.04006400", "price": "0.74610000", "time": "2025-07-15T23:37:07.600673Z", "fetched_at": "2025-07-15T23:39:34.258162+00:00", "symbol": "ADA-USD"}, {"trade_id": 143783497, "side": "sell", "size": "13.26366600", "price": "0.74610000", "time": "2025-07-15T23:37:05.717891Z", "fetched_at": "2025-07-15T23:39:34.258162+00:00", "symbol": "ADA-USD"}, {"trade_id": 143783496, "side": "sell", "size": "3.31591600", "price": "0.74600000", "time": "2025-07-15T23:37:04.775872Z", "fetched_at": "2025-07-15T23:39:34.258162+00:00", "symbol": "ADA-USD"}, {"trade_id": 143783495, "side": "sell", "size": "33.15916400", "price": "0.74590000", "time": "2025-07-15T23:37:03.484332Z", "fetched_at": "2025-07-15T23:39:34.258162+00:00", "symbol": "ADA-USD"}, {"trade_id": 143783494, "side": "buy", "size": "118.68720966", "price": "0.74570000", "time": "2025-07-15T23:37:03.395432Z", "fetched_at": "2025-07-15T23:39:34.258162+00:00", "symbol": "ADA-USD"}, {"trade_id": 143783493, "side": "buy", "size": "1.50000000", "price": "0.74570000", "time": "2025-07-15T23:37:03.395432Z", "fetched_at": "2025-07-15T23:39:34.258162+00:00", "symbol": "ADA-USD"}, {"trade_id": 143783492, "side": "buy", "size": "15.23783734", "price": "0.74580000", "time": "2025-07-15T23:37:03.395432Z", "fetched_at": "2025-07-15T23:39:34.258162+00:00", "symbol": "ADA-USD"}, {"trade_id": 143783491, "side": "sell", "size": "6.63183300", "price": "0.74580000", "time": "2025-07-15T23:37:01.533900Z", "fetched_at": "2025-07-15T23:39:34.258162+00:00", "symbol": "ADA-USD"}, {"trade_id": 143783490, "side": "buy", "size": "21.64415742", "price": "0.74580000", "time": "2025-07-15T23:37:01.279304Z", "fetched_at": "2025-07-15T23:39:34.258162+00:00", "symbol": "ADA-USD"}, {"trade_id": 143783489, "side": "buy", "size": "22.29824594", "price": "0.74580000", "time": "2025-07-15T23:37:01.082783Z", "fetched_at": "2025-07-15T23:39:34.258162+00:00", "symbol": "ADA-USD"}, {"trade_id": 143783488, "side": "buy", "size": "1.50000000", "price": "0.74580000", "time": "2025-07-15T23:37:01.082783Z", "fetched_at": "2025-07-15T23:39:34.258162+00:00", "symbol": "ADA-USD"}, {"trade_id": 143783487, "side": "buy", "size": "161.97000000", "price": "0.74590000", "time": "2025-07-15T23:36:59.787328Z", "fetched_at": "2025-07-15T23:39:34.258162+00:00", "symbol": "ADA-USD"}, {"trade_id": 143783486, "side": "buy", "size": "27.29525236", "price": "0.74590000", "time": "2025-07-15T23:36:59.787328Z", "fetched_at": "2025-07-15T23:39:34.258162+00:00", "symbol": "ADA-USD"}, {"trade_id": 143783485, "side": "buy", "size": "134.66216216", "price": "0.74590000", "time": "2025-07-15T23:36:59.787328Z", "fetched_at": "2025-07-15T23:39:34.258162+00:00", "symbol": "ADA-USD"}, {"trade_id": 143783484, "side": "buy", "size": "9.05560650", "price": "0.74590000", "time": "2025-07-15T23:36:58.610820Z", "fetched_at": "2025-07-15T23:39:34.258162+00:00", "symbol": "ADA-USD"}, {"trade_id": 143783483, "side": "buy", "size": "325.79999677", "price": "0.74600000", "time": "2025-07-15T23:36:58.287324Z", "fetched_at": "2025-07-15T23:39:34.258162+00:00", "symbol": "ADA-USD"}, {"trade_id": 143783482, "side": "sell", "size": "174.20000323", "price": "0.74600000", "time": "2025-07-15T23:36:58.283234Z", "fetched_at": "2025-07-15T23:39:34.258162+00:00", "symbol": "ADA-USD"}, {"trade_id": 143783481, "side": "buy", "size": "9.22661450", "price": "0.74590000", "time": "2025-07-15T23:36:56.718157Z", "fetched_at": "2025-07-15T23:39:34.258162+00:00", "symbol": "ADA-USD"}, {"trade_id": 143783480, "side": "buy", "size": "10.95113485", "price": "0.74590000", "time": "2025-07-15T23:36:56.384314Z", "fetched_at": "2025-07-15T23:39:34.258162+00:00", "symbol": "ADA-USD"}, {"trade_id": 143783479, "side": "buy", "size": "1.50000000", "price": "0.74590000", "time": "2025-07-15T23:36:56.384314Z", "fetched_at": "2025-07-15T23:39:34.258162+00:00", "symbol": "ADA-USD"}, {"trade_id": 143783478, "side": "buy", "size": "10.94966687", "price": "0.74600000", "time": "2025-07-15T23:36:56.310906Z", "fetched_at": "2025-07-15T23:39:34.258162+00:00", "symbol": "ADA-USD"}, {"trade_id": 143783477, "side": "buy", "size": "13.26406446", "price": "0.74600000", "time": "2025-07-15T23:36:55.782430Z", "fetched_at": "2025-07-15T23:39:34.258162+00:00", "symbol": "ADA-USD"}, {"trade_id": 143783476, "side": "buy", "size": "1.50000000", "price": "0.74600000", "time": "2025-07-15T23:36:55.782430Z", "fetched_at": "2025-07-15T23:39:34.258162+00:00", "symbol": "ADA-USD"}, {"trade_id": 143783475, "side": "buy", "size": "0.00000951", "price": "0.74610000", "time": "2025-07-15T23:36:55.711802Z", "fetched_at": "2025-07-15T23:39:34.258162+00:00", "symbol": "ADA-USD"}, {"trade_id": 143783474, "side": "buy", "size": "135.61999049", "price": "0.74610000", "time": "2025-07-15T23:36:55.709776Z", "fetched_at": "2025-07-15T23:39:34.258162+00:00", "symbol": "ADA-USD"}, {"trade_id": 143783473, "side": "buy", "size": "13.25375194", "price": "0.74610000", "time": "2025-07-15T23:36:55.709776Z", "fetched_at": "2025-07-15T23:39:34.258162+00:00", "symbol": "ADA-USD"}, {"trade_id": 143783472, "side": "buy", "size": "120.85555757", "price": "0.74610000", "time": "2025-07-15T23:36:55.709776Z", "fetched_at": "2025-07-15T23:39:34.258162+00:00", "symbol": "ADA-USD"}, {"trade_id": 143783471, "side": "buy", "size": "1.50000000", "price": "0.74610000", "time": "2025-07-15T23:36:55.709776Z", "fetched_at": "2025-07-15T23:39:34.258162+00:00", "symbol": "ADA-USD"}, {"trade_id": 143783470, "side": "buy", "size": "14.58513702", "price": "0.74620000", "time": "2025-07-15T23:36:54.866404Z", "fetched_at": "2025-07-15T23:39:34.258162+00:00", "symbol": "ADA-USD"}, {"trade_id": 143783469, "side": "buy", "size": "0.16059500", "price": "0.74620000", "time": "2025-07-15T23:36:54.866404Z", "fetched_at": "2025-07-15T23:39:34.258162+00:00", "symbol": "ADA-USD"}, {"trade_id": 143783468, "side": "buy", "size": "1.33940500", "price": "0.74620000", "time": "2025-07-15T23:36:54.049928Z", "fetched_at": "2025-07-15T23:39:34.258162+00:00", "symbol": "ADA-USD"}, {"trade_id": 143783467, "side": "buy", "size": "15.85095928", "price": "0.74630000", "time": "2025-07-15T23:36:53.396866Z", "fetched_at": "2025-07-15T23:39:34.258162+00:00", "symbol": "ADA-USD"}, {"trade_id": 143783466, "side": "buy", "size": "23.75627249", "price": "0.74630000", "time": "2025-07-15T23:36:49.346177Z", "fetched_at": "2025-07-15T23:39:34.258162+00:00", "symbol": "ADA-USD"}, {"trade_id": 143783465, "side": "buy", "size": "4882.90000000", "price": "0.74630000", "time": "2025-07-15T23:36:49.346177Z", "fetched_at": "2025-07-15T23:39:34.258162+00:00", "symbol": "ADA-USD"}, {"trade_id": 143783464, "side": "buy", "size": "4872.70000000", "price": "0.74630000", "time": "2025-07-15T23:36:49.346177Z", "fetched_at": "2025-07-15T23:39:34.258162+00:00", "symbol": "ADA-USD"}, {"trade_id": 143783463, "side": "buy", "size": "1.50000000", "price": "0.74630000", "time": "2025-07-15T23:36:49.346177Z", "fetched_at": "2025-07-15T23:39:34.258162+00:00", "symbol": "ADA-USD"}, {"trade_id": 143783462, "side": "buy", "size": "21.67955368", "price": "0.74640000", "time": "2025-07-15T23:36:49.269406Z", "fetched_at": "2025-07-15T23:39:34.258162+00:00", "symbol": "ADA-USD"}, {"trade_id": 143783461, "side": "buy", "size": "27.47760240", "price": "0.74650000", "time": "2025-07-15T23:36:47.809693Z", "fetched_at": "2025-07-15T23:39:34.258162+00:00", "symbol": "ADA-USD"}, {"trade_id": 143783460, "side": "buy", "size": "174.15000000", "price": "0.74650000", "time": "2025-07-15T23:36:44.599590Z", "fetched_at": "2025-07-15T23:39:34.258162+00:00", "symbol": "ADA-USD"}, {"trade_id": 143783459, "side": "buy", "size": "174.14046470", "price": "0.74650000", "time": "2025-07-15T23:36:44.599590Z", "fetched_at": "2025-07-15T23:39:34.258162+00:00", "symbol": "ADA-USD"}, {"trade_id": 143783458, "side": "buy", "size": "174.12000000", "price": "0.74660000", "time": "2025-07-15T23:36:43.932215Z", "fetched_at": "2025-07-15T23:39:34.258162+00:00", "symbol": "ADA-USD"}, {"trade_id": 143783457, "side": "buy", "size": "174.11714023", "price": "0.74660000", "time": "2025-07-15T23:36:43.932215Z", "fetched_at": "2025-07-15T23:39:34.258162+00:00", "symbol": "ADA-USD"}, {"trade_id": 143783456, "side": "sell", "size": "14.57266400", "price": "0.74690000", "time": "2025-07-15T23:36:42.077461Z", "fetched_at": "2025-07-15T23:39:34.258162+00:00", "symbol": "ADA-USD"}, {"trade_id": 143783455, "side": "sell", "size": "1.50000000", "price": "0.74690000", "time": "2025-07-15T23:36:42.077461Z", "fetched_at": "2025-07-15T23:39:34.258162+00:00", "symbol": "ADA-USD"}, {"trade_id": 143783454, "side": "sell", "size": "1.50000000", "price": "0.74680000", "time": "2025-07-15T23:36:42.077461Z", "fetched_at": "2025-07-15T23:39:34.258162+00:00", "symbol": "ADA-USD"}, {"trade_id": 143783453, "side": "sell", "size": "1.50000000", "price": "0.74670000", "time": "2025-07-15T23:36:42.077461Z", "fetched_at": "2025-07-15T23:39:34.258162+00:00", "symbol": "ADA-USD"}, {"trade_id": 143783452, "side": "buy", "size": "715.60000000", "price": "0.74660000", "time": "2025-07-15T23:36:42.035978Z", "fetched_at": "2025-07-15T23:39:34.258162+00:00", "symbol": "ADA-USD"}, {"trade_id": 143783451, "side": "sell", "size": "0.00000299", "price": "0.74660000", "time": "2025-07-15T23:36:41.968969Z", "fetched_at": "2025-07-15T23:39:34.258162+00:00", "symbol": "ADA-USD"}, {"trade_id": 143783450, "side": "sell", "size": "174.15282000", "price": "0.74660000", "time": "2025-07-15T23:36:41.961360Z", "fetched_at": "2025-07-15T23:39:34.258162+00:00", "symbol": "ADA-USD"}, {"trade_id": 143783449, "side": "sell", "size": "174.17573000", "price": "0.74660000", "time": "2025-07-15T23:36:41.921240Z", "fetched_at": "2025-07-15T23:39:34.258162+00:00", "symbol": "ADA-USD"}, {"trade_id": 143783448, "side": "sell", "size": "1.50000000", "price": "0.74660000", "time": "2025-07-15T23:36:41.921240Z", "fetched_at": "2025-07-15T23:39:34.258162+00:00", "symbol": "ADA-USD"}, {"trade_id": 143783447, "side": "sell", "size": "562.76201472", "price": "0.74650000", "time": "2025-07-15T23:36:40.962928Z", "fetched_at": "2025-07-15T23:39:34.258162+00:00", "symbol": "ADA-USD"}, {"trade_id": 143783446, "side": "sell", "size": "1.50000000", "price": "0.74650000", "time": "2025-07-15T23:36:40.962928Z", "fetched_at": "2025-07-15T23:39:34.258162+00:00", "symbol": "ADA-USD"}, {"trade_id": 143783445, "side": "sell", "size": "1.50000000", "price": "0.74640000", "time": "2025-07-15T23:36:39.584308Z", "fetched_at": "2025-07-15T23:39:34.258162+00:00", "symbol": "ADA-USD"}, {"trade_id": 143783444, "side": "sell", "size": "1.50000000", "price": "0.74630000", "time": "2025-07-15T23:36:36.907932Z", "fetched_at": "2025-07-15T23:39:34.258162+00:00", "symbol": "ADA-USD"}, {"trade_id": 143783443, "side": "sell", "size": "1.50000000", "price": "0.74620000", "time": "2025-07-15T23:36:36.365505Z", "fetched_at": "2025-07-15T23:39:34.258162+00:00", "symbol": "ADA-USD"}, {"trade_id": 143783442, "side": "sell", "size": "1.50000000", "price": "0.74610000", "time": "2025-07-15T23:36:35.422218Z", "fetched_at": "2025-07-15T23:39:34.258162+00:00", "symbol": "ADA-USD"}, {"trade_id": 143783441, "side": "sell", "size": "1.50000000", "price": "0.74600000", "time": "2025-07-15T23:36:31.204372Z", "fetched_at": "2025-07-15T23:39:34.258162+00:00", "symbol": "ADA-USD"}, {"trade_id": 143783440, "side": "sell", "size": "1.50000000", "price": "0.74590000", "time": "2025-07-15T23:36:30.437765Z", "fetched_at": "2025-07-15T23:39:34.258162+00:00", "symbol": "ADA-USD"}, {"trade_id": 143783439, "side": "buy", "size": "276.62649329", "price": "0.74570000", "time": "2025-07-15T23:36:28.345114Z", "fetched_at": "2025-07-15T23:39:34.258162+00:00", "symbol": "ADA-USD"}, {"trade_id": 143783438, "side": "buy", "size": "11.82080924", "price": "0.74570000", "time": "2025-07-15T23:36:28.345114Z", "fetched_at": "2025-07-15T23:39:34.258162+00:00", "symbol": "ADA-USD"}, {"trade_id": 143783437, "side": "buy", "size": "658.10771087", "price": "0.74580000", "time": "2025-07-15T23:36:28.345114Z", "fetched_at": "2025-07-15T23:39:34.258162+00:00", "symbol": "ADA-USD"}, {"trade_id": 143783436, "side": "buy", "size": "594.00000000", "price": "0.74580000", "time": "2025-07-15T23:36:28.345114Z", "fetched_at": "2025-07-15T23:39:34.258162+00:00", "symbol": "ADA-USD"}, {"trade_id": 143783435, "side": "buy", "size": "174.30391110", "price": "0.74580000", "time": "2025-07-15T23:36:28.345114Z", "fetched_at": "2025-07-15T23:39:34.258162+00:00", "symbol": "ADA-USD"}, {"trade_id": 143783434, "side": "sell", "size": "1.50000000", "price": "0.74580000", "time": "2025-07-15T23:36:26.047714Z", "fetched_at": "2025-07-15T23:39:34.258162+00:00", "symbol": "ADA-USD"}, {"trade_id": 143783433, "side": "buy", "size": "26.83123200", "price": "0.74570000", "time": "2025-07-15T23:36:25.126696Z", "fetched_at": "2025-07-15T23:39:34.258162+00:00", "symbol": "ADA-USD"}, {"trade_id": 143783432, "side": "sell", "size": "1.50000000", "price": "0.74570000", "time": "2025-07-15T23:36:24.889258Z", "fetched_at": "2025-07-15T23:39:34.258162+00:00", "symbol": "ADA-USD"}, {"trade_id": 143783431, "side": "sell", "size": "26.03365288", "price": "0.74570000", "time": "2025-07-15T23:36:24.889258Z", "fetched_at": "2025-07-15T23:39:34.258162+00:00", "symbol": "ADA-USD"}, {"trade_id": 143783430, "side": "sell", "size": "171.67441888", "price": "0.74560000", "time": "2025-07-15T23:36:19.706942Z", "fetched_at": "2025-07-15T23:39:34.258162+00:00", "symbol": "ADA-USD"}, {"trade_id": 143783429, "side": "sell", "size": "254.76436000", "price": "0.74560000", "time": "2025-07-15T23:36:19.665133Z", "fetched_at": "2025-07-15T23:39:34.258162+00:00", "symbol": "ADA-USD"}, {"trade_id": 143783428, "side": "buy", "size": "320.99891020", "price": "0.74480000", "time": "2025-07-15T23:36:19.653941Z", "fetched_at": "2025-07-15T23:39:34.258162+00:00", "symbol": "ADA-USD"}, {"trade_id": 143783427, "side": "buy", "size": "592.95259800", "price": "0.74480000", "time": "2025-07-15T23:36:19.653941Z", "fetched_at": "2025-07-15T23:39:34.258162+00:00", "symbol": "ADA-USD"}, {"trade_id": 143783426, "side": "buy", "size": "1.50000000", "price": "0.74490000", "time": "2025-07-15T23:36:19.653941Z", "fetched_at": "2025-07-15T23:39:34.258162+00:00", "symbol": "ADA-USD"}, {"trade_id": 143783425, "side": "buy", "size": "500.00000000", "price": "0.74490000", "time": "2025-07-15T23:36:19.653941Z", "fetched_at": "2025-07-15T23:39:34.258162+00:00", "symbol": "ADA-USD"}, {"trade_id": 143783424, "side": "buy", "size": "1713.29881000", "price": "0.74490000", "time": "2025-07-15T23:36:19.653941Z", "fetched_at": "2025-07-15T23:39:34.258162+00:00", "symbol": "ADA-USD"}, {"trade_id": 143783423, "side": "buy", "size": "981.50000000", "price": "0.74490000", "time": "2025-07-15T23:36:19.653941Z", "fetched_at": "2025-07-15T23:39:34.258162+00:00", "symbol": "ADA-USD"}, {"trade_id": 143783422, "side": "buy", "size": "594.00000000", "price": "0.74490000", "time": "2025-07-15T23:36:19.653941Z", "fetched_at": "2025-07-15T23:39:34.258162+00:00", "symbol": "ADA-USD"}, {"trade_id": 143783421, "side": "buy", "size": "1073.56931922", "price": "0.74500000", "time": "2025-07-15T23:36:19.653941Z", "fetched_at": "2025-07-15T23:39:34.258162+00:00", "symbol": "ADA-USD"}, {"trade_id": 143783420, "side": "buy", "size": "852.49588617", "price": "0.74500000", "time": "2025-07-15T23:36:19.653941Z", "fetched_at": "2025-07-15T23:39:34.258162+00:00", "symbol": "ADA-USD"}, {"trade_id": 143783419, "side": "buy", "size": "1.50000000", "price": "0.74500000", "time": "2025-07-15T23:36:19.653941Z", "fetched_at": "2025-07-15T23:39:34.258162+00:00", "symbol": "ADA-USD"}, {"trade_id": 143783418, "side": "buy", "size": "275.69095044", "price": "0.74500000", "time": "2025-07-15T23:36:19.653941Z", "fetched_at": "2025-07-15T23:39:34.258162+00:00", "symbol": "ADA-USD"}, {"trade_id": 143783417, "side": "buy", "size": "1713.29881000", "price": "0.74500000", "time": "2025-07-15T23:36:19.653941Z", "fetched_at": "2025-07-15T23:39:34.258162+00:00", "symbol": "ADA-USD"}, {"trade_id": 143783416, "side": "buy", "size": "500.00000000", "price": "0.74500000", "time": "2025-07-15T23:36:19.653941Z", "fetched_at": "2025-07-15T23:39:34.258162+00:00", "symbol": "ADA-USD"}, {"trade_id": 143783415, "side": "buy", "size": "408.13121160", "price": "0.74510000", "time": "2025-07-15T23:36:19.653941Z", "fetched_at": "2025-07-15T23:39:34.258162+00:00", "symbol": "ADA-USD"}, {"trade_id": 143783414, "side": "buy", "size": "500.00000000", "price": "0.74510000", "time": "2025-07-15T23:36:19.653941Z", "fetched_at": "2025-07-15T23:39:34.258162+00:00", "symbol": "ADA-USD"}, {"trade_id": 143783413, "side": "buy", "size": "1.50000000", "price": "0.74510000", "time": "2025-07-15T23:36:19.653941Z", "fetched_at": "2025-07-15T23:39:34.258162+00:00", "symbol": "ADA-USD"}, {"trade_id": 143783412, "side": "buy", "size": "1712.37939000", "price": "0.74510000", "time": "2025-07-15T23:36:19.653941Z", "fetched_at": "2025-07-15T23:39:34.258162+00:00", "symbol": "ADA-USD"}, {"trade_id": 143783411, "side": "buy", "size": "852.49588617", "price": "0.74510000", "time": "2025-07-15T23:36:19.653941Z", "fetched_at": "2025-07-15T23:39:34.258162+00:00", "symbol": "ADA-USD"}, {"trade_id": 143783410, "side": "buy", "size": "657.31307237", "price": "0.74510000", "time": "2025-07-15T23:36:19.653941Z", "fetched_at": "2025-07-15T23:39:34.258162+00:00", "symbol": "ADA-USD"}, {"trade_id": 143783409, "side": "buy", "size": "9000.00000000", "price": "0.74520000", "time": "2025-07-15T23:36:19.653941Z", "fetched_at": "2025-07-15T23:39:34.258162+00:00", "symbol": "ADA-USD"}, {"trade_id": 143783408, "side": "buy", "size": "500.00000000", "price": "0.74520000", "time": "2025-07-15T23:36:19.653941Z", "fetched_at": "2025-07-15T23:39:34.258162+00:00", "symbol": "ADA-USD"}, {"trade_id": 143783407, "side": "buy", "size": "275.69095044", "price": "0.74520000", "time": "2025-07-15T23:36:19.653941Z", "fetched_at": "2025-07-15T23:39:34.258162+00:00", "symbol": "ADA-USD"}, {"trade_id": 143783406, "side": "buy", "size": "627.48855874", "price": "0.74520000", "time": "2025-07-15T23:36:19.653941Z", "fetched_at": "2025-07-15T23:39:34.258162+00:00", "symbol": "ADA-USD"}, {"trade_id": 143783405, "side": "buy", "size": "1712.37939000", "price": "0.74520000", "time": "2025-07-15T23:36:19.653941Z", "fetched_at": "2025-07-15T23:39:34.258162+00:00", "symbol": "ADA-USD"}, {"trade_id": 143783404, "side": "buy", "size": "1.50000000", "price": "0.74520000", "time": "2025-07-15T23:36:19.653941Z", "fetched_at": "2025-07-15T23:39:34.258162+00:00", "symbol": "ADA-USD"}, {"trade_id": 143783403, "side": "buy", "size": "472.76590487", "price": "0.74520000", "time": "2025-07-15T23:36:19.653941Z", "fetched_at": "2025-07-15T23:39:34.258162+00:00", "symbol": "ADA-USD"}, {"trade_id": 143783402, "side": "buy", "size": "852.49588617", "price": "0.74520000", "time": "2025-07-15T23:36:19.653941Z", "fetched_at": "2025-07-15T23:39:34.258162+00:00", "symbol": "ADA-USD"}, {"trade_id": 143783401, "side": "buy", "size": "391.21007507", "price": "0.74530000", "time": "2025-07-15T23:36:19.653941Z", "fetched_at": "2025-07-15T23:39:34.258162+00:00", "symbol": "ADA-USD"}, {"trade_id": 143783400, "side": "buy", "size": "5799.55155289", "price": "0.74530000", "time": "2025-07-15T23:36:19.653941Z", "fetched_at": "2025-07-15T23:39:34.258162+00:00", "symbol": "ADA-USD"}, {"trade_id": 143783399, "side": "buy", "size": "471.82809362", "price": "0.74530000", "time": "2025-07-15T23:36:19.653941Z", "fetched_at": "2025-07-15T23:39:34.258162+00:00", "symbol": "ADA-USD"}, {"trade_id": 143783398, "side": "buy", "size": "1712.37939000", "price": "0.74530000", "time": "2025-07-15T23:36:19.653941Z", "fetched_at": "2025-07-15T23:39:34.258162+00:00", "symbol": "ADA-USD"}, {"trade_id": 143783397, "side": "buy", "size": "852.49588617", "price": "0.74530000", "time": "2025-07-15T23:36:19.653941Z", "fetched_at": "2025-07-15T23:39:34.258162+00:00", "symbol": "ADA-USD"}, {"trade_id": 143783396, "side": "buy", "size": "174.39744687", "price": "0.74540000", "time": "2025-07-15T23:36:19.653941Z", "fetched_at": "2025-07-15T23:39:34.258162+00:00", "symbol": "ADA-USD"}, {"trade_id": 143783395, "side": "buy", "size": "331.47646042", "price": "0.74540000", "time": "2025-07-15T23:36:19.653941Z", "fetched_at": "2025-07-15T23:39:34.258162+00:00", "symbol": "ADA-USD"}, {"trade_id": 143783394, "side": "buy", "size": "275.69095044", "price": "0.74540000", "time": "2025-07-15T23:36:19.653941Z", "fetched_at": "2025-07-15T23:39:34.258162+00:00", "symbol": "ADA-USD"}, {"trade_id": 143783393, "side": "buy", "size": "1712.14976000", "price": "0.74540000", "time": "2025-07-15T23:36:19.653941Z", "fetched_at": "2025-07-15T23:39:34.258162+00:00", "symbol": "ADA-USD"}, {"trade_id": 143783392, "side": "buy", "size": "852.49588617", "price": "0.74540000", "time": "2025-07-15T23:36:19.653941Z", "fetched_at": "2025-07-15T23:39:34.258162+00:00", "symbol": "ADA-USD"}, {"trade_id": 143783391, "side": "buy", "size": "500.00000000", "price": "0.74540000", "time": "2025-07-15T23:36:19.653941Z", "fetched_at": "2025-07-15T23:39:34.258162+00:00", "symbol": "ADA-USD"}, {"trade_id": 143783390, "side": "buy", "size": "594.00000000", "price": "0.74540000", "time": "2025-07-15T23:36:19.653941Z", "fetched_at": "2025-07-15T23:39:34.258162+00:00", "symbol": "ADA-USD"}, {"trade_id": 143783389, "side": "buy", "size": "670.68982697", "price": "0.74550000", "time": "2025-07-15T23:36:19.653941Z", "fetched_at": "2025-07-15T23:39:34.258162+00:00", "symbol": "ADA-USD"}, {"trade_id": 143783388, "side": "buy", "size": "1454.70935084", "price": "0.74550000", "time": "2025-07-15T23:36:19.653941Z", "fetched_at": "2025-07-15T23:39:34.258162+00:00", "symbol": "ADA-USD"}, {"trade_id": 143783387, "side": "buy", "size": "1712.14976000", "price": "0.74550000", "time": "2025-07-15T23:36:19.653941Z", "fetched_at": "2025-07-15T23:39:34.258162+00:00", "symbol": "ADA-USD"}, {"trade_id": 143783386, "side": "buy", "size": "2221.73179000", "price": "0.74550000", "time": "2025-07-15T23:36:19.653941Z", "fetched_at": "2025-07-15T23:39:34.258162+00:00", "symbol": "ADA-USD"}, {"trade_id": 143783385, "side": "buy", "size": "4865.50000000", "price": "0.74550000", "time": "2025-07-15T23:36:19.653941Z", "fetched_at": "2025-07-15T23:39:34.258162+00:00", "symbol": "ADA-USD"}, {"trade_id": 143783384, "side": "buy", "size": "270.32644000", "price": "0.74550000", "time": "2025-07-15T23:36:19.653941Z", "fetched_at": "2025-07-15T23:39:34.258162+00:00", "symbol": "ADA-USD"}, {"trade_id": 143783383, "side": "buy", "size": "852.49588617", "price": "0.74550000", "time": "2025-07-15T23:36:19.653941Z", "fetched_at": "2025-07-15T23:39:34.258162+00:00", "symbol": "ADA-USD"}, {"trade_id": 143783382, "side": "buy", "size": "500.00000000", "price": "0.74550000", "time": "2025-07-15T23:36:19.653941Z", "fetched_at": "2025-07-15T23:39:34.258162+00:00", "symbol": "ADA-USD"}, {"trade_id": 143783381, "side": "buy", "size": "852.49588617", "price": "0.74560000", "time": "2025-07-15T23:36:19.653941Z", "fetched_at": "2025-07-15T23:39:34.258162+00:00", "symbol": "ADA-USD"}, {"trade_id": 143783380, "side": "buy", "size": "405.48968000", "price": "0.74560000", "time": "2025-07-15T23:36:19.653941Z", "fetched_at": "2025-07-15T23:39:34.258162+00:00", "symbol": "ADA-USD"}, {"trade_id": 143783379, "side": "buy", "size": "1332.76852000", "price": "0.74560000", "time": "2025-07-15T23:36:19.653941Z", "fetched_at": "2025-07-15T23:39:34.258162+00:00", "symbol": "ADA-USD"}, {"trade_id": 143783378, "side": "buy", "size": "19.39825106", "price": "0.74560000", "time": "2025-07-15T23:36:19.653941Z", "fetched_at": "2025-07-15T23:39:34.258162+00:00", "symbol": "ADA-USD"}, {"trade_id": 143783377, "side": "sell", "size": "39.74866690", "price": "0.74560000", "time": "2025-07-15T23:36:19.564318Z", "fetched_at": "2025-07-15T23:39:34.258162+00:00", "symbol": "ADA-USD"}, {"trade_id": 143783376, "side": "sell", "size": "42.14814993", "price": "0.74560000", "time": "2025-07-15T23:36:19.564318Z", "fetched_at": "2025-07-15T23:39:34.258162+00:00", "symbol": "ADA-USD"}, {"trade_id": 143783375, "side": "sell", "size": "1.50000000", "price": "0.74560000", "time": "2025-07-15T23:36:19.564318Z", "fetched_at": "2025-07-15T23:39:34.258162+00:00", "symbol": "ADA-USD"}, {"trade_id": 143783374, "side": "sell", "size": "0.00001196", "price": "0.74550000", "time": "2025-07-15T23:36:19.466935Z", "fetched_at": "2025-07-15T23:39:34.258162+00:00", "symbol": "ADA-USD"}, {"trade_id": 143783373, "side": "sell", "size": "174.40949208", "price": "0.74550000", "time": "2025-07-15T23:36:19.445188Z", "fetched_at": "2025-07-15T23:39:34.258162+00:00", "symbol": "ADA-USD"}, {"trade_id": 143783372, "side": "sell", "size": "1.50000000", "price": "0.74550000", "time": "2025-07-15T23:36:19.445188Z", "fetched_at": "2025-07-15T23:39:34.258162+00:00", "symbol": "ADA-USD"}, {"trade_id": 143783371, "side": "sell", "size": "34.06415792", "price": "0.74550000", "time": "2025-07-15T23:36:19.445188Z", "fetched_at": "2025-07-15T23:39:34.258162+00:00", "symbol": "ADA-USD"}, {"trade_id": 143783370, "side": "buy", "size": "0.00000161", "price": "0.74540000", "time": "2025-07-15T23:36:15.744593Z", "fetched_at": "2025-07-15T23:39:34.258162+00:00", "symbol": "ADA-USD"}, {"trade_id": 143783369, "side": "buy", "size": "118.05247000", "price": "0.74540000", "time": "2025-07-15T23:36:15.742947Z", "fetched_at": "2025-07-15T23:39:34.258162+00:00", "symbol": "ADA-USD"}, {"trade_id": 143783368, "side": "buy", "size": "57.31121117", "price": "0.74540000", "time": "2025-07-15T23:36:14.264343Z", "fetched_at": "2025-07-15T23:39:34.258162+00:00", "symbol": "ADA-USD"}, {"trade_id": 143783367, "side": "buy", "size": "118.11513483", "price": "0.74540000", "time": "2025-07-15T23:36:14.264343Z", "fetched_at": "2025-07-15T23:39:34.258162+00:00", "symbol": "ADA-USD"}, {"trade_id": 143783366, "side": "sell", "size": "27.47648489", "price": "0.74540000", "time": "2025-07-15T23:36:12.446459Z", "fetched_at": "2025-07-15T23:39:34.258162+00:00", "symbol": "ADA-USD"}, {"trade_id": 143783365, "side": "sell", "size": "1.50000000", "price": "0.74540000", "time": "2025-07-15T23:36:12.446459Z", "fetched_at": "2025-07-15T23:39:34.258162+00:00", "symbol": "ADA-USD"}, {"trade_id": 143783364, "side": "sell", "size": "1.50000000", "price": "0.74530000", "time": "2025-07-15T23:36:12.354401Z", "fetched_at": "2025-07-15T23:39:34.258162+00:00", "symbol": "ADA-USD"}, {"trade_id": 143783363, "side": "sell", "size": "36.80696843", "price": "0.74530000", "time": "2025-07-15T23:36:12.354401Z", "fetched_at": "2025-07-15T23:39:34.258162+00:00", "symbol": "ADA-USD"}, {"trade_id": 143783362, "side": "sell", "size": "7.25424651", "price": "0.74520000", "time": "2025-07-15T23:36:12.285834Z", "fetched_at": "2025-07-15T23:39:34.258162+00:00", "symbol": "ADA-USD"}, {"trade_id": 143783361, "side": "sell", "size": "1.50000000", "price": "0.74520000", "time": "2025-07-15T23:36:12.285834Z", "fetched_at": "2025-07-15T23:39:34.258162+00:00", "symbol": "ADA-USD"}, {"trade_id": 143783360, "side": "sell", "size": "1.50000000", "price": "0.74510000", "time": "2025-07-15T23:36:12.077372Z", "fetched_at": "2025-07-15T23:39:34.258162+00:00", "symbol": "ADA-USD"}, {"trade_id": 143783359, "side": "sell", "size": "9.93691456", "price": "0.74510000", "time": "2025-07-15T23:36:12.077372Z", "fetched_at": "2025-07-15T23:39:34.258162+00:00", "symbol": "ADA-USD"}, {"trade_id": 143783358, "side": "sell", "size": "15.29006247", "price": "0.74500000", "time": "2025-07-15T23:36:12.031489Z", "fetched_at": "2025-07-15T23:39:34.258162+00:00", "symbol": "ADA-USD"}, {"trade_id": 143783357, "side": "sell", "size": "1.50000000", "price": "0.74500000", "time": "2025-07-15T23:36:12.031489Z", "fetched_at": "2025-07-15T23:39:34.258162+00:00", "symbol": "ADA-USD"}, {"trade_id": 143783356, "side": "sell", "size": "0.00000467", "price": "0.74490000", "time": "2025-07-15T23:36:10.209143Z", "fetched_at": "2025-07-15T23:39:34.258162+00:00", "symbol": "ADA-USD"}, {"trade_id": 143783355, "side": "sell", "size": "1.49999533", "price": "0.74490000", "time": "2025-07-15T23:36:10.161139Z", "fetched_at": "2025-07-15T23:39:34.258162+00:00", "symbol": "ADA-USD"}, {"trade_id": 143783354, "side": "sell", "size": "35.53240467", "price": "0.74490000", "time": "2025-07-15T23:36:10.161139Z", "fetched_at": "2025-07-15T23:39:34.258162+00:00", "symbol": "ADA-USD"}, {"trade_id": 143783353, "side": "buy", "size": "1.04740200", "price": "0.74480000", "time": "2025-07-15T23:36:09.551158Z", "fetched_at": "2025-07-15T23:39:34.258162+00:00", "symbol": "ADA-USD"}, {"trade_id": 143783352, "side": "sell", "size": "300.04027926", "price": "0.74480000", "time": "2025-07-15T23:36:07.583655Z", "fetched_at": "2025-07-15T23:39:34.258162+00:00", "symbol": "ADA-USD"}, {"trade_id": 143783351, "side": "sell", "size": "130.56348200", "price": "0.74480000", "time": "2025-07-15T23:36:07.256859Z", "fetched_at": "2025-07-15T23:39:34.258162+00:00", "symbol": "ADA-USD"}, {"trade_id": 143783350, "side": "sell", "size": "2.53710461", "price": "0.74480000", "time": "2025-07-15T23:36:05.407493Z", "fetched_at": "2025-07-15T23:39:34.258162+00:00", "symbol": "ADA-USD"}, {"trade_id": 143783349, "side": "sell", "size": "7.35731814", "price": "0.74480000", "time": "2025-07-15T23:36:05.407493Z", "fetched_at": "2025-07-15T23:39:34.258162+00:00", "symbol": "ADA-USD"}, {"trade_id": 143783348, "side": "sell", "size": "1.50000000", "price": "0.74480000", "time": "2025-07-15T23:36:05.407493Z", "fetched_at": "2025-07-15T23:39:34.258162+00:00", "symbol": "ADA-USD"}, {"trade_id": 143783347, "side": "sell", "size": "1.50000000", "price": "0.74470000", "time": "2025-07-15T23:36:05.347800Z", "fetched_at": "2025-07-15T23:39:34.258162+00:00", "symbol": "ADA-USD"}, {"trade_id": 143783346, "side": "buy", "size": "306.41195300", "price": "0.74460000", "time": "2025-07-15T23:36:01.766137Z", "fetched_at": "2025-07-15T23:39:34.258162+00:00", "symbol": "ADA-USD"}, {"trade_id": 143783345, "side": "sell", "size": "1.50000000", "price": "0.74460000", "time": "2025-07-15T23:36:01.619168Z", "fetched_at": "2025-07-15T23:39:34.258162+00:00", "symbol": "ADA-USD"}, {"trade_id": 143783344, "side": "sell", "size": "11.06957628", "price": "0.74450000", "time": "2025-07-15T23:36:01.475618Z", "fetched_at": "2025-07-15T23:39:34.258162+00:00", "symbol": "ADA-USD"}, {"trade_id": 143783343, "side": "sell", "size": "65.28174100", "price": "0.74450000", "time": "2025-07-15T23:36:00.533602Z", "fetched_at": "2025-07-15T23:39:34.258162+00:00", "symbol": "ADA-USD"}, {"trade_id": 143783342, "side": "sell", "size": "14.50178328", "price": "0.74450000", "time": "2025-07-15T23:35:59.386007Z", "fetched_at": "2025-07-15T23:39:34.258162+00:00", "symbol": "ADA-USD"}, {"trade_id": 143783341, "side": "sell", "size": "1.00000000", "price": "0.74450000", "time": "2025-07-15T23:35:59.386007Z", "fetched_at": "2025-07-15T23:39:34.258162+00:00", "symbol": "ADA-USD"}, {"trade_id": 143783340, "side": "sell", "size": "1.50000000", "price": "0.74450000", "time": "2025-07-15T23:35:59.386007Z", "fetched_at": "2025-07-15T23:39:34.258162+00:00", "symbol": "ADA-USD"}, {"trade_id": 143783339, "side": "sell", "size": "164.28177172", "price": "0.74440000", "time": "2025-07-15T23:35:59.386007Z", "fetched_at": "2025-07-15T23:39:34.258162+00:00", "symbol": "ADA-USD"}, {"trade_id": 143783338, "side": "sell", "size": "1.50000000", "price": "0.74440000", "time": "2025-07-15T23:35:59.386007Z", "fetched_at": "2025-07-15T23:39:34.258162+00:00", "symbol": "ADA-USD"}, {"trade_id": 143783337, "side": "sell", "size": "12.53811372", "price": "0.74430000", "time": "2025-07-15T23:35:55.714996Z", "fetched_at": "2025-07-15T23:39:34.258162+00:00", "symbol": "ADA-USD"}, {"trade_id": 143783336, "side": "sell", "size": "1.50000000", "price": "0.74430000", "time": "2025-07-15T23:35:55.714996Z", "fetched_at": "2025-07-15T23:39:34.258162+00:00", "symbol": "ADA-USD"}, {"trade_id": 143783335, "side": "sell", "size": "342.71382000", "price": "0.74430000", "time": "2025-07-15T23:35:55.714996Z", "fetched_at": "2025-07-15T23:39:34.258162+00:00", "symbol": "ADA-USD"}, {"trade_id": 143783334, "side": "buy", "size": "174.67865748", "price": "0.74420000", "time": "2025-07-15T23:35:54.957070Z", "fetched_at": "2025-07-15T23:39:34.258162+00:00", "symbol": "ADA-USD"}, {"trade_id": 143783333, "side": "sell", "size": "1.44814000", "price": "0.74430000", "time": "2025-07-15T23:35:51.087403Z", "fetched_at": "2025-07-15T23:39:34.258162+00:00", "symbol": "ADA-USD"}, {"trade_id": 143783332, "side": "sell", "size": "142.78255000", "price": "0.74410000", "time": "2025-07-15T23:35:47.762525Z", "fetched_at": "2025-07-15T23:39:34.258162+00:00", "symbol": "ADA-USD"}, {"trade_id": 143783331, "side": "sell", "size": "138.79739974", "price": "0.74420000", "time": "2025-07-15T23:35:46.319489Z", "fetched_at": "2025-07-15T23:39:34.258162+00:00", "symbol": "ADA-USD"}, {"trade_id": 143783330, "side": "sell", "size": "1.50000000", "price": "0.74420000", "time": "2025-07-15T23:35:46.319489Z", "fetched_at": "2025-07-15T23:39:34.258162+00:00", "symbol": "ADA-USD"}, {"trade_id": 143783329, "side": "sell", "size": "75.41278350", "price": "0.74420000", "time": "2025-07-15T23:35:46.319489Z", "fetched_at": "2025-07-15T23:39:34.258162+00:00", "symbol": "ADA-USD"}, {"trade_id": 143783328, "side": "sell", "size": "174.71414076", "price": "0.74410000", "time": "2025-07-15T23:35:46.319489Z", "fetched_at": "2025-07-15T23:39:34.258162+00:00", "symbol": "ADA-USD"}, {"trade_id": 143783327, "side": "sell", "size": "1.50000000", "price": "0.74410000", "time": "2025-07-15T23:35:46.319489Z", "fetched_at": "2025-07-15T23:39:34.258162+00:00", "symbol": "ADA-USD"}, {"trade_id": 143783326, "side": "sell", "size": "174.76178181", "price": "0.74400000", "time": "2025-07-15T23:35:45.323827Z", "fetched_at": "2025-07-15T23:39:34.258162+00:00", "symbol": "ADA-USD"}, {"trade_id": 143783325, "side": "sell", "size": "1.50000000", "price": "0.74400000", "time": "2025-07-15T23:35:45.323827Z", "fetched_at": "2025-07-15T23:39:34.258162+00:00", "symbol": "ADA-USD"}, {"trade_id": 143783324, "side": "sell", "size": "1.50000000", "price": "0.74390000", "time": "2025-07-15T23:35:40.666259Z", "fetched_at": "2025-07-15T23:39:34.258162+00:00", "symbol": "ADA-USD"}, {"trade_id": 143783323, "side": "buy", "size": "472.61447726", "price": "0.74380000", "time": "2025-07-15T23:35:39.290752Z", "fetched_at": "2025-07-15T23:39:34.258162+00:00", "symbol": "ADA-USD"}, {"trade_id": 143783322, "side": "buy", "size": "25.86433474", "price": "0.74380000", "time": "2025-07-15T23:35:39.290752Z", "fetched_at": "2025-07-15T23:39:34.258162+00:00", "symbol": "ADA-USD"}, {"trade_id": 143783321, "side": "sell", "size": "3.99300900", "price": "0.74370000", "time": "2025-07-15T23:35:32.024667Z", "fetched_at": "2025-07-15T23:39:34.258162+00:00", "symbol": "ADA-USD"}, {"trade_id": 143783320, "side": "buy", "size": "1.74801667", "price": "0.74370000", "time": "2025-07-15T23:35:27.969281Z", "fetched_at": "2025-07-15T23:39:34.258162+00:00", "symbol": "ADA-USD"}, {"trade_id": 143783319, "side": "buy", "size": "8.83628232", "price": "0.74370000", "time": "2025-07-15T23:35:27.969281Z", "fetched_at": "2025-07-15T23:39:34.258162+00:00", "symbol": "ADA-USD"}, {"trade_id": 143783318, "side": "buy", "size": "9.60555722", "price": "0.74370000", "time": "2025-07-15T23:35:24.804701Z", "fetched_at": "2025-07-15T23:39:34.258162+00:00", "symbol": "ADA-USD"}, {"trade_id": 143783317, "side": "buy", "size": "9.84516273", "price": "0.74380000", "time": "2025-07-15T23:35:23.486259Z", "fetched_at": "2025-07-15T23:39:34.258162+00:00", "symbol": "ADA-USD"}, {"trade_id": 143783316, "side": "buy", "size": "11.04831171", "price": "0.74370000", "time": "2025-07-15T23:35:21.153846Z", "fetched_at": "2025-07-15T23:39:34.258162+00:00", "symbol": "ADA-USD"}, {"trade_id": 143783315, "side": "buy", "size": "12.25753761", "price": "0.74380000", "time": "2025-07-15T23:35:19.221396Z", "fetched_at": "2025-07-15T23:39:34.258162+00:00", "symbol": "ADA-USD"}, {"trade_id": 143783314, "side": "buy", "size": "13.42819289", "price": "0.74380000", "time": "2025-07-15T23:35:15.597355Z", "fetched_at": "2025-07-15T23:39:34.258162+00:00", "symbol": "ADA-USD"}, {"trade_id": 143783313, "side": "sell", "size": "2222.31450293", "price": "0.74420000", "time": "2025-07-15T23:35:13.487783Z", "fetched_at": "2025-07-15T23:39:34.258162+00:00", "symbol": "ADA-USD"}, {"trade_id": 143783312, "side": "sell", "size": "1.50000000", "price": "0.74420000", "time": "2025-07-15T23:35:13.487783Z", "fetched_at": "2025-07-15T23:39:34.258162+00:00", "symbol": "ADA-USD"}, {"trade_id": 143783311, "side": "sell", "size": "275.69095044", "price": "0.74420000", "time": "2025-07-15T23:35:13.487783Z", "fetched_at": "2025-07-15T23:39:34.258162+00:00", "symbol": "ADA-USD"}, {"trade_id": 143783310, "side": "sell", "size": "488.79930675", "price": "0.74420000", "time": "2025-07-15T23:35:13.487783Z", "fetched_at": "2025-07-15T23:39:34.258162+00:00", "symbol": "ADA-USD"}, {"trade_id": 143783309, "side": "sell", "size": "852.49588617", "price": "0.74420000", "time": "2025-07-15T23:35:13.487783Z", "fetched_at": "2025-07-15T23:39:34.258162+00:00", "symbol": "ADA-USD"}, {"trade_id": 143783308, "side": "sell", "size": "1715.14073000", "price": "0.74420000", "time": "2025-07-15T23:35:13.487783Z", "fetched_at": "2025-07-15T23:39:34.258162+00:00", "symbol": "ADA-USD"}, {"trade_id": 143783307, "side": "sell", "size": "594.00000000", "price": "0.74420000", "time": "2025-07-15T23:35:13.487783Z", "fetched_at": "2025-07-15T23:39:34.258162+00:00", "symbol": "ADA-USD"}, {"trade_id": 143783306, "side": "sell", "size": "342.12228000", "price": "0.74420000", "time": "2025-07-15T23:35:13.487783Z", "fetched_at": "2025-07-15T23:39:34.258162+00:00", "symbol": "ADA-USD"}, {"trade_id": 143783305, "side": "sell", "size": "7270.48180577", "price": "0.74410000", "time": "2025-07-15T23:35:13.487783Z", "fetched_at": "2025-07-15T23:39:34.258162+00:00", "symbol": "ADA-USD"}, {"trade_id": 143783304, "side": "sell", "size": "852.49588617", "price": "0.74410000", "time": "2025-07-15T23:35:13.487783Z", "fetched_at": "2025-07-15T23:39:34.258162+00:00", "symbol": "ADA-USD"}, {"trade_id": 143783303, "side": "sell", "size": "603.43990084", "price": "0.74410000", "time": "2025-07-15T23:35:13.487783Z", "fetched_at": "2025-07-15T23:39:34.258162+00:00", "symbol": "ADA-USD"}, {"trade_id": 143783302, "side": "sell", "size": "1.50000000", "price": "0.74410000", "time": "2025-07-15T23:35:13.487783Z", "fetched_at": "2025-07-15T23:39:34.258162+00:00", "symbol": "ADA-USD"}, {"trade_id": 143783301, "side": "sell", "size": "1715.14073000", "price": "0.74410000", "time": "2025-07-15T23:35:13.487783Z", "fetched_at": "2025-07-15T23:39:34.258162+00:00", "symbol": "ADA-USD"}, {"trade_id": 143783300, "side": "sell", "size": "174.78421965", "price": "0.74400000", "time": "2025-07-15T23:35:13.487783Z", "fetched_at": "2025-07-15T23:39:34.258162+00:00", "symbol": "ADA-USD"}, {"trade_id": 143783299, "side": "sell", "size": "539.55249233", "price": "0.74400000", "time": "2025-07-15T23:35:13.487783Z", "fetched_at": "2025-07-15T23:39:34.258162+00:00", "symbol": "ADA-USD"}, {"trade_id": 143783298, "side": "sell", "size": "852.49588617", "price": "0.74400000", "time": "2025-07-15T23:35:13.487783Z", "fetched_at": "2025-07-15T23:39:34.258162+00:00", "symbol": "ADA-USD"}, {"trade_id": 143783297, "side": "sell", "size": "1716.06310000", "price": "0.74400000", "time": "2025-07-15T23:35:13.487783Z", "fetched_at": "2025-07-15T23:39:34.258162+00:00", "symbol": "ADA-USD"}, {"trade_id": 143783296, "side": "sell", "size": "275.69095044", "price": "0.74400000", "time": "2025-07-15T23:35:13.487783Z", "fetched_at": "2025-07-15T23:39:34.258162+00:00", "symbol": "ADA-USD"}, {"trade_id": 143783295, "side": "sell", "size": "594.00000000", "price": "0.74400000", "time": "2025-07-15T23:35:13.487783Z", "fetched_at": "2025-07-15T23:39:34.258162+00:00", "symbol": "ADA-USD"}, {"trade_id": 143783294, "side": "sell", "size": "1.50000000", "price": "0.74400000", "time": "2025-07-15T23:35:13.487783Z", "fetched_at": "2025-07-15T23:39:34.258162+00:00", "symbol": "ADA-USD"}, {"trade_id": 143783293, "side": "sell", "size": "672.13499570", "price": "0.74390000", "time": "2025-07-15T23:35:13.487783Z", "fetched_at": "2025-07-15T23:39:34.258162+00:00", "symbol": "ADA-USD"}, {"trade_id": 143783292, "side": "sell", "size": "2507.68535000", "price": "0.74390000", "time": "2025-07-15T23:35:13.487783Z", "fetched_at": "2025-07-15T23:39:34.258162+00:00", "symbol": "ADA-USD"}, {"trade_id": 143783291, "side": "sell", "size": "1716.06310000", "price": "0.74390000", "time": "2025-07-15T23:35:13.487783Z", "fetched_at": "2025-07-15T23:39:34.258162+00:00", "symbol": "ADA-USD"}, {"trade_id": 143783290, "side": "sell", "size": "600.31709338", "price": "0.74390000", "time": "2025-07-15T23:35:13.487783Z", "fetched_at": "2025-07-15T23:39:34.258162+00:00", "symbol": "ADA-USD"}, {"trade_id": 143783289, "side": "sell", "size": "772.40829846", "price": "0.74390000", "time": "2025-07-15T23:35:13.487783Z", "fetched_at": "2025-07-15T23:39:34.258162+00:00", "symbol": "ADA-USD"}, {"trade_id": 143783288, "side": "sell", "size": "689.08048000", "price": "0.74390000", "time": "2025-07-15T23:35:13.487783Z", "fetched_at": "2025-07-15T23:39:34.258162+00:00", "symbol": "ADA-USD"}, {"trade_id": 143783287, "side": "sell", "size": "2016.40005377", "price": "0.74390000", "time": "2025-07-15T23:35:13.487783Z", "fetched_at": "2025-07-15T23:39:34.258162+00:00", "symbol": "ADA-USD"}, {"trade_id": 143783286, "side": "sell", "size": "1.50000000", "price": "0.74390000", "time": "2025-07-15T23:35:13.487783Z", "fetched_at": "2025-07-15T23:39:34.258162+00:00", "symbol": "ADA-USD"}, {"trade_id": 143783285, "side": "sell", "size": "385.70112000", "price": "0.74390000", "time": "2025-07-15T23:35:13.487783Z", "fetched_at": "2025-07-15T23:39:34.258162+00:00", "symbol": "ADA-USD"}, {"trade_id": 143783284, "side": "sell", "size": "675.12578136", "price": "0.74380000", "time": "2025-07-15T23:35:13.487783Z", "fetched_at": "2025-07-15T23:39:34.258162+00:00", "symbol": "ADA-USD"}, {"trade_id": 143783283, "side": "sell", "size": "4883.00000000", "price": "0.74380000", "time": "2025-07-15T23:35:13.487783Z", "fetched_at": "2025-07-15T23:39:34.258162+00:00", "symbol": "ADA-USD"}, {"trade_id": 143783282, "side": "sell", "size": "550.20472000", "price": "0.74380000", "time": "2025-07-15T23:35:13.487783Z", "fetched_at": "2025-07-15T23:39:34.258162+00:00", "symbol": "ADA-USD"}, {"trade_id": 143783281, "side": "sell", "size": "98.84755367", "price": "0.74380000", "time": "2025-07-15T23:35:13.487783Z", "fetched_at": "2025-07-15T23:39:34.258162+00:00", "symbol": "ADA-USD"}, {"trade_id": 143783280, "side": "buy", "size": "4.88497591", "price": "0.74380000", "time": "2025-07-15T23:35:07.269798Z", "fetched_at": "2025-07-15T23:39:34.258162+00:00", "symbol": "ADA-USD"}, {"trade_id": 143783279, "side": "buy", "size": "334.80232457", "price": "0.74380000", "time": "2025-07-15T23:35:05.263148Z", "fetched_at": "2025-07-15T23:39:34.258162+00:00", "symbol": "ADA-USD"}, {"trade_id": 143783278, "side": "buy", "size": "4.98517543", "price": "0.74380000", "time": "2025-07-15T23:35:05.263148Z", "fetched_at": "2025-07-15T23:39:34.258162+00:00", "symbol": "ADA-USD"}, {"trade_id": 143783277, "side": "sell", "size": "549.91692000", "price": "0.74380000", "time": "2025-07-15T23:35:04.949798Z", "fetched_at": "2025-07-15T23:39:34.258162+00:00", "symbol": "ADA-USD"}, {"trade_id": 143783276, "side": "sell", "size": "35.27080000", "price": "0.74380000", "time": "2025-07-15T23:35:04.949798Z", "fetched_at": "2025-07-15T23:39:34.258162+00:00", "symbol": "ADA-USD"}, {"trade_id": 143783275, "side": "sell", "size": "1.50000000", "price": "0.74380000", "time": "2025-07-15T23:35:04.949798Z", "fetched_at": "2025-07-15T23:39:34.258162+00:00", "symbol": "ADA-USD"}, {"trade_id": 143783274, "side": "sell", "size": "102.03104818", "price": "0.74370000", "time": "2025-07-15T23:35:03.121122Z", "fetched_at": "2025-07-15T23:39:34.258162+00:00", "symbol": "ADA-USD"}, {"trade_id": 143783273, "side": "sell", "size": "186.15243266", "price": "0.74370000", "time": "2025-07-15T23:35:03.108708Z", "fetched_at": "2025-07-15T23:39:34.258162+00:00", "symbol": "ADA-USD"}, {"trade_id": 143783272, "side": "sell", "size": "688.81651916", "price": "0.74370000", "time": "2025-07-15T23:35:03.098914Z", "fetched_at": "2025-07-15T23:39:34.258162+00:00", "symbol": "ADA-USD"}, {"trade_id": 143783271, "side": "sell", "size": "1.50000000", "price": "0.74370000", "time": "2025-07-15T23:35:03.098914Z", "fetched_at": "2025-07-15T23:39:34.258162+00:00", "symbol": "ADA-USD"}, {"trade_id": 143783270, "side": "sell", "size": "10.76572000", "price": "0.74360000", "time": "2025-07-15T23:35:02.749982Z", "fetched_at": "2025-07-15T23:39:34.258162+00:00", "symbol": "ADA-USD"}, {"trade_id": 143783269, "side": "sell", "size": "53.82860093", "price": "0.74360000", "time": "2025-07-15T23:35:02.749982Z", "fetched_at": "2025-07-15T23:39:34.258162+00:00", "symbol": "ADA-USD"}, {"trade_id": 143783268, "side": "sell", "size": "408.81716000", "price": "0.74350000", "time": "2025-07-15T23:35:02.440897Z", "fetched_at": "2025-07-15T23:39:34.258162+00:00", "symbol": "ADA-USD"}, {"trade_id": 143783267, "side": "sell", "size": "275.71988700", "price": "0.74350000", "time": "2025-07-15T23:35:02.440897Z", "fetched_at": "2025-07-15T23:39:34.258162+00:00", "symbol": "ADA-USD"}, {"trade_id": 143783266, "side": "sell", "size": "127.48911300", "price": "0.74350000", "time": "2025-07-15T23:35:01.522835Z", "fetched_at": "2025-07-15T23:39:34.258162+00:00", "symbol": "ADA-USD"}, {"trade_id": 143783265, "side": "buy", "size": "4.81175582", "price": "0.74350000", "time": "2025-07-15T23:34:59.582004Z", "fetched_at": "2025-07-15T23:39:34.258162+00:00", "symbol": "ADA-USD"}, {"trade_id": 143783264, "side": "sell", "size": "63.76361400", "price": "0.74360000", "time": "2025-07-15T23:34:57.575775Z", "fetched_at": "2025-07-15T23:39:34.258162+00:00", "symbol": "ADA-USD"}, {"trade_id": 143783263, "side": "sell", "size": "17.61623200", "price": "0.74360000", "time": "2025-07-15T23:34:55.427358Z", "fetched_at": "2025-07-15T23:39:34.258162+00:00", "symbol": "ADA-USD"}, {"trade_id": 143783262, "side": "sell", "size": "1.50000000", "price": "0.74360000", "time": "2025-07-15T23:34:55.427358Z", "fetched_at": "2025-07-15T23:39:34.258162+00:00", "symbol": "ADA-USD"}, {"trade_id": 143783261, "side": "buy", "size": "367.18602640", "price": "0.74350000", "time": "2025-07-15T23:34:55.194604Z", "fetched_at": "2025-07-15T23:39:34.258162+00:00", "symbol": "ADA-USD"}, {"trade_id": 143783260, "side": "buy", "size": "3.83968360", "price": "0.74350000", "time": "2025-07-15T23:34:55.194604Z", "fetched_at": "2025-07-15T23:39:34.258162+00:00", "symbol": "ADA-USD"}, {"trade_id": 143783259, "side": "buy", "size": "5.09659918", "price": "0.74350000", "time": "2025-07-15T23:34:54.765325Z", "fetched_at": "2025-07-15T23:39:34.258162+00:00", "symbol": "ADA-USD"}, {"trade_id": 143783258, "side": "sell", "size": "4.99193200", "price": "0.74340000", "time": "2025-07-15T23:34:54.048729Z", "fetched_at": "2025-07-15T23:39:34.258162+00:00", "symbol": "ADA-USD"}, {"trade_id": 143783257, "side": "sell", "size": "0.06121752", "price": "0.74340000", "time": "2025-07-15T23:34:53.900576Z", "fetched_at": "2025-07-15T23:39:34.258162+00:00", "symbol": "ADA-USD"}, {"trade_id": 143783256, "side": "buy", "size": "4.74973908", "price": "0.74330000", "time": "2025-07-15T23:34:52.082586Z", "fetched_at": "2025-07-15T23:39:34.258162+00:00", "symbol": "ADA-USD"}, {"trade_id": 143783255, "side": "sell", "size": "0.15388537", "price": "0.74340000", "time": "2025-07-15T23:34:52.006647Z", "fetched_at": "2025-07-15T23:39:34.258162+00:00", "symbol": "ADA-USD"}, {"trade_id": 143783254, "side": "buy", "size": "278.13040518", "price": "0.74320000", "time": "2025-07-15T23:34:51.386618Z", "fetched_at": "2025-07-15T23:39:34.258162+00:00", "symbol": "ADA-USD"}, {"trade_id": 143783253, "side": "buy", "size": "53.76971351", "price": "0.74320000", "time": "2025-07-15T23:34:51.386618Z", "fetched_at": "2025-07-15T23:39:34.258162+00:00", "symbol": "ADA-USD"}, {"trade_id": 143783252, "side": "buy", "size": "1.50000000", "price": "0.74320000", "time": "2025-07-15T23:34:51.386618Z", "fetched_at": "2025-07-15T23:39:34.258162+00:00", "symbol": "ADA-USD"}, {"trade_id": 143783251, "side": "buy", "size": "5.00848131", "price": "0.74330000", "time": "2025-07-15T23:34:51.386618Z", "fetched_at": "2025-07-15T23:39:34.258162+00:00", "symbol": "ADA-USD"}, {"trade_id": 143783250, "side": "buy", "size": "1.50000000", "price": "0.74330000", "time": "2025-07-15T23:34:51.386618Z", "fetched_at": "2025-07-15T23:39:34.258162+00:00", "symbol": "ADA-USD"}, {"trade_id": 143783249, "side": "buy", "size": "5.12345824", "price": "0.74340000", "time": "2025-07-15T23:34:50.107594Z", "fetched_at": "2025-07-15T23:39:34.258162+00:00", "symbol": "ADA-USD"}, {"trade_id": 143783248, "side": "buy", "size": "1.50000000", "price": "0.74340000", "time": "2025-07-15T23:34:50.107594Z", "fetched_at": "2025-07-15T23:39:34.258162+00:00", "symbol": "ADA-USD"}, {"trade_id": 143783247, "side": "buy", "size": "5.66801584", "price": "0.74350000", "time": "2025-07-15T23:34:48.743288Z", "fetched_at": "2025-07-15T23:39:34.258162+00:00", "symbol": "ADA-USD"}, {"trade_id": 143783246, "side": "buy", "size": "1.50000000", "price": "0.74350000", "time": "2025-07-15T23:34:48.743288Z", "fetched_at": "2025-07-15T23:39:34.258162+00:00", "symbol": "ADA-USD"}, {"trade_id": 143783245, "side": "buy", "size": "5.75926779", "price": "0.74360000", "time": "2025-07-15T23:34:48.541365Z", "fetched_at": "2025-07-15T23:39:34.258162+00:00", "symbol": "ADA-USD"}, {"trade_id": 143783244, "side": "buy", "size": "1.50000000", "price": "0.74360000", "time": "2025-07-15T23:34:48.541365Z", "fetched_at": "2025-07-15T23:39:34.258162+00:00", "symbol": "ADA-USD"}, {"trade_id": 143783243, "side": "buy", "size": "7.44806494", "price": "0.74370000", "time": "2025-07-15T23:34:47.114212Z", "fetched_at": "2025-07-15T23:39:34.258162+00:00", "symbol": "ADA-USD"}, {"trade_id": 143783242, "side": "buy", "size": "7.44806494", "price": "0.74370000", "time": "2025-07-15T23:34:47.107269Z", "fetched_at": "2025-07-15T23:39:34.258162+00:00", "symbol": "ADA-USD"}, {"trade_id": 143783241, "side": "buy", "size": "1.50000000", "price": "0.74370000", "time": "2025-07-15T23:34:47.107269Z", "fetched_at": "2025-07-15T23:39:34.258162+00:00", "symbol": "ADA-USD"}, {"trade_id": 143783240, "side": "buy", "size": "7.49531097", "price": "0.74380000", "time": "2025-07-15T23:34:46.994564Z", "fetched_at": "2025-07-15T23:39:34.258162+00:00", "symbol": "ADA-USD"}, {"trade_id": 143783239, "side": "buy", "size": "1.50000000", "price": "0.74380000", "time": "2025-07-15T23:34:46.994564Z", "fetched_at": "2025-07-15T23:39:34.258162+00:00", "symbol": "ADA-USD"}, {"trade_id": 143783238, "side": "buy", "size": "7.60020443", "price": "0.74390000", "time": "2025-07-15T23:34:46.880083Z", "fetched_at": "2025-07-15T23:39:34.258162+00:00", "symbol": "ADA-USD"}, {"trade_id": 143783237, "side": "buy", "size": "1.50000000", "price": "0.74390000", "time": "2025-07-15T23:34:46.880083Z", "fetched_at": "2025-07-15T23:39:34.258162+00:00", "symbol": "ADA-USD"}, {"trade_id": 143783236, "side": "buy", "size": "500.40532710", "price": "0.74400000", "time": "2025-07-15T23:34:45.622969Z", "fetched_at": "2025-07-15T23:39:34.258162+00:00", "symbol": "ADA-USD"}, {"trade_id": 143783235, "side": "buy", "size": "8.48295757", "price": "0.74400000", "time": "2025-07-15T23:34:45.622969Z", "fetched_at": "2025-07-15T23:39:34.258162+00:00", "symbol": "ADA-USD"}, {"trade_id": 143783234, "side": "buy", "size": "1.50000000", "price": "0.74400000", "time": "2025-07-15T23:34:45.622969Z", "fetched_at": "2025-07-15T23:39:34.258162+00:00", "symbol": "ADA-USD"}, {"trade_id": 143783233, "side": "buy", "size": "500.13439212", "price": "0.74410000", "time": "2025-07-15T23:34:45.495587Z", "fetched_at": "2025-07-15T23:39:34.258162+00:00", "symbol": "ADA-USD"}, {"trade_id": 143783232, "side": "buy", "size": "8.40399228", "price": "0.74410000", "time": "2025-07-15T23:34:45.495587Z", "fetched_at": "2025-07-15T23:39:34.258162+00:00", "symbol": "ADA-USD"}, {"trade_id": 143783231, "side": "buy", "size": "8.14406700", "price": "0.74410000", "time": "2025-07-15T23:34:43.242905Z", "fetched_at": "2025-07-15T23:39:34.258162+00:00", "symbol": "ADA-USD"}, {"trade_id": 143783230, "side": "sell", "size": "424.84809300", "price": "0.74420000", "time": "2025-07-15T23:34:41.898410Z", "fetched_at": "2025-07-15T23:39:34.258162+00:00", "symbol": "ADA-USD"}, {"trade_id": 143783229, "side": "sell", "size": "228.53581000", "price": "0.74420000", "time": "2025-07-15T23:34:41.898410Z", "fetched_at": "2025-07-15T23:39:34.258162+00:00", "symbol": "ADA-USD"}, {"trade_id": 143783228, "side": "sell", "size": "11.71130700", "price": "0.74420000", "time": "2025-07-15T23:34:41.898410Z", "fetched_at": "2025-07-15T23:39:34.258162+00:00", "symbol": "ADA-USD"}, {"trade_id": 143783227, "side": "sell", "size": "66.46971900", "price": "0.74420000", "time": "2025-07-15T23:34:34.479396Z", "fetched_at": "2025-07-15T23:39:34.258162+00:00", "symbol": "ADA-USD"}, {"trade_id": 143783226, "side": "sell", "size": "1.33028800", "price": "0.74420000", "time": "2025-07-15T23:34:32.366369Z", "fetched_at": "2025-07-15T23:39:34.258162+00:00", "symbol": "ADA-USD"}, {"trade_id": 143783225, "side": "buy", "size": "135.73444400", "price": "0.74410000", "time": "2025-07-15T23:34:32.169488Z", "fetched_at": "2025-07-15T23:39:34.258162+00:00", "symbol": "ADA-USD"}, {"trade_id": 143783224, "side": "buy", "size": "77.21251900", "price": "0.74410000", "time": "2025-07-15T23:34:31.175183Z", "fetched_at": "2025-07-15T23:39:34.258162+00:00", "symbol": "ADA-USD"}, {"trade_id": 143783223, "side": "sell", "size": "1.33028800", "price": "0.74420000", "time": "2025-07-15T23:34:30.995010Z", "fetched_at": "2025-07-15T23:39:34.258162+00:00", "symbol": "ADA-USD"}, {"trade_id": 143783222, "side": "buy", "size": "353.31900000", "price": "0.74410000", "time": "2025-07-15T23:34:30.624306Z", "fetched_at": "2025-07-15T23:39:34.258162+00:00", "symbol": "ADA-USD"}, {"trade_id": 143783221, "side": "buy", "size": "125.88591100", "price": "0.74410000", "time": "2025-07-15T23:34:24.996108Z", "fetched_at": "2025-07-15T23:39:34.258162+00:00", "symbol": "ADA-USD"}, {"trade_id": 143783220, "side": "buy", "size": "1.50000000", "price": "0.74410000", "time": "2025-07-15T23:34:24.996108Z", "fetched_at": "2025-07-15T23:39:34.258162+00:00", "symbol": "ADA-USD"}, {"trade_id": 143783219, "side": "sell", "size": "33.24378800", "price": "0.74420000", "time": "2025-07-15T23:34:22.984225Z", "fetched_at": "2025-07-15T23:39:34.258162+00:00", "symbol": "ADA-USD"}, {"trade_id": 143783218, "side": "buy", "size": "10.83911574", "price": "0.74420000", "time": "2025-07-15T23:34:21.594199Z", "fetched_at": "2025-07-15T23:39:34.258162+00:00", "symbol": "ADA-USD"}, {"trade_id": 143783217, "side": "sell", "size": "174.00000000", "price": "0.74430000", "time": "2025-07-15T23:34:18.820981Z", "fetched_at": "2025-07-15T23:39:34.258162+00:00", "symbol": "ADA-USD"}, {"trade_id": 143783216, "side": "buy", "size": "1334.10858699", "price": "0.74420000", "time": "2025-07-15T23:34:17.898513Z", "fetched_at": "2025-07-15T23:39:34.258162+00:00", "symbol": "ADA-USD"}, {"trade_id": 143783215, "side": "buy", "size": "488.94949383", "price": "0.74420000", "time": "2025-07-15T23:34:17.898513Z", "fetched_at": "2025-07-15T23:39:34.258162+00:00", "symbol": "ADA-USD"}, {"trade_id": 143783214, "side": "buy", "size": "495.19588617", "price": "0.74420000", "time": "2025-07-15T23:34:17.898513Z", "fetched_at": "2025-07-15T23:39:34.258162+00:00", "symbol": "ADA-USD"}, {"trade_id": 143783213, "side": "buy", "size": "357.30000000", "price": "0.74420000", "time": "2025-07-15T23:34:17.898513Z", "fetched_at": "2025-07-15T23:39:34.258162+00:00", "symbol": "ADA-USD"}, {"trade_id": 143783212, "side": "buy", "size": "1.50000000", "price": "0.74420000", "time": "2025-07-15T23:34:17.898513Z", "fetched_at": "2025-07-15T23:39:34.258162+00:00", "symbol": "ADA-USD"}, {"trade_id": 143783211, "side": "buy", "size": "11.44603301", "price": "0.74430000", "time": "2025-07-15T23:34:17.898513Z", "fetched_at": "2025-07-15T23:39:34.258162+00:00", "symbol": "ADA-USD"}