[{"trade_id": 143786738, "side": "buy", "size": "380.76379407", "price": "0.74320000", "time": "2025-07-16T00:10:49.613565Z", "fetched_at": "2025-07-16T00:10:51.054451+00:00", "symbol": "ADA-USD"}, {"trade_id": 143786737, "side": "buy", "size": "57.96846193", "price": "0.74320000", "time": "2025-07-16T00:10:49.613565Z", "fetched_at": "2025-07-16T00:10:51.054451+00:00", "symbol": "ADA-USD"}, {"trade_id": 143786736, "side": "buy", "size": "223.48516000", "price": "0.74320000", "time": "2025-07-16T00:10:49.613565Z", "fetched_at": "2025-07-16T00:10:51.054451+00:00", "symbol": "ADA-USD"}, {"trade_id": 143786735, "side": "buy", "size": "223.48516000", "price": "0.74330000", "time": "2025-07-16T00:10:49.613565Z", "fetched_at": "2025-07-16T00:10:51.054451+00:00", "symbol": "ADA-USD"}, {"trade_id": 143786734, "side": "sell", "size": "1.50000000", "price": "0.74330000", "time": "2025-07-16T00:10:49.175295Z", "fetched_at": "2025-07-16T00:10:51.054451+00:00", "symbol": "ADA-USD"}, {"trade_id": 143786733, "side": "sell", "size": "258.96078244", "price": "0.74320000", "time": "2025-07-16T00:10:49.050692Z", "fetched_at": "2025-07-16T00:10:51.054451+00:00", "symbol": "ADA-USD"}, {"trade_id": 143786732, "side": "sell", "size": "417.87535419", "price": "0.74320000", "time": "2025-07-16T00:10:49.037112Z", "fetched_at": "2025-07-16T00:10:51.054451+00:00", "symbol": "ADA-USD"}, {"trade_id": 143786731, "side": "sell", "size": "223.56976139", "price": "0.74320000", "time": "2025-07-16T00:10:49.026928Z", "fetched_at": "2025-07-16T00:10:51.054451+00:00", "symbol": "ADA-USD"}, {"trade_id": 143786730, "side": "sell", "size": "732.61440892", "price": "0.74320000", "time": "2025-07-16T00:10:49.017833Z", "fetched_at": "2025-07-16T00:10:51.054451+00:00", "symbol": "ADA-USD"}, {"trade_id": 143786729, "side": "sell", "size": "3.19827700", "price": "0.74320000", "time": "2025-07-16T00:10:46.896246Z", "fetched_at": "2025-07-16T00:10:51.054451+00:00", "symbol": "ADA-USD"}, {"trade_id": 143786728, "side": "sell", "size": "266.55896600", "price": "0.74320000", "time": "2025-07-16T00:10:46.592437Z", "fetched_at": "2025-07-16T00:10:51.054451+00:00", "symbol": "ADA-USD"}, {"trade_id": 143786727, "side": "sell", "size": "11.82794800", "price": "0.74320000", "time": "2025-07-16T00:10:45.967974Z", "fetched_at": "2025-07-16T00:10:51.054451+00:00", "symbol": "ADA-USD"}, {"trade_id": 143786726, "side": "sell", "size": "1.50000000", "price": "0.74320000", "time": "2025-07-16T00:10:45.967974Z", "fetched_at": "2025-07-16T00:10:51.054451+00:00", "symbol": "ADA-USD"}, {"trade_id": 143786725, "side": "sell", "size": "670.39104888", "price": "0.74310000", "time": "2025-07-16T00:10:44.745766Z", "fetched_at": "2025-07-16T00:10:51.054451+00:00", "symbol": "ADA-USD"}, {"trade_id": 143786724, "side": "sell", "size": "24.27700200", "price": "0.74310000", "time": "2025-07-16T00:10:44.344592Z", "fetched_at": "2025-07-16T00:10:51.054451+00:00", "symbol": "ADA-USD"}, {"trade_id": 143786723, "side": "sell", "size": "2032.18280083", "price": "0.74310000", "time": "2025-07-16T00:10:43.342245Z", "fetched_at": "2025-07-16T00:10:51.054451+00:00", "symbol": "ADA-USD"}, {"trade_id": 143786722, "side": "sell", "size": "94.81719917", "price": "0.74310000", "time": "2025-07-16T00:10:43.297321Z", "fetched_at": "2025-07-16T00:10:51.054451+00:00", "symbol": "ADA-USD"}, {"trade_id": 143786721, "side": "sell", "size": "659.05000000", "price": "0.74310000", "time": "2025-07-16T00:10:43.294189Z", "fetched_at": "2025-07-16T00:10:51.054451+00:00", "symbol": "ADA-USD"}, {"trade_id": 143786720, "side": "sell", "size": "1891.88509700", "price": "0.74310000", "time": "2025-07-16T00:10:43.292481Z", "fetched_at": "2025-07-16T00:10:51.054451+00:00", "symbol": "ADA-USD"}, {"trade_id": 143786719, "side": "sell", "size": "40.23442561", "price": "0.74310000", "time": "2025-07-16T00:10:43.241129Z", "fetched_at": "2025-07-16T00:10:51.054451+00:00", "symbol": "ADA-USD"}, {"trade_id": 143786718, "side": "sell", "size": "120.41402471", "price": "0.74310000", "time": "2025-07-16T00:10:43.241129Z", "fetched_at": "2025-07-16T00:10:51.054451+00:00", "symbol": "ADA-USD"}, {"trade_id": 143786717, "side": "sell", "size": "617.03414881", "price": "0.74310000", "time": "2025-07-16T00:10:43.204393Z", "fetched_at": "2025-07-16T00:10:51.054451+00:00", "symbol": "ADA-USD"}, {"trade_id": 143786716, "side": "sell", "size": "5281.75788000", "price": "0.74300000", "time": "2025-07-16T00:10:43.186372Z", "fetched_at": "2025-07-16T00:10:51.054451+00:00", "symbol": "ADA-USD"}, {"trade_id": 143786715, "side": "sell", "size": "4281.84621389", "price": "0.74290000", "time": "2025-07-16T00:10:43.151691Z", "fetched_at": "2025-07-16T00:10:51.054451+00:00", "symbol": "ADA-USD"}, {"trade_id": 143786714, "side": "sell", "size": "1449.41576453", "price": "0.74290000", "time": "2025-07-16T00:10:43.150930Z", "fetched_at": "2025-07-16T00:10:51.054451+00:00", "symbol": "ADA-USD"}, {"trade_id": 143786713, "side": "sell", "size": "535.36978689", "price": "0.74290000", "time": "2025-07-16T00:10:43.148307Z", "fetched_at": "2025-07-16T00:10:51.054451+00:00", "symbol": "ADA-USD"}, {"trade_id": 143786712, "side": "sell", "size": "2650.73333512", "price": "0.74290000", "time": "2025-07-16T00:10:43.147816Z", "fetched_at": "2025-07-16T00:10:51.054451+00:00", "symbol": "ADA-USD"}, {"trade_id": 143786711, "side": "sell", "size": "1016.92035957", "price": "0.74290000", "time": "2025-07-16T00:10:43.147743Z", "fetched_at": "2025-07-16T00:10:51.054451+00:00", "symbol": "ADA-USD"}, {"trade_id": 143786710, "side": "sell", "size": "512.00000000", "price": "0.74290000", "time": "2025-07-16T00:10:43.147707Z", "fetched_at": "2025-07-16T00:10:51.054451+00:00", "symbol": "ADA-USD"}, {"trade_id": 143786709, "side": "buy", "size": "275.69095044", "price": "0.74300000", "time": "2025-07-16T00:10:37.962937Z", "fetched_at": "2025-07-16T00:10:51.054451+00:00", "symbol": "ADA-USD"}, {"trade_id": 143786708, "side": "buy", "size": "26.06951211", "price": "0.74290000", "time": "2025-07-16T00:10:37.840442Z", "fetched_at": "2025-07-16T00:10:51.054451+00:00", "symbol": "ADA-USD"}, {"trade_id": 143786707, "side": "buy", "size": "981.50000000", "price": "0.74290000", "time": "2025-07-16T00:10:37.840442Z", "fetched_at": "2025-07-16T00:10:51.054451+00:00", "symbol": "ADA-USD"}, {"trade_id": 143786706, "side": "sell", "size": "2756.90950445", "price": "0.74300000", "time": "2025-07-16T00:10:37.838824Z", "fetched_at": "2025-07-16T00:10:51.054451+00:00", "symbol": "ADA-USD"}, {"trade_id": 143786705, "side": "sell", "size": "38.20560092", "price": "0.74300000", "time": "2025-07-16T00:10:37.838824Z", "fetched_at": "2025-07-16T00:10:51.054451+00:00", "symbol": "ADA-USD"}, {"trade_id": 143786704, "side": "buy", "size": "275.69095044", "price": "0.74280000", "time": "2025-07-16T00:10:37.832329Z", "fetched_at": "2025-07-16T00:10:51.054451+00:00", "symbol": "ADA-USD"}, {"trade_id": 143786703, "side": "buy", "size": "275.69095044", "price": "0.74300000", "time": "2025-07-16T00:10:37.830694Z", "fetched_at": "2025-07-16T00:10:51.054451+00:00", "symbol": "ADA-USD"}, {"trade_id": 143786702, "side": "buy", "size": "6676.90315386", "price": "0.74180000", "time": "2025-07-16T00:10:37.820958Z", "fetched_at": "2025-07-16T00:10:51.054451+00:00", "symbol": "ADA-USD"}, {"trade_id": 143786701, "side": "buy", "size": "9027.46696674", "price": "0.74180000", "time": "2025-07-16T00:10:37.820958Z", "fetched_at": "2025-07-16T00:10:51.054451+00:00", "symbol": "ADA-USD"}, {"trade_id": 143786700, "side": "buy", "size": "1718.83635000", "price": "0.74180000", "time": "2025-07-16T00:10:37.820958Z", "fetched_at": "2025-07-16T00:10:51.054451+00:00", "symbol": "ADA-USD"}, {"trade_id": 143786699, "side": "buy", "size": "1484.02851146", "price": "0.74190000", "time": "2025-07-16T00:10:37.820958Z", "fetched_at": "2025-07-16T00:10:51.054451+00:00", "symbol": "ADA-USD"}, {"trade_id": 143786698, "side": "buy", "size": "2021.67444913", "price": "0.74190000", "time": "2025-07-16T00:10:37.820958Z", "fetched_at": "2025-07-16T00:10:51.054451+00:00", "symbol": "ADA-USD"}, {"trade_id": 143786697, "side": "buy", "size": "1009.44610956", "price": "0.74190000", "time": "2025-07-16T00:10:37.820958Z", "fetched_at": "2025-07-16T00:10:51.054451+00:00", "symbol": "ADA-USD"}, {"trade_id": 143786696, "side": "buy", "size": "1.50000000", "price": "0.74190000", "time": "2025-07-16T00:10:37.820958Z", "fetched_at": "2025-07-16T00:10:51.054451+00:00", "symbol": "ADA-USD"}, {"trade_id": 143786695, "side": "buy", "size": "9876.60000000", "price": "0.74190000", "time": "2025-07-16T00:10:37.820958Z", "fetched_at": "2025-07-16T00:10:51.054451+00:00", "symbol": "ADA-USD"}, {"trade_id": 143786694, "side": "buy", "size": "275.69095044", "price": "0.74190000", "time": "2025-07-16T00:10:37.820958Z", "fetched_at": "2025-07-16T00:10:51.054451+00:00", "symbol": "ADA-USD"}, {"trade_id": 143786693, "side": "buy", "size": "133.77813721", "price": "0.74190000", "time": "2025-07-16T00:10:37.820958Z", "fetched_at": "2025-07-16T00:10:51.054451+00:00", "symbol": "ADA-USD"}, {"trade_id": 143786692, "side": "buy", "size": "23.77678933", "price": "0.74190000", "time": "2025-07-16T00:10:37.820958Z", "fetched_at": "2025-07-16T00:10:51.054451+00:00", "symbol": "ADA-USD"}, {"trade_id": 143786691, "side": "buy", "size": "0.10583665", "price": "0.74190000", "time": "2025-07-16T00:10:37.820958Z", "fetched_at": "2025-07-16T00:10:51.054451+00:00", "symbol": "ADA-USD"}, {"trade_id": 143786690, "side": "buy", "size": "1716.29388000", "price": "0.74190000", "time": "2025-07-16T00:10:37.820958Z", "fetched_at": "2025-07-16T00:10:51.054451+00:00", "symbol": "ADA-USD"}, {"trade_id": 143786689, "side": "buy", "size": "3955.10000000", "price": "0.74200000", "time": "2025-07-16T00:10:37.820958Z", "fetched_at": "2025-07-16T00:10:51.054451+00:00", "symbol": "ADA-USD"}, {"trade_id": 143786688, "side": "buy", "size": "2756.90950445", "price": "0.74200000", "time": "2025-07-16T00:10:37.820958Z", "fetched_at": "2025-07-16T00:10:51.054451+00:00", "symbol": "ADA-USD"}, {"trade_id": 143786687, "side": "buy", "size": "2789.24768668", "price": "0.74200000", "time": "2025-07-16T00:10:37.820958Z", "fetched_at": "2025-07-16T00:10:51.054451+00:00", "symbol": "ADA-USD"}, {"trade_id": 143786686, "side": "buy", "size": "391.55597268", "price": "0.74200000", "time": "2025-07-16T00:10:37.820958Z", "fetched_at": "2025-07-16T00:10:51.054451+00:00", "symbol": "ADA-USD"}, {"trade_id": 143786685, "side": "buy", "size": "1100.00000000", "price": "0.74200000", "time": "2025-07-16T00:10:37.820958Z", "fetched_at": "2025-07-16T00:10:51.054451+00:00", "symbol": "ADA-USD"}, {"trade_id": 143786684, "side": "buy", "size": "1.50000000", "price": "0.74200000", "time": "2025-07-16T00:10:37.820958Z", "fetched_at": "2025-07-16T00:10:51.054451+00:00", "symbol": "ADA-USD"}, {"trade_id": 143786683, "side": "buy", "size": "785.01000000", "price": "0.74200000", "time": "2025-07-16T00:10:37.820958Z", "fetched_at": "2025-07-16T00:10:51.054451+00:00", "symbol": "ADA-USD"}, {"trade_id": 143786682, "side": "buy", "size": "0.04241243", "price": "0.74200000", "time": "2025-07-16T00:10:37.820958Z", "fetched_at": "2025-07-16T00:10:51.054451+00:00", "symbol": "ADA-USD"}, {"trade_id": 143786681, "side": "buy", "size": "1722.78054000", "price": "0.74200000", "time": "2025-07-16T00:10:37.820958Z", "fetched_at": "2025-07-16T00:10:51.054451+00:00", "symbol": "ADA-USD"}, {"trade_id": 143786680, "side": "buy", "size": "791.10000000", "price": "0.74210000", "time": "2025-07-16T00:10:37.820958Z", "fetched_at": "2025-07-16T00:10:51.054451+00:00", "symbol": "ADA-USD"}, {"trade_id": 143786679, "side": "buy", "size": "673.76364371", "price": "0.74210000", "time": "2025-07-16T00:10:37.820958Z", "fetched_at": "2025-07-16T00:10:51.054451+00:00", "symbol": "ADA-USD"}, {"trade_id": 143786678, "side": "buy", "size": "1.50000000", "price": "0.74210000", "time": "2025-07-16T00:10:37.820958Z", "fetched_at": "2025-07-16T00:10:51.054451+00:00", "symbol": "ADA-USD"}, {"trade_id": 143786677, "side": "buy", "size": "594.00000000", "price": "0.74210000", "time": "2025-07-16T00:10:37.820958Z", "fetched_at": "2025-07-16T00:10:51.054451+00:00", "symbol": "ADA-USD"}, {"trade_id": 143786676, "side": "buy", "size": "1722.78054000", "price": "0.74210000", "time": "2025-07-16T00:10:37.820958Z", "fetched_at": "2025-07-16T00:10:51.054451+00:00", "symbol": "ADA-USD"}, {"trade_id": 143786675, "side": "buy", "size": "593.61140458", "price": "0.74220000", "time": "2025-07-16T00:10:37.820958Z", "fetched_at": "2025-07-16T00:10:51.054451+00:00", "symbol": "ADA-USD"}, {"trade_id": 143786674, "side": "buy", "size": "1300.00000000", "price": "0.74220000", "time": "2025-07-16T00:10:37.820958Z", "fetched_at": "2025-07-16T00:10:51.054451+00:00", "symbol": "ADA-USD"}, {"trade_id": 143786673, "side": "buy", "size": "1561.26106443", "price": "0.74220000", "time": "2025-07-16T00:10:37.820958Z", "fetched_at": "2025-07-16T00:10:51.054451+00:00", "symbol": "ADA-USD"}, {"trade_id": 143786672, "side": "buy", "size": "135.71547094", "price": "0.74220000", "time": "2025-07-16T00:10:37.820958Z", "fetched_at": "2025-07-16T00:10:51.054451+00:00", "symbol": "ADA-USD"}, {"trade_id": 143786671, "side": "buy", "size": "594.00000000", "price": "0.74220000", "time": "2025-07-16T00:10:37.820958Z", "fetched_at": "2025-07-16T00:10:51.054451+00:00", "symbol": "ADA-USD"}, {"trade_id": 143786670, "side": "buy", "size": "1.50000000", "price": "0.74220000", "time": "2025-07-16T00:10:37.820958Z", "fetched_at": "2025-07-16T00:10:51.054451+00:00", "symbol": "ADA-USD"}, {"trade_id": 143786669, "side": "buy", "size": "275.69095044", "price": "0.74220000", "time": "2025-07-16T00:10:37.820958Z", "fetched_at": "2025-07-16T00:10:51.054451+00:00", "symbol": "ADA-USD"}, {"trade_id": 143786668, "side": "buy", "size": "0.03788398", "price": "0.74220000", "time": "2025-07-16T00:10:37.820958Z", "fetched_at": "2025-07-16T00:10:51.054451+00:00", "symbol": "ADA-USD"}, {"trade_id": 143786667, "side": "buy", "size": "1722.78054000", "price": "0.74220000", "time": "2025-07-16T00:10:37.820958Z", "fetched_at": "2025-07-16T00:10:51.054451+00:00", "symbol": "ADA-USD"}, {"trade_id": 143786666, "side": "buy", "size": "4038.50037020", "price": "0.74230000", "time": "2025-07-16T00:10:37.820958Z", "fetched_at": "2025-07-16T00:10:51.054451+00:00", "symbol": "ADA-USD"}, {"trade_id": 143786665, "side": "buy", "size": "685.42074975", "price": "0.74230000", "time": "2025-07-16T00:10:37.820958Z", "fetched_at": "2025-07-16T00:10:51.054451+00:00", "symbol": "ADA-USD"}, {"trade_id": 143786664, "side": "buy", "size": "594.00000000", "price": "0.74230000", "time": "2025-07-16T00:10:37.820958Z", "fetched_at": "2025-07-16T00:10:51.054451+00:00", "symbol": "ADA-USD"}, {"trade_id": 143786663, "side": "buy", "size": "1.50000000", "price": "0.74230000", "time": "2025-07-16T00:10:37.820958Z", "fetched_at": "2025-07-16T00:10:51.054451+00:00", "symbol": "ADA-USD"}, {"trade_id": 143786662, "side": "buy", "size": "4.51300014", "price": "0.74230000", "time": "2025-07-16T00:10:37.820958Z", "fetched_at": "2025-07-16T00:10:51.054451+00:00", "symbol": "ADA-USD"}, {"trade_id": 143786661, "side": "buy", "size": "0.14108492", "price": "0.74230000", "time": "2025-07-16T00:10:37.820958Z", "fetched_at": "2025-07-16T00:10:51.054451+00:00", "symbol": "ADA-USD"}, {"trade_id": 143786660, "side": "buy", "size": "1718.83635000", "price": "0.74230000", "time": "2025-07-16T00:10:37.820958Z", "fetched_at": "2025-07-16T00:10:51.054451+00:00", "symbol": "ADA-USD"}, {"trade_id": 143786659, "side": "buy", "size": "624.50442577", "price": "0.74240000", "time": "2025-07-16T00:10:37.820958Z", "fetched_at": "2025-07-16T00:10:51.054451+00:00", "symbol": "ADA-USD"}, {"trade_id": 143786658, "side": "buy", "size": "391.55597268", "price": "0.74240000", "time": "2025-07-16T00:10:37.820958Z", "fetched_at": "2025-07-16T00:10:51.054451+00:00", "symbol": "ADA-USD"}, {"trade_id": 143786657, "side": "buy", "size": "258.16491842", "price": "0.74240000", "time": "2025-07-16T00:10:37.820958Z", "fetched_at": "2025-07-16T00:10:51.054451+00:00", "symbol": "ADA-USD"}, {"trade_id": 143786656, "side": "buy", "size": "500.00000000", "price": "0.74240000", "time": "2025-07-16T00:10:37.820958Z", "fetched_at": "2025-07-16T00:10:51.054451+00:00", "symbol": "ADA-USD"}, {"trade_id": 143786655, "side": "buy", "size": "594.00000000", "price": "0.74240000", "time": "2025-07-16T00:10:37.820958Z", "fetched_at": "2025-07-16T00:10:51.054451+00:00", "symbol": "ADA-USD"}, {"trade_id": 143786654, "side": "buy", "size": "1717.67974000", "price": "0.74240000", "time": "2025-07-16T00:10:37.820958Z", "fetched_at": "2025-07-16T00:10:51.054451+00:00", "symbol": "ADA-USD"}, {"trade_id": 143786653, "side": "buy", "size": "1.50000000", "price": "0.74240000", "time": "2025-07-16T00:10:37.820958Z", "fetched_at": "2025-07-16T00:10:51.054451+00:00", "symbol": "ADA-USD"}, {"trade_id": 143786652, "side": "buy", "size": "275.69095044", "price": "0.74240000", "time": "2025-07-16T00:10:37.820958Z", "fetched_at": "2025-07-16T00:10:51.054451+00:00", "symbol": "ADA-USD"}, {"trade_id": 143786651, "side": "buy", "size": "0.05766380", "price": "0.74240000", "time": "2025-07-16T00:10:37.820958Z", "fetched_at": "2025-07-16T00:10:51.054451+00:00", "symbol": "ADA-USD"}, {"trade_id": 143786650, "side": "buy", "size": "1417.56804475", "price": "0.74250000", "time": "2025-07-16T00:10:37.820958Z", "fetched_at": "2025-07-16T00:10:51.054451+00:00", "symbol": "ADA-USD"}, {"trade_id": 143786649, "side": "buy", "size": "876.11290232", "price": "0.74250000", "time": "2025-07-16T00:10:37.820958Z", "fetched_at": "2025-07-16T00:10:51.054451+00:00", "symbol": "ADA-USD"}, {"trade_id": 143786648, "side": "buy", "size": "270.55599840", "price": "0.74250000", "time": "2025-07-16T00:10:37.820958Z", "fetched_at": "2025-07-16T00:10:51.054451+00:00", "symbol": "ADA-USD"}, {"trade_id": 143786647, "side": "buy", "size": "1717.67974000", "price": "0.74250000", "time": "2025-07-16T00:10:37.820958Z", "fetched_at": "2025-07-16T00:10:51.054451+00:00", "symbol": "ADA-USD"}, {"trade_id": 143786646, "side": "buy", "size": "1.50000000", "price": "0.74250000", "time": "2025-07-16T00:10:37.820958Z", "fetched_at": "2025-07-16T00:10:51.054451+00:00", "symbol": "ADA-USD"}, {"trade_id": 143786645, "side": "buy", "size": "675.19159374", "price": "0.74250000", "time": "2025-07-16T00:10:37.820958Z", "fetched_at": "2025-07-16T00:10:51.054451+00:00", "symbol": "ADA-USD"}, {"trade_id": 143786644, "side": "buy", "size": "594.00000000", "price": "0.74250000", "time": "2025-07-16T00:10:37.820958Z", "fetched_at": "2025-07-16T00:10:51.054451+00:00", "symbol": "ADA-USD"}, {"trade_id": 143786643, "side": "buy", "size": "581.24978812", "price": "0.74260000", "time": "2025-07-16T00:10:37.820958Z", "fetched_at": "2025-07-16T00:10:51.054451+00:00", "symbol": "ADA-USD"}, {"trade_id": 143786642, "side": "buy", "size": "356.94306242", "price": "0.74260000", "time": "2025-07-16T00:10:37.820958Z", "fetched_at": "2025-07-16T00:10:51.054451+00:00", "symbol": "ADA-USD"}, {"trade_id": 143786641, "side": "buy", "size": "594.00000000", "price": "0.74260000", "time": "2025-07-16T00:10:37.820958Z", "fetched_at": "2025-07-16T00:10:51.054451+00:00", "symbol": "ADA-USD"}, {"trade_id": 143786640, "side": "buy", "size": "1718.37363000", "price": "0.74260000", "time": "2025-07-16T00:10:37.820958Z", "fetched_at": "2025-07-16T00:10:51.054451+00:00", "symbol": "ADA-USD"}, {"trade_id": 143786639, "side": "buy", "size": "275.69095044", "price": "0.74260000", "time": "2025-07-16T00:10:37.820958Z", "fetched_at": "2025-07-16T00:10:51.054451+00:00", "symbol": "ADA-USD"}, {"trade_id": 143786638, "side": "buy", "size": "864.48503639", "price": "0.74260000", "time": "2025-07-16T00:10:37.820958Z", "fetched_at": "2025-07-16T00:10:51.054451+00:00", "symbol": "ADA-USD"}, {"trade_id": 143786637, "side": "buy", "size": "1.50000000", "price": "0.74260000", "time": "2025-07-16T00:10:37.820958Z", "fetched_at": "2025-07-16T00:10:51.054451+00:00", "symbol": "ADA-USD"}, {"trade_id": 143786636, "side": "buy", "size": "511.37571655", "price": "0.74270000", "time": "2025-07-16T00:10:37.820958Z", "fetched_at": "2025-07-16T00:10:51.054451+00:00", "symbol": "ADA-USD"}, {"trade_id": 143786635, "side": "buy", "size": "1.50000000", "price": "0.74270000", "time": "2025-07-16T00:10:37.820958Z", "fetched_at": "2025-07-16T00:10:51.054451+00:00", "symbol": "ADA-USD"}, {"trade_id": 143786634, "side": "buy", "size": "446.64531676", "price": "0.74270000", "time": "2025-07-16T00:10:37.820958Z", "fetched_at": "2025-07-16T00:10:51.054451+00:00", "symbol": "ADA-USD"}, {"trade_id": 143786633, "side": "buy", "size": "1718.37363000", "price": "0.74270000", "time": "2025-07-16T00:10:37.820958Z", "fetched_at": "2025-07-16T00:10:51.054451+00:00", "symbol": "ADA-USD"}, {"trade_id": 143786632, "side": "buy", "size": "876.11290232", "price": "0.74270000", "time": "2025-07-16T00:10:37.820958Z", "fetched_at": "2025-07-16T00:10:51.054451+00:00", "symbol": "ADA-USD"}, {"trade_id": 143786631, "side": "buy", "size": "500.00000000", "price": "0.74270000", "time": "2025-07-16T00:10:37.820958Z", "fetched_at": "2025-07-16T00:10:51.054451+00:00", "symbol": "ADA-USD"}, {"trade_id": 143786630, "side": "buy", "size": "391.55597268", "price": "0.74280000", "time": "2025-07-16T00:10:37.820958Z", "fetched_at": "2025-07-16T00:10:51.054451+00:00", "symbol": "ADA-USD"}, {"trade_id": 143786629, "side": "buy", "size": "9000.00000000", "price": "0.74280000", "time": "2025-07-16T00:10:37.820958Z", "fetched_at": "2025-07-16T00:10:51.054451+00:00", "symbol": "ADA-USD"}, {"trade_id": 143786628, "side": "buy", "size": "750.22876380", "price": "0.74280000", "time": "2025-07-16T00:10:37.820958Z", "fetched_at": "2025-07-16T00:10:51.054451+00:00", "symbol": "ADA-USD"}, {"trade_id": 143786627, "side": "buy", "size": "1718.14233000", "price": "0.74280000", "time": "2025-07-16T00:10:37.820958Z", "fetched_at": "2025-07-16T00:10:51.054451+00:00", "symbol": "ADA-USD"}, {"trade_id": 143786626, "side": "buy", "size": "876.11290232", "price": "0.74280000", "time": "2025-07-16T00:10:37.820958Z", "fetched_at": "2025-07-16T00:10:51.054451+00:00", "symbol": "ADA-USD"}, {"trade_id": 143786625, "side": "buy", "size": "275.69095044", "price": "0.74280000", "time": "2025-07-16T00:10:37.820958Z", "fetched_at": "2025-07-16T00:10:51.054451+00:00", "symbol": "ADA-USD"}, {"trade_id": 143786624, "side": "buy", "size": "0.08893729", "price": "0.74280000", "time": "2025-07-16T00:10:37.820958Z", "fetched_at": "2025-07-16T00:10:51.054451+00:00", "symbol": "ADA-USD"}, {"trade_id": 143786623, "side": "buy", "size": "4896.50000000", "price": "0.74290000", "time": "2025-07-16T00:10:37.820958Z", "fetched_at": "2025-07-16T00:10:51.054451+00:00", "symbol": "ADA-USD"}, {"trade_id": 143786622, "side": "buy", "size": "4919.32014489", "price": "0.74290000", "time": "2025-07-16T00:10:37.820958Z", "fetched_at": "2025-07-16T00:10:51.054451+00:00", "symbol": "ADA-USD"}, {"trade_id": 143786621, "side": "buy", "size": "614.58326279", "price": "0.74290000", "time": "2025-07-16T00:10:37.820958Z", "fetched_at": "2025-07-16T00:10:51.054451+00:00", "symbol": "ADA-USD"}, {"trade_id": 143786620, "side": "buy", "size": "2157.66465000", "price": "0.74290000", "time": "2025-07-16T00:10:37.820958Z", "fetched_at": "2025-07-16T00:10:51.054451+00:00", "symbol": "ADA-USD"}, {"trade_id": 143786619, "side": "buy", "size": "1718.14233000", "price": "0.74290000", "time": "2025-07-16T00:10:37.820958Z", "fetched_at": "2025-07-16T00:10:51.054451+00:00", "symbol": "ADA-USD"}, {"trade_id": 143786618, "side": "buy", "size": "876.11290232", "price": "0.74290000", "time": "2025-07-16T00:10:37.820958Z", "fetched_at": "2025-07-16T00:10:51.054451+00:00", "symbol": "ADA-USD"}, {"trade_id": 143786617, "side": "buy", "size": "223.48516000", "price": "0.74290000", "time": "2025-07-16T00:10:37.820958Z", "fetched_at": "2025-07-16T00:10:51.054451+00:00", "symbol": "ADA-USD"}, {"trade_id": 143786616, "side": "buy", "size": "672.94751009", "price": "0.74300000", "time": "2025-07-16T00:10:37.820958Z", "fetched_at": "2025-07-16T00:10:51.054451+00:00", "symbol": "ADA-USD"}, {"trade_id": 143786615, "side": "buy", "size": "1332.76852000", "price": "0.74300000", "time": "2025-07-16T00:10:37.820958Z", "fetched_at": "2025-07-16T00:10:51.054451+00:00", "symbol": "ADA-USD"}, {"trade_id": 143786614, "side": "buy", "size": "50.00000000", "price": "0.74300000", "time": "2025-07-16T00:10:37.820958Z", "fetched_at": "2025-07-16T00:10:51.054451+00:00", "symbol": "ADA-USD"}, {"trade_id": 143786613, "side": "buy", "size": "275.69095044", "price": "0.74300000", "time": "2025-07-16T00:10:37.820958Z", "fetched_at": "2025-07-16T00:10:51.054451+00:00", "symbol": "ADA-USD"}, {"trade_id": 143786612, "side": "buy", "size": "223.48516000", "price": "0.74300000", "time": "2025-07-16T00:10:37.820958Z", "fetched_at": "2025-07-16T00:10:51.054451+00:00", "symbol": "ADA-USD"}, {"trade_id": 143786611, "side": "sell", "size": "889.88853841", "price": "0.74310000", "time": "2025-07-16T00:10:37.810159Z", "fetched_at": "2025-07-16T00:10:51.054451+00:00", "symbol": "ADA-USD"}, {"trade_id": 143786610, "side": "sell", "size": "414.24897152", "price": "0.74300000", "time": "2025-07-16T00:10:36.490300Z", "fetched_at": "2025-07-16T00:10:51.054451+00:00", "symbol": "ADA-USD"}, {"trade_id": 143786609, "side": "sell", "size": "1.50000000", "price": "0.74300000", "time": "2025-07-16T00:10:36.490300Z", "fetched_at": "2025-07-16T00:10:51.054451+00:00", "symbol": "ADA-USD"}, {"trade_id": 143786608, "side": "sell", "size": "4896.70000000", "price": "0.74290000", "time": "2025-07-16T00:10:36.490300Z", "fetched_at": "2025-07-16T00:10:51.054451+00:00", "symbol": "ADA-USD"}, {"trade_id": 143786607, "side": "sell", "size": "597.92737251", "price": "0.74280000", "time": "2025-07-16T00:10:35.361926Z", "fetched_at": "2025-07-16T00:10:51.054451+00:00", "symbol": "ADA-USD"}, {"trade_id": 143786606, "side": "sell", "size": "48.37934819", "price": "0.74280000", "time": "2025-07-16T00:10:35.236373Z", "fetched_at": "2025-07-16T00:10:51.054451+00:00", "symbol": "ADA-USD"}, {"trade_id": 143786605, "side": "sell", "size": "261.43526731", "price": "0.74280000", "time": "2025-07-16T00:10:35.175716Z", "fetched_at": "2025-07-16T00:10:51.054451+00:00", "symbol": "ADA-USD"}, {"trade_id": 143786604, "side": "sell", "size": "95.90976454", "price": "0.74280000", "time": "2025-07-16T00:10:35.135471Z", "fetched_at": "2025-07-16T00:10:51.054451+00:00", "symbol": "ADA-USD"}, {"trade_id": 143786603, "side": "sell", "size": "100.58653704", "price": "0.74280000", "time": "2025-07-16T00:10:35.045814Z", "fetched_at": "2025-07-16T00:10:51.054451+00:00", "symbol": "ADA-USD"}, {"trade_id": 143786602, "side": "sell", "size": "72.94832266", "price": "0.74280000", "time": "2025-07-16T00:10:35.031406Z", "fetched_at": "2025-07-16T00:10:51.054451+00:00", "symbol": "ADA-USD"}, {"trade_id": 143786601, "side": "sell", "size": "771.91448804", "price": "0.74280000", "time": "2025-07-16T00:10:35.020030Z", "fetched_at": "2025-07-16T00:10:51.054451+00:00", "symbol": "ADA-USD"}, {"trade_id": 143786600, "side": "sell", "size": "2376.83948253", "price": "0.74280000", "time": "2025-07-16T00:10:35.011328Z", "fetched_at": "2025-07-16T00:10:51.054451+00:00", "symbol": "ADA-USD"}, {"trade_id": 143786599, "side": "sell", "size": "286.37235451", "price": "0.74280000", "time": "2025-07-16T00:10:35.005574Z", "fetched_at": "2025-07-16T00:10:51.054451+00:00", "symbol": "ADA-USD"}, {"trade_id": 143786598, "side": "sell", "size": "594.08588395", "price": "0.74280000", "time": "2025-07-16T00:10:35.000868Z", "fetched_at": "2025-07-16T00:10:51.054451+00:00", "symbol": "ADA-USD"}, {"trade_id": 143786597, "side": "sell", "size": "781.76728875", "price": "0.74280000", "time": "2025-07-16T00:10:34.994826Z", "fetched_at": "2025-07-16T00:10:51.054451+00:00", "symbol": "ADA-USD"}, {"trade_id": 143786596, "side": "sell", "size": "3115.82154306", "price": "0.74280000", "time": "2025-07-16T00:10:34.994156Z", "fetched_at": "2025-07-16T00:10:51.054451+00:00", "symbol": "ADA-USD"}, {"trade_id": 143786595, "side": "sell", "size": "759.58123389", "price": "0.74280000", "time": "2025-07-16T00:10:34.851304Z", "fetched_at": "2025-07-16T00:10:51.054451+00:00", "symbol": "ADA-USD"}, {"trade_id": 143786594, "side": "sell", "size": "112.17968553", "price": "0.74280000", "time": "2025-07-16T00:10:34.731866Z", "fetched_at": "2025-07-16T00:10:51.054451+00:00", "symbol": "ADA-USD"}, {"trade_id": 143786593, "side": "sell", "size": "105.84304656", "price": "0.74280000", "time": "2025-07-16T00:10:34.676441Z", "fetched_at": "2025-07-16T00:10:51.054451+00:00", "symbol": "ADA-USD"}, {"trade_id": 143786592, "side": "sell", "size": "364.69384093", "price": "0.74280000", "time": "2025-07-16T00:10:34.660909Z", "fetched_at": "2025-07-16T00:10:51.054451+00:00", "symbol": "ADA-USD"}, {"trade_id": 143786591, "side": "sell", "size": "664.37898823", "price": "0.74280000", "time": "2025-07-16T00:10:34.660909Z", "fetched_at": "2025-07-16T00:10:51.054451+00:00", "symbol": "ADA-USD"}, {"trade_id": 143786590, "side": "sell", "size": "133.22567600", "price": "0.74280000", "time": "2025-07-16T00:10:33.342859Z", "fetched_at": "2025-07-16T00:10:51.054451+00:00", "symbol": "ADA-USD"}, {"trade_id": 143786589, "side": "sell", "size": "0.10000000", "price": "0.74280000", "time": "2025-07-16T00:10:32.287950Z", "fetched_at": "2025-07-16T00:10:51.054451+00:00", "symbol": "ADA-USD"}, {"trade_id": 143786588, "side": "sell", "size": "640.70290099", "price": "0.74280000", "time": "2025-07-16T00:10:30.574144Z", "fetched_at": "2025-07-16T00:10:51.054451+00:00", "symbol": "ADA-USD"}, {"trade_id": 143786587, "side": "sell", "size": "4892.10323000", "price": "0.74280000", "time": "2025-07-16T00:10:30.574144Z", "fetched_at": "2025-07-16T00:10:51.054451+00:00", "symbol": "ADA-USD"}, {"trade_id": 143786586, "side": "sell", "size": "3.99677000", "price": "0.74280000", "time": "2025-07-16T00:10:29.564113Z", "fetched_at": "2025-07-16T00:10:51.054451+00:00", "symbol": "ADA-USD"}, {"trade_id": 143786585, "side": "buy", "size": "64.99020000", "price": "0.74270000", "time": "2025-07-16T00:10:26.890912Z", "fetched_at": "2025-07-16T00:10:51.054451+00:00", "symbol": "ADA-USD"}, {"trade_id": 143786584, "side": "buy", "size": "1.50000000", "price": "0.74270000", "time": "2025-07-16T00:10:26.890912Z", "fetched_at": "2025-07-16T00:10:51.054451+00:00", "symbol": "ADA-USD"}, {"trade_id": 143786583, "side": "buy", "size": "1.50000000", "price": "0.74280000", "time": "2025-07-16T00:10:26.890912Z", "fetched_at": "2025-07-16T00:10:51.054451+00:00", "symbol": "ADA-USD"}, {"trade_id": 143786582, "side": "sell", "size": "17.04939877", "price": "0.74290000", "time": "2025-07-16T00:10:26.574631Z", "fetched_at": "2025-07-16T00:10:51.054451+00:00", "symbol": "ADA-USD"}, {"trade_id": 143786581, "side": "sell", "size": "50.94080123", "price": "0.74290000", "time": "2025-07-16T00:10:26.574631Z", "fetched_at": "2025-07-16T00:10:51.054451+00:00", "symbol": "ADA-USD"}, {"trade_id": 143786580, "side": "buy", "size": "567.85664348", "price": "0.74290000", "time": "2025-07-16T00:10:26.540178Z", "fetched_at": "2025-07-16T00:10:51.054451+00:00", "symbol": "ADA-USD"}, {"trade_id": 143786579, "side": "buy", "size": "864.48503639", "price": "0.74290000", "time": "2025-07-16T00:10:26.540178Z", "fetched_at": "2025-07-16T00:10:51.054451+00:00", "symbol": "ADA-USD"}, {"trade_id": 143786578, "side": "buy", "size": "1.74989904", "price": "0.74290000", "time": "2025-07-16T00:10:26.540178Z", "fetched_at": "2025-07-16T00:10:51.054451+00:00", "symbol": "ADA-USD"}, {"trade_id": 143786577, "side": "buy", "size": "1.50000000", "price": "0.74290000", "time": "2025-07-16T00:10:26.540178Z", "fetched_at": "2025-07-16T00:10:51.054451+00:00", "symbol": "ADA-USD"}, {"trade_id": 143786576, "side": "buy", "size": "490.56917986", "price": "0.74290000", "time": "2025-07-16T00:10:26.540178Z", "fetched_at": "2025-07-16T00:10:51.054451+00:00", "symbol": "ADA-USD"}, {"trade_id": 143786575, "side": "buy", "size": "1.50000000", "price": "0.74300000", "time": "2025-07-16T00:10:26.535327Z", "fetched_at": "2025-07-16T00:10:51.054451+00:00", "symbol": "ADA-USD"}, {"trade_id": 143786574, "side": "sell", "size": "5448.67989854", "price": "0.74310000", "time": "2025-07-16T00:10:22.872531Z", "fetched_at": "2025-07-16T00:10:51.054451+00:00", "symbol": "ADA-USD"}, {"trade_id": 143786573, "side": "buy", "size": "672.84857852", "price": "0.74310000", "time": "2025-07-16T00:10:22.867772Z", "fetched_at": "2025-07-16T00:10:51.054451+00:00", "symbol": "ADA-USD"}, {"trade_id": 143786572, "side": "buy", "size": "2206.46690096", "price": "0.74310000", "time": "2025-07-16T00:10:22.867772Z", "fetched_at": "2025-07-16T00:10:51.054451+00:00", "symbol": "ADA-USD"}, {"trade_id": 143786571, "side": "buy", "size": "864.48503639", "price": "0.74310000", "time": "2025-07-16T00:10:22.867772Z", "fetched_at": "2025-07-16T00:10:51.054451+00:00", "symbol": "ADA-USD"}, {"trade_id": 143786570, "side": "buy", "size": "981.50000000", "price": "0.74310000", "time": "2025-07-16T00:10:22.867772Z", "fetched_at": "2025-07-16T00:10:51.054451+00:00", "symbol": "ADA-USD"}, {"trade_id": 143786569, "side": "buy", "size": "48.81988559", "price": "0.74320000", "time": "2025-07-16T00:10:22.867772Z", "fetched_at": "2025-07-16T00:10:51.054451+00:00", "symbol": "ADA-USD"}, {"trade_id": 143786568, "side": "buy", "size": "223.48516000", "price": "0.74320000", "time": "2025-07-16T00:10:22.867772Z", "fetched_at": "2025-07-16T00:10:51.054451+00:00", "symbol": "ADA-USD"}, {"trade_id": 143786567, "side": "sell", "size": "10399.78546000", "price": "0.74320000", "time": "2025-07-16T00:10:21.868686Z", "fetched_at": "2025-07-16T00:10:51.054451+00:00", "symbol": "ADA-USD"}, {"trade_id": 143786566, "side": "sell", "size": "46.50000000", "price": "0.74320000", "time": "2025-07-16T00:10:19.776325Z", "fetched_at": "2025-07-16T00:10:51.054451+00:00", "symbol": "ADA-USD"}, {"trade_id": 143786565, "side": "sell", "size": "1.50000000", "price": "0.74320000", "time": "2025-07-16T00:10:19.776325Z", "fetched_at": "2025-07-16T00:10:51.054451+00:00", "symbol": "ADA-USD"}, {"trade_id": 143786564, "side": "sell", "size": "115.43061588", "price": "0.74300000", "time": "2025-07-16T00:10:11.521144Z", "fetched_at": "2025-07-16T00:10:51.054451+00:00", "symbol": "ADA-USD"}, {"trade_id": 143786563, "side": "sell", "size": "389.10604976", "price": "0.74300000", "time": "2025-07-16T00:10:11.504948Z", "fetched_at": "2025-07-16T00:10:51.054451+00:00", "symbol": "ADA-USD"}, {"trade_id": 143786562, "side": "sell", "size": "198.70734316", "price": "0.74300000", "time": "2025-07-16T00:10:11.446996Z", "fetched_at": "2025-07-16T00:10:51.054451+00:00", "symbol": "ADA-USD"}, {"trade_id": 143786561, "side": "sell", "size": "395.87280229", "price": "0.74300000", "time": "2025-07-16T00:10:11.417210Z", "fetched_at": "2025-07-16T00:10:51.054451+00:00", "symbol": "ADA-USD"}, {"trade_id": 143786560, "side": "sell", "size": "300.37896251", "price": "0.74300000", "time": "2025-07-16T00:10:11.382531Z", "fetched_at": "2025-07-16T00:10:51.054451+00:00", "symbol": "ADA-USD"}, {"trade_id": 143786559, "side": "sell", "size": "179.50539450", "price": "0.74300000", "time": "2025-07-16T00:10:11.350980Z", "fetched_at": "2025-07-16T00:10:51.054451+00:00", "symbol": "ADA-USD"}, {"trade_id": 143786558, "side": "sell", "size": "357.31369971", "price": "0.74300000", "time": "2025-07-16T00:10:11.324226Z", "fetched_at": "2025-07-16T00:10:51.054451+00:00", "symbol": "ADA-USD"}, {"trade_id": 143786557, "side": "sell", "size": "239.62318878", "price": "0.74300000", "time": "2025-07-16T00:10:11.260960Z", "fetched_at": "2025-07-16T00:10:51.054451+00:00", "symbol": "ADA-USD"}, {"trade_id": 143786556, "side": "sell", "size": "141.94525924", "price": "0.74300000", "time": "2025-07-16T00:10:11.224975Z", "fetched_at": "2025-07-16T00:10:51.054451+00:00", "symbol": "ADA-USD"}, {"trade_id": 143786555, "side": "sell", "size": "318.71220407", "price": "0.74300000", "time": "2025-07-16T00:10:11.172872Z", "fetched_at": "2025-07-16T00:10:51.054451+00:00", "symbol": "ADA-USD"}, {"trade_id": 143786554, "side": "sell", "size": "747.29690403", "price": "0.74300000", "time": "2025-07-16T00:10:11.123974Z", "fetched_at": "2025-07-16T00:10:51.054451+00:00", "symbol": "ADA-USD"}, {"trade_id": 143786553, "side": "sell", "size": "221.63833157", "price": "0.74300000", "time": "2025-07-16T00:10:11.023273Z", "fetched_at": "2025-07-16T00:10:51.054451+00:00", "symbol": "ADA-USD"}, {"trade_id": 143786552, "side": "sell", "size": "457.55869790", "price": "0.74300000", "time": "2025-07-16T00:10:10.990657Z", "fetched_at": "2025-07-16T00:10:51.054451+00:00", "symbol": "ADA-USD"}, {"trade_id": 143786551, "side": "sell", "size": "153.47788546", "price": "0.74300000", "time": "2025-07-16T00:10:10.922008Z", "fetched_at": "2025-07-16T00:10:51.054451+00:00", "symbol": "ADA-USD"}, {"trade_id": 143786550, "side": "sell", "size": "87.57303563", "price": "0.74300000", "time": "2025-07-16T00:10:10.790928Z", "fetched_at": "2025-07-16T00:10:51.054451+00:00", "symbol": "ADA-USD"}, {"trade_id": 143786549, "side": "sell", "size": "47.43233846", "price": "0.74300000", "time": "2025-07-16T00:10:10.778305Z", "fetched_at": "2025-07-16T00:10:51.054451+00:00", "symbol": "ADA-USD"}, {"trade_id": 143786548, "side": "sell", "size": "128.28386621", "price": "0.74300000", "time": "2025-07-16T00:10:10.720566Z", "fetched_at": "2025-07-16T00:10:51.054451+00:00", "symbol": "ADA-USD"}, {"trade_id": 143786547, "side": "sell", "size": "282.97646974", "price": "0.74300000", "time": "2025-07-16T00:10:10.701404Z", "fetched_at": "2025-07-16T00:10:51.054451+00:00", "symbol": "ADA-USD"}, {"trade_id": 143786546, "side": "sell", "size": "795.15361936", "price": "0.74300000", "time": "2025-07-16T00:10:10.681152Z", "fetched_at": "2025-07-16T00:10:51.054451+00:00", "symbol": "ADA-USD"}, {"trade_id": 143786545, "side": "sell", "size": "496.73871077", "price": "0.74300000", "time": "2025-07-16T00:10:10.671246Z", "fetched_at": "2025-07-16T00:10:51.054451+00:00", "symbol": "ADA-USD"}, {"trade_id": 143786544, "side": "sell", "size": "108.75741722", "price": "0.74300000", "time": "2025-07-16T00:10:10.628275Z", "fetched_at": "2025-07-16T00:10:51.054451+00:00", "symbol": "ADA-USD"}, {"trade_id": 143786543, "side": "sell", "size": "147.59413071", "price": "0.74300000", "time": "2025-07-16T00:10:10.611881Z", "fetched_at": "2025-07-16T00:10:51.054451+00:00", "symbol": "ADA-USD"}, {"trade_id": 143786542, "side": "sell", "size": "85.10894586", "price": "0.74300000", "time": "2025-07-16T00:10:10.578451Z", "fetched_at": "2025-07-16T00:10:51.054451+00:00", "symbol": "ADA-USD"}, {"trade_id": 143786541, "side": "sell", "size": "111.52937033", "price": "0.74300000", "time": "2025-07-16T00:10:10.545267Z", "fetched_at": "2025-07-16T00:10:51.054451+00:00", "symbol": "ADA-USD"}, {"trade_id": 143786540, "side": "sell", "size": "210.09688073", "price": "0.74300000", "time": "2025-07-16T00:10:10.528748Z", "fetched_at": "2025-07-16T00:10:51.054451+00:00", "symbol": "ADA-USD"}, {"trade_id": 143786539, "side": "sell", "size": "837.47979225", "price": "0.74300000", "time": "2025-07-16T00:10:10.518643Z", "fetched_at": "2025-07-16T00:10:51.054451+00:00", "symbol": "ADA-USD"}, {"trade_id": 143786538, "side": "sell", "size": "720.23138585", "price": "0.74300000", "time": "2025-07-16T00:10:10.411188Z", "fetched_at": "2025-07-16T00:10:51.054451+00:00", "symbol": "ADA-USD"}, {"trade_id": 143786537, "side": "sell", "size": "101.33802083", "price": "0.74300000", "time": "2025-07-16T00:10:10.317128Z", "fetched_at": "2025-07-16T00:10:51.054451+00:00", "symbol": "ADA-USD"}, {"trade_id": 143786536, "side": "sell", "size": "129.10704127", "price": "0.74300000", "time": "2025-07-16T00:10:10.276642Z", "fetched_at": "2025-07-16T00:10:51.054451+00:00", "symbol": "ADA-USD"}, {"trade_id": 143786535, "side": "sell", "size": "97.14609244", "price": "0.74300000", "time": "2025-07-16T00:10:10.257036Z", "fetched_at": "2025-07-16T00:10:51.054451+00:00", "symbol": "ADA-USD"}, {"trade_id": 143786534, "side": "sell", "size": "303.66534150", "price": "0.74300000", "time": "2025-07-16T00:10:10.144727Z", "fetched_at": "2025-07-16T00:10:51.054451+00:00", "symbol": "ADA-USD"}, {"trade_id": 143786533, "side": "sell", "size": "314.73553717", "price": "0.74300000", "time": "2025-07-16T00:10:10.133266Z", "fetched_at": "2025-07-16T00:10:51.054451+00:00", "symbol": "ADA-USD"}, {"trade_id": 143786532, "side": "sell", "size": "403.98036030", "price": "0.74300000", "time": "2025-07-16T00:10:10.120029Z", "fetched_at": "2025-07-16T00:10:51.054451+00:00", "symbol": "ADA-USD"}, {"trade_id": 143786531, "side": "sell", "size": "820.78976451", "price": "0.74300000", "time": "2025-07-16T00:10:10.108748Z", "fetched_at": "2025-07-16T00:10:51.054451+00:00", "symbol": "ADA-USD"}, {"trade_id": 143786530, "side": "sell", "size": "1.50000000", "price": "0.74300000", "time": "2025-07-16T00:10:10.108748Z", "fetched_at": "2025-07-16T00:10:51.054451+00:00", "symbol": "ADA-USD"}, {"trade_id": 143786529, "side": "sell", "size": "639.91832222", "price": "0.74280000", "time": "2025-07-16T00:10:09.672547Z", "fetched_at": "2025-07-16T00:10:51.054451+00:00", "symbol": "ADA-USD"}, {"trade_id": 143786528, "side": "sell", "size": "1176.56281005", "price": "0.74280000", "time": "2025-07-16T00:10:09.670770Z", "fetched_at": "2025-07-16T00:10:51.054451+00:00", "symbol": "ADA-USD"}, {"trade_id": 143786527, "side": "sell", "size": "2519.29198971", "price": "0.74280000", "time": "2025-07-16T00:10:09.670770Z", "fetched_at": "2025-07-16T00:10:51.054451+00:00", "symbol": "ADA-USD"}, {"trade_id": 143786526, "side": "sell", "size": "2559.67328888", "price": "0.74280000", "time": "2025-07-16T00:10:09.653415Z", "fetched_at": "2025-07-16T00:10:51.054451+00:00", "symbol": "ADA-USD"}, {"trade_id": 143786525, "side": "sell", "size": "198.69532000", "price": "0.74280000", "time": "2025-07-16T00:10:09.628433Z", "fetched_at": "2025-07-16T00:10:51.054451+00:00", "symbol": "ADA-USD"}, {"trade_id": 143786524, "side": "sell", "size": "178.78093000", "price": "0.74280000", "time": "2025-07-16T00:10:09.624793Z", "fetched_at": "2025-07-16T00:10:51.054451+00:00", "symbol": "ADA-USD"}, {"trade_id": 143786523, "side": "sell", "size": "106.33886000", "price": "0.74280000", "time": "2025-07-16T00:10:09.620334Z", "fetched_at": "2025-07-16T00:10:51.054451+00:00", "symbol": "ADA-USD"}, {"trade_id": 143786522, "side": "sell", "size": "528.39647531", "price": "0.74280000", "time": "2025-07-16T00:10:09.616527Z", "fetched_at": "2025-07-16T00:10:51.054451+00:00", "symbol": "ADA-USD"}, {"trade_id": 143786521, "side": "sell", "size": "368.99937000", "price": "0.74280000", "time": "2025-07-16T00:10:09.607551Z", "fetched_at": "2025-07-16T00:10:51.054451+00:00", "symbol": "ADA-USD"}, {"trade_id": 143786520, "side": "sell", "size": "3986.10922610", "price": "0.74280000", "time": "2025-07-16T00:10:09.603541Z", "fetched_at": "2025-07-16T00:10:51.054451+00:00", "symbol": "ADA-USD"}, {"trade_id": 143786519, "side": "sell", "size": "1675.89803492", "price": "0.74280000", "time": "2025-07-16T00:10:09.603541Z", "fetched_at": "2025-07-16T00:10:51.054451+00:00", "symbol": "ADA-USD"}, {"trade_id": 143786518, "side": "sell", "size": "546.70815899", "price": "0.74280000", "time": "2025-07-16T00:10:09.597387Z", "fetched_at": "2025-07-16T00:10:51.054451+00:00", "symbol": "ADA-USD"}, {"trade_id": 143786517, "side": "sell", "size": "1202.05761184", "price": "0.74280000", "time": "2025-07-16T00:10:09.587754Z", "fetched_at": "2025-07-16T00:10:51.054451+00:00", "symbol": "ADA-USD"}, {"trade_id": 143786516, "side": "sell", "size": "792.57399022", "price": "0.74280000", "time": "2025-07-16T00:10:09.574593Z", "fetched_at": "2025-07-16T00:10:51.054451+00:00", "symbol": "ADA-USD"}, {"trade_id": 143786515, "side": "sell", "size": "1064.52008403", "price": "0.74280000", "time": "2025-07-16T00:10:09.569832Z", "fetched_at": "2025-07-16T00:10:51.054451+00:00", "symbol": "ADA-USD"}, {"trade_id": 143786514, "side": "sell", "size": "231.49164000", "price": "0.74270000", "time": "2025-07-16T00:10:08.464623Z", "fetched_at": "2025-07-16T00:10:51.054451+00:00", "symbol": "ADA-USD"}, {"trade_id": 143786513, "side": "sell", "size": "223.06280000", "price": "0.74270000", "time": "2025-07-16T00:10:07.713223Z", "fetched_at": "2025-07-16T00:10:51.054451+00:00", "symbol": "ADA-USD"}, {"trade_id": 143786512, "side": "sell", "size": "231.49164000", "price": "0.74270000", "time": "2025-07-16T00:10:07.713223Z", "fetched_at": "2025-07-16T00:10:51.054451+00:00", "symbol": "ADA-USD"}, {"trade_id": 143786511, "side": "sell", "size": "36.62296639", "price": "0.74270000", "time": "2025-07-16T00:10:07.675274Z", "fetched_at": "2025-07-16T00:10:51.054451+00:00", "symbol": "ADA-USD"}, {"trade_id": 143786510, "side": "sell", "size": "50.00000000", "price": "0.74270000", "time": "2025-07-16T00:10:07.675274Z", "fetched_at": "2025-07-16T00:10:51.054451+00:00", "symbol": "ADA-USD"}, {"trade_id": 143786509, "side": "sell", "size": "30.84042185", "price": "0.74270000", "time": "2025-07-16T00:10:07.664026Z", "fetched_at": "2025-07-16T00:10:51.054451+00:00", "symbol": "ADA-USD"}, {"trade_id": 143786508, "side": "sell", "size": "17.99020000", "price": "0.74270000", "time": "2025-07-16T00:10:07.661090Z", "fetched_at": "2025-07-16T00:10:51.054451+00:00", "symbol": "ADA-USD"}, {"trade_id": 143786507, "side": "sell", "size": "50.00000000", "price": "0.74270000", "time": "2025-07-16T00:10:07.661090Z", "fetched_at": "2025-07-16T00:10:51.054451+00:00", "symbol": "ADA-USD"}, {"trade_id": 143786506, "side": "sell", "size": "594.00000000", "price": "0.74270000", "time": "2025-07-16T00:10:07.660993Z", "fetched_at": "2025-07-16T00:10:51.054451+00:00", "symbol": "ADA-USD"}, {"trade_id": 143786505, "side": "sell", "size": "231.49164000", "price": "0.74270000", "time": "2025-07-16T00:10:07.660993Z", "fetched_at": "2025-07-16T00:10:51.054451+00:00", "symbol": "ADA-USD"}, {"trade_id": 143786504, "side": "sell", "size": "4204.18066203", "price": "0.74250000", "time": "2025-07-16T00:10:07.528780Z", "fetched_at": "2025-07-16T00:10:51.054451+00:00", "symbol": "ADA-USD"}, {"trade_id": 143786503, "side": "sell", "size": "1451.58348395", "price": "0.74250000", "time": "2025-07-16T00:10:07.527880Z", "fetched_at": "2025-07-16T00:10:51.054451+00:00", "symbol": "ADA-USD"}, {"trade_id": 143786502, "side": "sell", "size": "1332.76850000", "price": "0.74250000", "time": "2025-07-16T00:10:07.527544Z", "fetched_at": "2025-07-16T00:10:51.054451+00:00", "symbol": "ADA-USD"}, {"trade_id": 143786501, "side": "sell", "size": "1163.09896632", "price": "0.74250000", "time": "2025-07-16T00:10:07.526970Z", "fetched_at": "2025-07-16T00:10:51.054451+00:00", "symbol": "ADA-USD"}, {"trade_id": 143786500, "side": "sell", "size": "2294.65384770", "price": "0.74250000", "time": "2025-07-16T00:10:07.526042Z", "fetched_at": "2025-07-16T00:10:51.054451+00:00", "symbol": "ADA-USD"}, {"trade_id": 143786499, "side": "sell", "size": "8015.59095230", "price": "0.74250000", "time": "2025-07-16T00:10:07.526042Z", "fetched_at": "2025-07-16T00:10:51.054451+00:00", "symbol": "ADA-USD"}, {"trade_id": 143786498, "side": "sell", "size": "2274.85796253", "price": "0.74250000", "time": "2025-07-16T00:10:07.524562Z", "fetched_at": "2025-07-16T00:10:51.054451+00:00", "symbol": "ADA-USD"}, {"trade_id": 143786497, "side": "sell", "size": "19.79598141", "price": "0.74250000", "time": "2025-07-16T00:10:07.524375Z", "fetched_at": "2025-07-16T00:10:51.054451+00:00", "symbol": "ADA-USD"}, {"trade_id": 143786496, "side": "buy", "size": "9000.00000000", "price": "0.74250000", "time": "2025-07-16T00:10:07.516556Z", "fetched_at": "2025-07-16T00:10:51.054451+00:00", "symbol": "ADA-USD"}, {"trade_id": 143786495, "side": "buy", "size": "83103.49394000", "price": "0.74250000", "time": "2025-07-16T00:10:07.516556Z", "fetched_at": "2025-07-16T00:10:51.054451+00:00", "symbol": "ADA-USD"}, {"trade_id": 143786494, "side": "buy", "size": "1.50000000", "price": "0.74250000", "time": "2025-07-16T00:10:07.516556Z", "fetched_at": "2025-07-16T00:10:51.054451+00:00", "symbol": "ADA-USD"}, {"trade_id": 143786493, "side": "buy", "size": "570.47995700", "price": "0.74250000", "time": "2025-07-16T00:10:07.516556Z", "fetched_at": "2025-07-16T00:10:51.054451+00:00", "symbol": "ADA-USD"}, {"trade_id": 143786492, "side": "buy", "size": "1718.83635000", "price": "0.74250000", "time": "2025-07-16T00:10:07.516556Z", "fetched_at": "2025-07-16T00:10:51.054451+00:00", "symbol": "ADA-USD"}, {"trade_id": 143786491, "side": "buy", "size": "391.55597268", "price": "0.74260000", "time": "2025-07-16T00:10:07.516556Z", "fetched_at": "2025-07-16T00:10:51.054451+00:00", "symbol": "ADA-USD"}, {"trade_id": 143786490, "side": "buy", "size": "797.78879929", "price": "0.74260000", "time": "2025-07-16T00:10:07.516556Z", "fetched_at": "2025-07-16T00:10:51.054451+00:00", "symbol": "ADA-USD"}, {"trade_id": 143786489, "side": "buy", "size": "4037.41336384", "price": "0.74260000", "time": "2025-07-16T00:10:07.516556Z", "fetched_at": "2025-07-16T00:10:51.054451+00:00", "symbol": "ADA-USD"}, {"trade_id": 143786488, "side": "buy", "size": "68933.54786000", "price": "0.74260000", "time": "2025-07-16T00:10:07.516556Z", "fetched_at": "2025-07-16T00:10:51.054451+00:00", "symbol": "ADA-USD"}, {"trade_id": 143786487, "side": "buy", "size": "9870.70000000", "price": "0.74260000", "time": "2025-07-16T00:10:07.516556Z", "fetched_at": "2025-07-16T00:10:51.054451+00:00", "symbol": "ADA-USD"}, {"trade_id": 143786486, "side": "buy", "size": "1.50000000", "price": "0.74260000", "time": "2025-07-16T00:10:07.516556Z", "fetched_at": "2025-07-16T00:10:51.054451+00:00", "symbol": "ADA-USD"}, {"trade_id": 143786485, "side": "buy", "size": "275.69095044", "price": "0.74260000", "time": "2025-07-16T00:10:07.516556Z", "fetched_at": "2025-07-16T00:10:51.054451+00:00", "symbol": "ADA-USD"}, {"trade_id": 143786484, "side": "buy", "size": "1718.83635000", "price": "0.74260000", "time": "2025-07-16T00:10:07.516556Z", "fetched_at": "2025-07-16T00:10:51.054451+00:00", "symbol": "ADA-USD"}, {"trade_id": 143786483, "side": "buy", "size": "4897.70000000", "price": "0.74270000", "time": "2025-07-16T00:10:07.516556Z", "fetched_at": "2025-07-16T00:10:51.054451+00:00", "symbol": "ADA-USD"}, {"trade_id": 143786482, "side": "buy", "size": "52429.65308000", "price": "0.74270000", "time": "2025-07-16T00:10:07.516556Z", "fetched_at": "2025-07-16T00:10:51.054451+00:00", "symbol": "ADA-USD"}, {"trade_id": 143786481, "side": "buy", "size": "1717.33312000", "price": "0.74270000", "time": "2025-07-16T00:10:07.516556Z", "fetched_at": "2025-07-16T00:10:51.054451+00:00", "symbol": "ADA-USD"}, {"trade_id": 143786480, "side": "buy", "size": "790.60000000", "price": "0.74270000", "time": "2025-07-16T00:10:07.516556Z", "fetched_at": "2025-07-16T00:10:51.054451+00:00", "symbol": "ADA-USD"}, {"trade_id": 143786479, "side": "buy", "size": "1.50000000", "price": "0.74270000", "time": "2025-07-16T00:10:07.516556Z", "fetched_at": "2025-07-16T00:10:51.054451+00:00", "symbol": "ADA-USD"}, {"trade_id": 143786478, "side": "buy", "size": "0.63596755", "price": "0.74270000", "time": "2025-07-16T00:10:07.516556Z", "fetched_at": "2025-07-16T00:10:51.054451+00:00", "symbol": "ADA-USD"}, {"trade_id": 143786477, "side": "buy", "size": "1717.67974000", "price": "0.74280000", "time": "2025-07-16T00:10:07.516556Z", "fetched_at": "2025-07-16T00:10:51.054451+00:00", "symbol": "ADA-USD"}, {"trade_id": 143786476, "side": "buy", "size": "2403.98904000", "price": "0.74280000", "time": "2025-07-16T00:10:07.516556Z", "fetched_at": "2025-07-16T00:10:51.054451+00:00", "symbol": "ADA-USD"}, {"trade_id": 143786475, "side": "buy", "size": "614.55895206", "price": "0.74280000", "time": "2025-07-16T00:10:07.516556Z", "fetched_at": "2025-07-16T00:10:51.054451+00:00", "symbol": "ADA-USD"}, {"trade_id": 143786474, "side": "buy", "size": "673.09614292", "price": "0.74280000", "time": "2025-07-16T00:10:07.516556Z", "fetched_at": "2025-07-16T00:10:51.054451+00:00", "symbol": "ADA-USD"}, {"trade_id": 143786473, "side": "buy", "size": "1.50000000", "price": "0.74280000", "time": "2025-07-16T00:10:07.516556Z", "fetched_at": "2025-07-16T00:10:51.054451+00:00", "symbol": "ADA-USD"}, {"trade_id": 143786472, "side": "buy", "size": "0.05232058", "price": "0.74280000", "time": "2025-07-16T00:10:07.516556Z", "fetched_at": "2025-07-16T00:10:51.054451+00:00", "symbol": "ADA-USD"}, {"trade_id": 143786471, "side": "buy", "size": "0.06397851", "price": "0.74280000", "time": "2025-07-16T00:10:07.516556Z", "fetched_at": "2025-07-16T00:10:51.054451+00:00", "symbol": "ADA-USD"}, {"trade_id": 143786470, "side": "buy", "size": "92.69150845", "price": "0.74290000", "time": "2025-07-16T00:10:07.516556Z", "fetched_at": "2025-07-16T00:10:51.054451+00:00", "symbol": "ADA-USD"}, {"trade_id": 143786469, "side": "buy", "size": "0.90003902", "price": "0.74290000", "time": "2025-07-16T00:10:07.516556Z", "fetched_at": "2025-07-16T00:10:51.054451+00:00", "symbol": "ADA-USD"}, {"trade_id": 143786468, "side": "buy", "size": "1.50000000", "price": "0.74290000", "time": "2025-07-16T00:10:07.516556Z", "fetched_at": "2025-07-16T00:10:51.054451+00:00", "symbol": "ADA-USD"}, {"trade_id": 143786467, "side": "buy", "size": "0.11725198", "price": "0.74290000", "time": "2025-07-16T00:10:07.516556Z", "fetched_at": "2025-07-16T00:10:51.054451+00:00", "symbol": "ADA-USD"}, {"trade_id": 143786466, "side": "buy", "size": "1.50000000", "price": "0.74300000", "time": "2025-07-16T00:10:07.516556Z", "fetched_at": "2025-07-16T00:10:51.054451+00:00", "symbol": "ADA-USD"}, {"trade_id": 143786465, "side": "buy", "size": "0.29893566", "price": "0.74300000", "time": "2025-07-16T00:10:07.516556Z", "fetched_at": "2025-07-16T00:10:51.054451+00:00", "symbol": "ADA-USD"}, {"trade_id": 143786464, "side": "sell", "size": "334.59420000", "price": "0.74310000", "time": "2025-07-16T00:10:05.731289Z", "fetched_at": "2025-07-16T00:10:51.054451+00:00", "symbol": "ADA-USD"}, {"trade_id": 143786463, "side": "buy", "size": "28.78242102", "price": "0.74310000", "time": "2025-07-16T00:10:05.470417Z", "fetched_at": "2025-07-16T00:10:51.054451+00:00", "symbol": "ADA-USD"}, {"trade_id": 143786462, "side": "buy", "size": "6.36541193", "price": "0.74310000", "time": "2025-07-16T00:10:03.323133Z", "fetched_at": "2025-07-16T00:10:51.054451+00:00", "symbol": "ADA-USD"}, {"trade_id": 143786461, "side": "buy", "size": "223.48516000", "price": "0.74310000", "time": "2025-07-16T00:10:03.323133Z", "fetched_at": "2025-07-16T00:10:51.054451+00:00", "symbol": "ADA-USD"}, {"trade_id": 143786460, "side": "buy", "size": "1.74942807", "price": "0.74310000", "time": "2025-07-16T00:10:03.323133Z", "fetched_at": "2025-07-16T00:10:51.054451+00:00", "symbol": "ADA-USD"}, {"trade_id": 143786459, "side": "buy", "size": "1.50000000", "price": "0.74320000", "time": "2025-07-16T00:10:02.010425Z", "fetched_at": "2025-07-16T00:10:51.054451+00:00", "symbol": "ADA-USD"}, {"trade_id": 143786458, "side": "buy", "size": "1.74848689", "price": "0.74340000", "time": "2025-07-16T00:10:00.080512Z", "fetched_at": "2025-07-16T00:10:51.054451+00:00", "symbol": "ADA-USD"}, {"trade_id": 143786457, "side": "sell", "size": "19.59763300", "price": "0.74370000", "time": "2025-07-16T00:09:49.341348Z", "fetched_at": "2025-07-16T00:10:51.054451+00:00", "symbol": "ADA-USD"}, {"trade_id": 143786456, "side": "buy", "size": "331.89344300", "price": "0.74360000", "time": "2025-07-16T00:09:47.167451Z", "fetched_at": "2025-07-16T00:10:51.054451+00:00", "symbol": "ADA-USD"}, {"trade_id": 143786455, "side": "buy", "size": "257.01639300", "price": "0.74360000", "time": "2025-07-16T00:09:46.241550Z", "fetched_at": "2025-07-16T00:10:51.054451+00:00", "symbol": "ADA-USD"}, {"trade_id": 143786454, "side": "sell", "size": "129.18639100", "price": "0.74380000", "time": "2025-07-16T00:09:44.522593Z", "fetched_at": "2025-07-16T00:10:51.054451+00:00", "symbol": "ADA-USD"}, {"trade_id": 143786453, "side": "sell", "size": "1.50000000", "price": "0.74380000", "time": "2025-07-16T00:09:44.522593Z", "fetched_at": "2025-07-16T00:10:51.054451+00:00", "symbol": "ADA-USD"}, {"trade_id": 143786452, "side": "sell", "size": "1.50000000", "price": "0.74370000", "time": "2025-07-16T00:09:43.816846Z", "fetched_at": "2025-07-16T00:10:51.054451+00:00", "symbol": "ADA-USD"}, {"trade_id": 143786451, "side": "sell", "size": "1.50000000", "price": "0.74360000", "time": "2025-07-16T00:09:42.175985Z", "fetched_at": "2025-07-16T00:10:51.054451+00:00", "symbol": "ADA-USD"}, {"trade_id": 143786450, "side": "sell", "size": "6.37807700", "price": "0.74350000", "time": "2025-07-16T00:09:39.300451Z", "fetched_at": "2025-07-16T00:10:51.054451+00:00", "symbol": "ADA-USD"}, {"trade_id": 143786449, "side": "sell", "size": "32.66720500", "price": "0.74340000", "time": "2025-07-16T00:09:35.465066Z", "fetched_at": "2025-07-16T00:10:51.054451+00:00", "symbol": "ADA-USD"}, {"trade_id": 143786448, "side": "buy", "size": "53.45717800", "price": "0.74320000", "time": "2025-07-16T00:09:34.705906Z", "fetched_at": "2025-07-16T00:10:51.054451+00:00", "symbol": "ADA-USD"}, {"trade_id": 143786447, "side": "buy", "size": "694.67809896", "price": "0.74310000", "time": "2025-07-16T00:09:33.301263Z", "fetched_at": "2025-07-16T00:10:51.054451+00:00", "symbol": "ADA-USD"}, {"trade_id": 143786446, "side": "buy", "size": "564.29319310", "price": "0.74320000", "time": "2025-07-16T00:09:33.301263Z", "fetched_at": "2025-07-16T00:10:51.054451+00:00", "symbol": "ADA-USD"}, {"trade_id": 143786445, "side": "sell", "size": "127.48911300", "price": "0.74330000", "time": "2025-07-16T00:09:31.975423Z", "fetched_at": "2025-07-16T00:10:51.054451+00:00", "symbol": "ADA-USD"}, {"trade_id": 143786444, "side": "buy", "size": "55.28739572", "price": "0.74310000", "time": "2025-07-16T00:09:31.282802Z", "fetched_at": "2025-07-16T00:10:51.054451+00:00", "symbol": "ADA-USD"}, {"trade_id": 143786443, "side": "buy", "size": "1.50000000", "price": "0.74310000", "time": "2025-07-16T00:09:31.282802Z", "fetched_at": "2025-07-16T00:10:51.054451+00:00", "symbol": "ADA-USD"}, {"trade_id": 143786442, "side": "buy", "size": "0.02044428", "price": "0.74310000", "time": "2025-07-16T00:09:31.282802Z", "fetched_at": "2025-07-16T00:10:51.054451+00:00", "symbol": "ADA-USD"}, {"trade_id": 143786441, "side": "buy", "size": "14.07781215", "price": "0.74320000", "time": "2025-07-16T00:09:31.282753Z", "fetched_at": "2025-07-16T00:10:51.054451+00:00", "symbol": "ADA-USD"}, {"trade_id": 143786440, "side": "buy", "size": "4.79079240", "price": "0.74320000", "time": "2025-07-16T00:09:30.481193Z", "fetched_at": "2025-07-16T00:10:51.054451+00:00", "symbol": "ADA-USD"}, {"trade_id": 143786439, "side": "buy", "size": "1.50000000", "price": "0.74320000", "time": "2025-07-16T00:09:30.481193Z", "fetched_at": "2025-07-16T00:10:51.054451+00:00", "symbol": "ADA-USD"}, {"trade_id": 143786438, "side": "buy", "size": "1.50000000", "price": "0.74330000", "time": "2025-07-16T00:09:30.481193Z", "fetched_at": "2025-07-16T00:10:51.054451+00:00", "symbol": "ADA-USD"}, {"trade_id": 143786437, "side": "buy", "size": "1.50000000", "price": "0.74340000", "time": "2025-07-16T00:09:30.481193Z", "fetched_at": "2025-07-16T00:10:51.054451+00:00", "symbol": "ADA-USD"}, {"trade_id": 143786436, "side": "buy", "size": "1.74848689", "price": "0.74350000", "time": "2025-07-16T00:09:29.042097Z", "fetched_at": "2025-07-16T00:10:51.054451+00:00", "symbol": "ADA-USD"}, {"trade_id": 143786435, "side": "buy", "size": "1.50000000", "price": "0.74350000", "time": "2025-07-16T00:09:29.042097Z", "fetched_at": "2025-07-16T00:10:51.054451+00:00", "symbol": "ADA-USD"}, {"trade_id": 143786434, "side": "sell", "size": "130.63368700", "price": "0.74370000", "time": "2025-07-16T00:09:28.254261Z", "fetched_at": "2025-07-16T00:10:51.054451+00:00", "symbol": "ADA-USD"}, {"trade_id": 143786433, "side": "sell", "size": "13.06869200", "price": "0.74360000", "time": "2025-07-16T00:09:25.581959Z", "fetched_at": "2025-07-16T00:10:51.054451+00:00", "symbol": "ADA-USD"}, {"trade_id": 143786432, "side": "buy", "size": "1.50000000", "price": "0.74360000", "time": "2025-07-16T00:09:24.688188Z", "fetched_at": "2025-07-16T00:10:51.054451+00:00", "symbol": "ADA-USD"}, {"trade_id": 143786431, "side": "buy", "size": "1.50000000", "price": "0.74380000", "time": "2025-07-16T00:09:23.291479Z", "fetched_at": "2025-07-16T00:10:51.054451+00:00", "symbol": "ADA-USD"}, {"trade_id": 143786430, "side": "buy", "size": "40.18254436", "price": "0.74390000", "time": "2025-07-16T00:09:13.320846Z", "fetched_at": "2025-07-16T00:10:51.054451+00:00", "symbol": "ADA-USD"}, {"trade_id": 143786429, "side": "buy", "size": "1.50000000", "price": "0.74390000", "time": "2025-07-16T00:09:13.320846Z", "fetched_at": "2025-07-16T00:10:51.054451+00:00", "symbol": "ADA-USD"}, {"trade_id": 143786428, "side": "buy", "size": "1307.69359324", "price": "0.74400000", "time": "2025-07-16T00:09:07.878203Z", "fetched_at": "2025-07-16T00:10:51.054451+00:00", "symbol": "ADA-USD"}, {"trade_id": 143786427, "side": "buy", "size": "1332.76852000", "price": "0.74400000", "time": "2025-07-16T00:09:07.873058Z", "fetched_at": "2025-07-16T00:10:51.054451+00:00", "symbol": "ADA-USD"}, {"trade_id": 143786426, "side": "buy", "size": "1332.76852000", "price": "0.74400000", "time": "2025-07-16T00:09:07.869652Z", "fetched_at": "2025-07-16T00:10:51.054451+00:00", "symbol": "ADA-USD"}, {"trade_id": 143786425, "side": "buy", "size": "73.91877548", "price": "0.74400000", "time": "2025-07-16T00:09:07.866444Z", "fetched_at": "2025-07-16T00:10:51.054451+00:00", "symbol": "ADA-USD"}, {"trade_id": 143786424, "side": "buy", "size": "1332.76852000", "price": "0.74400000", "time": "2025-07-16T00:09:07.865132Z", "fetched_at": "2025-07-16T00:10:51.054451+00:00", "symbol": "ADA-USD"}, {"trade_id": 143786423, "side": "buy", "size": "1332.76852000", "price": "0.74400000", "time": "2025-07-16T00:09:07.858903Z", "fetched_at": "2025-07-16T00:10:51.054451+00:00", "symbol": "ADA-USD"}, {"trade_id": 143786422, "side": "buy", "size": "77.79275989", "price": "0.74400000", "time": "2025-07-16T00:09:07.855380Z", "fetched_at": "2025-07-16T00:10:51.054451+00:00", "symbol": "ADA-USD"}, {"trade_id": 143786421, "side": "buy", "size": "1332.76852000", "price": "0.74400000", "time": "2025-07-16T00:09:07.851507Z", "fetched_at": "2025-07-16T00:10:51.054451+00:00", "symbol": "ADA-USD"}, {"trade_id": 143786420, "side": "buy", "size": "72.20995000", "price": "0.74400000", "time": "2025-07-16T00:09:07.850176Z", "fetched_at": "2025-07-16T00:10:51.054451+00:00", "symbol": "ADA-USD"}, {"trade_id": 143786419, "side": "buy", "size": "255.14060000", "price": "0.74400000", "time": "2025-07-16T00:09:07.847044Z", "fetched_at": "2025-07-16T00:10:51.054451+00:00", "symbol": "ADA-USD"}, {"trade_id": 143786418, "side": "buy", "size": "1332.76852000", "price": "0.74400000", "time": "2025-07-16T00:09:07.847004Z", "fetched_at": "2025-07-16T00:10:51.054451+00:00", "symbol": "ADA-USD"}, {"trade_id": 143786417, "side": "buy", "size": "153.70223437", "price": "0.74400000", "time": "2025-07-16T00:09:07.843727Z", "fetched_at": "2025-07-16T00:10:51.054451+00:00", "symbol": "ADA-USD"}, {"trade_id": 143786416, "side": "buy", "size": "201.36182000", "price": "0.74400000", "time": "2025-07-16T00:09:07.843471Z", "fetched_at": "2025-07-16T00:10:51.054451+00:00", "symbol": "ADA-USD"}, {"trade_id": 143786415, "side": "buy", "size": "1332.76852000", "price": "0.74400000", "time": "2025-07-16T00:09:07.840288Z", "fetched_at": "2025-07-16T00:10:51.054451+00:00", "symbol": "ADA-USD"}, {"trade_id": 143786414, "side": "buy", "size": "152.29214000", "price": "0.74400000", "time": "2025-07-16T00:09:07.839977Z", "fetched_at": "2025-07-16T00:10:51.054451+00:00", "symbol": "ADA-USD"}, {"trade_id": 143786413, "side": "buy", "size": "1332.76852000", "price": "0.74400000", "time": "2025-07-16T00:09:07.836935Z", "fetched_at": "2025-07-16T00:10:51.054451+00:00", "symbol": "ADA-USD"}, {"trade_id": 143786412, "side": "buy", "size": "168.70997000", "price": "0.74400000", "time": "2025-07-16T00:09:07.836514Z", "fetched_at": "2025-07-16T00:10:51.054451+00:00", "symbol": "ADA-USD"}, {"trade_id": 143786411, "side": "buy", "size": "903.65757713", "price": "0.74400000", "time": "2025-07-16T00:09:07.833501Z", "fetched_at": "2025-07-16T00:10:51.054451+00:00", "symbol": "ADA-USD"}, {"trade_id": 143786410, "side": "buy", "size": "1332.76852000", "price": "0.74400000", "time": "2025-07-16T00:09:07.832663Z", "fetched_at": "2025-07-16T00:10:51.054451+00:00", "symbol": "ADA-USD"}, {"trade_id": 143786409, "side": "buy", "size": "1332.76852000", "price": "0.74400000", "time": "2025-07-16T00:09:07.828755Z", "fetched_at": "2025-07-16T00:10:51.054451+00:00", "symbol": "ADA-USD"}, {"trade_id": 143786408, "side": "buy", "size": "21092.82282511", "price": "0.74400000", "time": "2025-07-16T00:09:07.825437Z", "fetched_at": "2025-07-16T00:10:51.054451+00:00", "symbol": "ADA-USD"}, {"trade_id": 143786407, "side": "buy", "size": "753.96000000", "price": "0.74400000", "time": "2025-07-16T00:09:07.825437Z", "fetched_at": "2025-07-16T00:10:51.054451+00:00", "symbol": "ADA-USD"}, {"trade_id": 143786406, "side": "buy", "size": "246.04000000", "price": "0.74400000", "time": "2025-07-16T00:09:07.825437Z", "fetched_at": "2025-07-16T00:10:51.054451+00:00", "symbol": "ADA-USD"}, {"trade_id": 143786405, "side": "buy", "size": "832.72475854", "price": "0.74400000", "time": "2025-07-16T00:09:02.647854Z", "fetched_at": "2025-07-16T00:10:51.054451+00:00", "symbol": "ADA-USD"}, {"trade_id": 143786404, "side": "buy", "size": "672.04301075", "price": "0.74400000", "time": "2025-07-16T00:09:02.647854Z", "fetched_at": "2025-07-16T00:10:51.054451+00:00", "symbol": "ADA-USD"}, {"trade_id": 143786403, "side": "buy", "size": "246.03062000", "price": "0.74400000", "time": "2025-07-16T00:09:02.647854Z", "fetched_at": "2025-07-16T00:10:51.054451+00:00", "symbol": "ADA-USD"}, {"trade_id": 143786402, "side": "buy", "size": "40.68314120", "price": "0.74410000", "time": "2025-07-16T00:09:02.647854Z", "fetched_at": "2025-07-16T00:10:51.054451+00:00", "symbol": "ADA-USD"}, {"trade_id": 143786401, "side": "sell", "size": "1.50000000", "price": "0.74410000", "time": "2025-07-16T00:09:01.503724Z", "fetched_at": "2025-07-16T00:10:51.054451+00:00", "symbol": "ADA-USD"}, {"trade_id": 143786400, "side": "sell", "size": "1.50000000", "price": "0.74400000", "time": "2025-07-16T00:09:00.872636Z", "fetched_at": "2025-07-16T00:10:51.054451+00:00", "symbol": "ADA-USD"}, {"trade_id": 143786399, "side": "sell", "size": "78.72037125", "price": "0.74390000", "time": "2025-07-16T00:09:00.662392Z", "fetched_at": "2025-07-16T00:10:51.054451+00:00", "symbol": "ADA-USD"}, {"trade_id": 143786398, "side": "sell", "size": "1.50000000", "price": "0.74390000", "time": "2025-07-16T00:09:00.662392Z", "fetched_at": "2025-07-16T00:10:51.054451+00:00", "symbol": "ADA-USD"}, {"trade_id": 143786397, "side": "sell", "size": "1.50000000", "price": "0.74380000", "time": "2025-07-16T00:09:00.257426Z", "fetched_at": "2025-07-16T00:10:51.054451+00:00", "symbol": "ADA-USD"}, {"trade_id": 143786396, "side": "sell", "size": "392.75372340", "price": "0.74370000", "time": "2025-07-16T00:09:00.104340Z", "fetched_at": "2025-07-16T00:10:51.054451+00:00", "symbol": "ADA-USD"}, {"trade_id": 143786395, "side": "buy", "size": "2.22148980", "price": "0.74360000", "time": "2025-07-16T00:08:58.440230Z", "fetched_at": "2025-07-16T00:10:51.054451+00:00", "symbol": "ADA-USD"}, {"trade_id": 143786394, "side": "buy", "size": "0.72148980", "price": "0.74350000", "time": "2025-07-16T00:08:52.381617Z", "fetched_at": "2025-07-16T00:10:51.054451+00:00", "symbol": "ADA-USD"}, {"trade_id": 143786393, "side": "buy", "size": "1.50000000", "price": "0.74360000", "time": "2025-07-16T00:08:52.381617Z", "fetched_at": "2025-07-16T00:10:51.054451+00:00", "symbol": "ADA-USD"}, {"trade_id": 143786392, "side": "buy", "size": "1.50000000", "price": "0.74370000", "time": "2025-07-16T00:08:51.898033Z", "fetched_at": "2025-07-16T00:10:51.054451+00:00", "symbol": "ADA-USD"}, {"trade_id": 143786391, "side": "buy", "size": "1177.66671127", "price": "0.74380000", "time": "2025-07-16T00:08:48.334574Z", "fetched_at": "2025-07-16T00:10:51.054451+00:00", "symbol": "ADA-USD"}, {"trade_id": 143786390, "side": "buy", "size": "672.21245757", "price": "0.74380000", "time": "2025-07-16T00:08:48.334574Z", "fetched_at": "2025-07-16T00:10:51.054451+00:00", "symbol": "ADA-USD"}, {"trade_id": 143786389, "side": "buy", "size": "1715.48646000", "price": "0.74380000", "time": "2025-07-16T00:08:48.334574Z", "fetched_at": "2025-07-16T00:10:51.054451+00:00", "symbol": "ADA-USD"}, {"trade_id": 143786388, "side": "buy", "size": "1.50000000", "price": "0.74380000", "time": "2025-07-16T00:08:48.334574Z", "fetched_at": "2025-07-16T00:10:51.054451+00:00", "symbol": "ADA-USD"}, {"trade_id": 143786387, "side": "buy", "size": "2888.01951337", "price": "0.74380000", "time": "2025-07-16T00:08:48.334574Z", "fetched_at": "2025-07-16T00:10:51.054451+00:00", "symbol": "ADA-USD"}, {"trade_id": 143786386, "side": "buy", "size": "461.44389303", "price": "0.74380000", "time": "2025-07-16T00:08:48.334574Z", "fetched_at": "2025-07-16T00:10:51.054451+00:00", "symbol": "ADA-USD"}, {"trade_id": 143786385, "side": "buy", "size": "864.48503639", "price": "0.74380000", "time": "2025-07-16T00:08:48.334574Z", "fetched_at": "2025-07-16T00:10:51.054451+00:00", "symbol": "ADA-USD"}, {"trade_id": 143786384, "side": "buy", "size": "1399.42931743", "price": "0.74390000", "time": "2025-07-16T00:08:48.334574Z", "fetched_at": "2025-07-16T00:10:51.054451+00:00", "symbol": "ADA-USD"}, {"trade_id": 143786383, "side": "buy", "size": "460.97368460", "price": "0.74390000", "time": "2025-07-16T00:08:48.334574Z", "fetched_at": "2025-07-16T00:10:51.054451+00:00", "symbol": "ADA-USD"}, {"trade_id": 143786382, "side": "buy", "size": "864.48503639", "price": "0.74390000", "time": "2025-07-16T00:08:48.334574Z", "fetched_at": "2025-07-16T00:10:51.054451+00:00", "symbol": "ADA-USD"}, {"trade_id": 143786381, "side": "buy", "size": "246.03062000", "price": "0.74390000", "time": "2025-07-16T00:08:48.334574Z", "fetched_at": "2025-07-16T00:10:51.054451+00:00", "symbol": "ADA-USD"}, {"trade_id": 143786380, "side": "sell", "size": "824.53857526", "price": "0.74400000", "time": "2025-07-16T00:08:44.987752Z", "fetched_at": "2025-07-16T00:10:51.054451+00:00", "symbol": "ADA-USD"}, {"trade_id": 143786379, "side": "sell", "size": "1.50000000", "price": "0.74400000", "time": "2025-07-16T00:08:44.987752Z", "fetched_at": "2025-07-16T00:10:51.054451+00:00", "symbol": "ADA-USD"}, {"trade_id": 143786378, "side": "buy", "size": "121.12518000", "price": "0.74380000", "time": "2025-07-16T00:08:44.595163Z", "fetched_at": "2025-07-16T00:10:51.054451+00:00", "symbol": "ADA-USD"}, {"trade_id": 143786377, "side": "buy", "size": "369.04592000", "price": "0.74390000", "time": "2025-07-16T00:08:44.595163Z", "fetched_at": "2025-07-16T00:10:51.054451+00:00", "symbol": "ADA-USD"}, {"trade_id": 143786376, "side": "sell", "size": "23.13110100", "price": "0.74390000", "time": "2025-07-16T00:08:41.641187Z", "fetched_at": "2025-07-16T00:10:51.054451+00:00", "symbol": "ADA-USD"}, {"trade_id": 143786375, "side": "sell", "size": "1.50000000", "price": "0.74390000", "time": "2025-07-16T00:08:41.641187Z", "fetched_at": "2025-07-16T00:10:51.054451+00:00", "symbol": "ADA-USD"}, {"trade_id": 143786374, "side": "sell", "size": "1.50000000", "price": "0.74380000", "time": "2025-07-16T00:08:41.641187Z", "fetched_at": "2025-07-16T00:10:51.054451+00:00", "symbol": "ADA-USD"}, {"trade_id": 143786373, "side": "buy", "size": "109.54099396", "price": "0.74370000", "time": "2025-07-16T00:08:41.289924Z", "fetched_at": "2025-07-16T00:10:51.054451+00:00", "symbol": "ADA-USD"}, {"trade_id": 143786372, "side": "buy", "size": "10.13649825", "price": "0.74350000", "time": "2025-07-16T00:08:38.280221Z", "fetched_at": "2025-07-16T00:10:51.054451+00:00", "symbol": "ADA-USD"}, {"trade_id": 143786371, "side": "buy", "size": "1.74825175", "price": "0.74360000", "time": "2025-07-16T00:08:38.280221Z", "fetched_at": "2025-07-16T00:10:51.054451+00:00", "symbol": "ADA-USD"}, {"trade_id": 143786370, "side": "sell", "size": "26.12056500", "price": "0.74370000", "time": "2025-07-16T00:08:37.116147Z", "fetched_at": "2025-07-16T00:10:51.054451+00:00", "symbol": "ADA-USD"}, {"trade_id": 143786369, "side": "buy", "size": "106.54099396", "price": "0.74350000", "time": "2025-07-16T00:08:33.503052Z", "fetched_at": "2025-07-16T00:10:51.054451+00:00", "symbol": "ADA-USD"}, {"trade_id": 143786368, "side": "buy", "size": "1.50000000", "price": "0.74350000", "time": "2025-07-16T00:08:33.503052Z", "fetched_at": "2025-07-16T00:10:51.054451+00:00", "symbol": "ADA-USD"}, {"trade_id": 143786367, "side": "buy", "size": "1.50000000", "price": "0.74360000", "time": "2025-07-16T00:08:33.503052Z", "fetched_at": "2025-07-16T00:10:51.054451+00:00", "symbol": "ADA-USD"}, {"trade_id": 143786366, "side": "buy", "size": "0.10000000", "price": "0.74370000", "time": "2025-07-16T00:08:27.298049Z", "fetched_at": "2025-07-16T00:10:51.054451+00:00", "symbol": "ADA-USD"}, {"trade_id": 143786365, "side": "buy", "size": "1.50000000", "price": "0.74370000", "time": "2025-07-16T00:08:27.298049Z", "fetched_at": "2025-07-16T00:10:51.054451+00:00", "symbol": "ADA-USD"}, {"trade_id": 143786364, "side": "buy", "size": "998.74960245", "price": "0.74380000", "time": "2025-07-16T00:08:24.247907Z", "fetched_at": "2025-07-16T00:10:51.054451+00:00", "symbol": "ADA-USD"}, {"trade_id": 143786363, "side": "buy", "size": "1.74660755", "price": "0.74390000", "time": "2025-07-16T00:08:24.247907Z", "fetched_at": "2025-07-16T00:10:51.054451+00:00", "symbol": "ADA-USD"}, {"trade_id": 143786362, "side": "sell", "size": "31.53136000", "price": "0.74400000", "time": "2025-07-16T00:08:15.334527Z", "fetched_at": "2025-07-16T00:10:51.054451+00:00", "symbol": "ADA-USD"}, {"trade_id": 143786361, "side": "buy", "size": "270.92957334", "price": "0.74380000", "time": "2025-07-16T00:08:12.113316Z", "fetched_at": "2025-07-16T00:10:51.054451+00:00", "symbol": "ADA-USD"}, {"trade_id": 143786360, "side": "buy", "size": "1.74778166", "price": "0.74380000", "time": "2025-07-16T00:08:12.113316Z", "fetched_at": "2025-07-16T00:10:51.054451+00:00", "symbol": "ADA-USD"}, {"trade_id": 143786359, "side": "buy", "size": "1.50000000", "price": "0.74380000", "time": "2025-07-16T00:08:12.113316Z", "fetched_at": "2025-07-16T00:10:51.054451+00:00", "symbol": "ADA-USD"}, {"trade_id": 143786358, "side": "buy", "size": "1.50000000", "price": "0.74390000", "time": "2025-07-16T00:08:12.113316Z", "fetched_at": "2025-07-16T00:10:51.054451+00:00", "symbol": "ADA-USD"}, {"trade_id": 143786357, "side": "sell", "size": "9.67627800", "price": "0.74400000", "time": "2025-07-16T00:08:11.624779Z", "fetched_at": "2025-07-16T00:10:51.054451+00:00", "symbol": "ADA-USD"}, {"trade_id": 143786356, "side": "buy", "size": "1.50000000", "price": "0.74400000", "time": "2025-07-16T00:08:09.356819Z", "fetched_at": "2025-07-16T00:10:51.054451+00:00", "symbol": "ADA-USD"}, {"trade_id": 143786355, "side": "buy", "size": "1.50000000", "price": "0.74410000", "time": "2025-07-16T00:08:09.341535Z", "fetched_at": "2025-07-16T00:10:51.054451+00:00", "symbol": "ADA-USD"}, {"trade_id": 143786354, "side": "sell", "size": "347.23744000", "price": "0.74420000", "time": "2025-07-16T00:08:05.249313Z", "fetched_at": "2025-07-16T00:10:51.054451+00:00", "symbol": "ADA-USD"}, {"trade_id": 143786353, "side": "buy", "size": "1.50000000", "price": "0.74420000", "time": "2025-07-16T00:08:05.244961Z", "fetched_at": "2025-07-16T00:10:51.054451+00:00", "symbol": "ADA-USD"}, {"trade_id": 143786352, "side": "buy", "size": "1.74660755", "price": "0.74420000", "time": "2025-07-16T00:08:05.244961Z", "fetched_at": "2025-07-16T00:10:51.054451+00:00", "symbol": "ADA-USD"}, {"trade_id": 143786351, "side": "buy", "size": "1.50000000", "price": "0.74430000", "time": "2025-07-16T00:08:03.509199Z", "fetched_at": "2025-07-16T00:10:51.054451+00:00", "symbol": "ADA-USD"}, {"trade_id": 143786350, "side": "sell", "size": "1.41894454", "price": "0.74440000", "time": "2025-07-16T00:08:02.341833Z", "fetched_at": "2025-07-16T00:10:51.054451+00:00", "symbol": "ADA-USD"}, {"trade_id": 143786349, "side": "sell", "size": "66.57125546", "price": "0.74440000", "time": "2025-07-16T00:08:02.341833Z", "fetched_at": "2025-07-16T00:10:51.054451+00:00", "symbol": "ADA-USD"}, {"trade_id": 143786348, "side": "buy", "size": "8.35718614", "price": "0.74440000", "time": "2025-07-16T00:08:02.120358Z", "fetched_at": "2025-07-16T00:10:51.054451+00:00", "symbol": "ADA-USD"}, {"trade_id": 143786347, "side": "buy", "size": "36.21447324", "price": "0.74440000", "time": "2025-07-16T00:08:02.120358Z", "fetched_at": "2025-07-16T00:10:51.054451+00:00", "symbol": "ADA-USD"}, {"trade_id": 143786346, "side": "sell", "size": "56.28725071", "price": "0.74460000", "time": "2025-07-16T00:07:56.549513Z", "fetched_at": "2025-07-16T00:10:51.054451+00:00", "symbol": "ADA-USD"}, {"trade_id": 143786345, "side": "sell", "size": "1.50000000", "price": "0.74460000", "time": "2025-07-16T00:07:56.549513Z", "fetched_at": "2025-07-16T00:10:51.054451+00:00", "symbol": "ADA-USD"}, {"trade_id": 143786344, "side": "sell", "size": "1.50000000", "price": "0.74450000", "time": "2025-07-16T00:07:56.037790Z", "fetched_at": "2025-07-16T00:10:51.054451+00:00", "symbol": "ADA-USD"}, {"trade_id": 143786343, "side": "sell", "size": "1.50000000", "price": "0.74440000", "time": "2025-07-16T00:07:54.938108Z", "fetched_at": "2025-07-16T00:10:51.054451+00:00", "symbol": "ADA-USD"}, {"trade_id": 143786342, "side": "sell", "size": "11.46856100", "price": "0.74440000", "time": "2025-07-16T00:07:50.620487Z", "fetched_at": "2025-07-16T00:10:51.054451+00:00", "symbol": "ADA-USD"}, {"trade_id": 143786341, "side": "sell", "size": "1.50000000", "price": "0.74440000", "time": "2025-07-16T00:07:50.620487Z", "fetched_at": "2025-07-16T00:10:51.054451+00:00", "symbol": "ADA-USD"}, {"trade_id": 143786340, "side": "buy", "size": "1065.18052864", "price": "0.74420000", "time": "2025-07-16T00:07:48.900948Z", "fetched_at": "2025-07-16T00:10:51.054451+00:00", "symbol": "ADA-USD"}, {"trade_id": 143786339, "side": "buy", "size": "550.77216650", "price": "0.74420000", "time": "2025-07-16T00:07:48.900948Z", "fetched_at": "2025-07-16T00:10:51.054451+00:00", "symbol": "ADA-USD"}, {"trade_id": 143786338, "side": "buy", "size": "246.03062000", "price": "0.74420000", "time": "2025-07-16T00:07:48.900948Z", "fetched_at": "2025-07-16T00:10:51.054451+00:00", "symbol": "ADA-USD"}, {"trade_id": 143786337, "side": "buy", "size": "50.00000000", "price": "0.74430000", "time": "2025-07-16T00:07:48.900948Z", "fetched_at": "2025-07-16T00:10:51.054451+00:00", "symbol": "ADA-USD"}, {"trade_id": 143786336, "side": "buy", "size": "246.03062000", "price": "0.74430000", "time": "2025-07-16T00:07:48.900948Z", "fetched_at": "2025-07-16T00:10:51.054451+00:00", "symbol": "ADA-USD"}, {"trade_id": 143786335, "side": "buy", "size": "228.03454000", "price": "0.74430000", "time": "2025-07-16T00:07:48.900948Z", "fetched_at": "2025-07-16T00:10:51.054451+00:00", "symbol": "ADA-USD"}, {"trade_id": 143786334, "side": "buy", "size": "42.14047795", "price": "0.74430000", "time": "2025-07-16T00:07:48.900948Z", "fetched_at": "2025-07-16T00:10:51.054451+00:00", "symbol": "ADA-USD"}, {"trade_id": 143786333, "side": "buy", "size": "56.18730394", "price": "0.74430000", "time": "2025-07-16T00:07:45.635943Z", "fetched_at": "2025-07-16T00:10:51.054451+00:00", "symbol": "ADA-USD"}, {"trade_id": 143786332, "side": "sell", "size": "119.01141050", "price": "0.74430000", "time": "2025-07-16T00:07:45.152556Z", "fetched_at": "2025-07-16T00:10:51.054451+00:00", "symbol": "ADA-USD"}, {"trade_id": 143786331, "side": "sell", "size": "75.41278350", "price": "0.74430000", "time": "2025-07-16T00:07:45.152556Z", "fetched_at": "2025-07-16T00:10:51.054451+00:00", "symbol": "ADA-USD"}, {"trade_id": 143786330, "side": "sell", "size": "1.50000000", "price": "0.74430000", "time": "2025-07-16T00:07:45.152556Z", "fetched_at": "2025-07-16T00:10:51.054451+00:00", "symbol": "ADA-USD"}, {"trade_id": 143786329, "side": "buy", "size": "50.00000000", "price": "0.74400000", "time": "2025-07-16T00:07:40.021045Z", "fetched_at": "2025-07-16T00:10:51.054451+00:00", "symbol": "ADA-USD"}, {"trade_id": 143786328, "side": "buy", "size": "670.36290322", "price": "0.74400000", "time": "2025-07-16T00:07:40.021045Z", "fetched_at": "2025-07-16T00:10:51.054451+00:00", "symbol": "ADA-USD"}, {"trade_id": 143786327, "side": "buy", "size": "246.03062000", "price": "0.74410000", "time": "2025-07-16T00:07:40.009209Z", "fetched_at": "2025-07-16T00:10:51.054451+00:00", "symbol": "ADA-USD"}, {"trade_id": 143786326, "side": "sell", "size": "2.55483900", "price": "0.74420000", "time": "2025-07-16T00:07:34.451449Z", "fetched_at": "2025-07-16T00:10:51.054451+00:00", "symbol": "ADA-USD"}, {"trade_id": 143786325, "side": "sell", "size": "130.63368700", "price": "0.74420000", "time": "2025-07-16T00:07:33.578391Z", "fetched_at": "2025-07-16T00:10:51.054451+00:00", "symbol": "ADA-USD"}, {"trade_id": 143786324, "side": "sell", "size": "31.15842200", "price": "0.74430000", "time": "2025-07-16T00:07:32.097510Z", "fetched_at": "2025-07-16T00:10:51.054451+00:00", "symbol": "ADA-USD"}, {"trade_id": 143786323, "side": "sell", "size": "1.50000000", "price": "0.74420000", "time": "2025-07-16T00:07:32.097510Z", "fetched_at": "2025-07-16T00:10:51.054451+00:00", "symbol": "ADA-USD"}, {"trade_id": 143786322, "side": "sell", "size": "3807.53622844", "price": "0.74410000", "time": "2025-07-16T00:07:31.542476Z", "fetched_at": "2025-07-16T00:10:51.054451+00:00", "symbol": "ADA-USD"}, {"trade_id": 143786321, "side": "sell", "size": "1.50000000", "price": "0.74410000", "time": "2025-07-16T00:07:31.542476Z", "fetched_at": "2025-07-16T00:10:51.054451+00:00", "symbol": "ADA-USD"}, {"trade_id": 143786320, "side": "sell", "size": "5.03346800", "price": "0.74400000", "time": "2025-07-16T00:07:28.605265Z", "fetched_at": "2025-07-16T00:10:51.054451+00:00", "symbol": "ADA-USD"}, {"trade_id": 143786319, "side": "sell", "size": "1.50000000", "price": "0.74400000", "time": "2025-07-16T00:07:28.605265Z", "fetched_at": "2025-07-16T00:10:51.054451+00:00", "symbol": "ADA-USD"}, {"trade_id": 143786318, "side": "buy", "size": "15.98760700", "price": "0.74390000", "time": "2025-07-16T00:07:28.210396Z", "fetched_at": "2025-07-16T00:10:51.054451+00:00", "symbol": "ADA-USD"}, {"trade_id": 143786317, "side": "buy", "size": "7.64210800", "price": "0.74390000", "time": "2025-07-16T00:07:27.606421Z", "fetched_at": "2025-07-16T00:10:51.054451+00:00", "symbol": "ADA-USD"}, {"trade_id": 143786316, "side": "sell", "size": "130.66881800", "price": "0.74390000", "time": "2025-07-16T00:07:23.831350Z", "fetched_at": "2025-07-16T00:10:51.054451+00:00", "symbol": "ADA-USD"}, {"trade_id": 143786315, "side": "sell", "size": "1.50000000", "price": "0.74390000", "time": "2025-07-16T00:07:19.744043Z", "fetched_at": "2025-07-16T00:10:51.054451+00:00", "symbol": "ADA-USD"}, {"trade_id": 143786314, "side": "sell", "size": "1284.63910790", "price": "0.74390000", "time": "2025-07-16T00:07:19.744043Z", "fetched_at": "2025-07-16T00:10:51.054451+00:00", "symbol": "ADA-USD"}, {"trade_id": 143786313, "side": "sell", "size": "297.81454214", "price": "0.74390000", "time": "2025-07-16T00:07:19.743229Z", "fetched_at": "2025-07-16T00:10:51.054451+00:00", "symbol": "ADA-USD"}, {"trade_id": 143786312, "side": "sell", "size": "50.00000000", "price": "0.74380000", "time": "2025-07-16T00:07:19.671822Z", "fetched_at": "2025-07-16T00:10:51.054451+00:00", "symbol": "ADA-USD"}, {"trade_id": 143786311, "side": "sell", "size": "952.19399614", "price": "0.74370000", "time": "2025-07-16T00:07:16.681436Z", "fetched_at": "2025-07-16T00:10:51.054451+00:00", "symbol": "ADA-USD"}, {"trade_id": 143786310, "side": "sell", "size": "750.57781128", "price": "0.74370000", "time": "2025-07-16T00:07:16.680349Z", "fetched_at": "2025-07-16T00:10:51.054451+00:00", "symbol": "ADA-USD"}, {"trade_id": 143786309, "side": "sell", "size": "230.71098921", "price": "0.74390000", "time": "2025-07-16T00:07:05.028125Z", "fetched_at": "2025-07-16T00:10:51.054451+00:00", "symbol": "ADA-USD"}, {"trade_id": 143786308, "side": "sell", "size": "729.77141379", "price": "0.74390000", "time": "2025-07-16T00:07:05.028125Z", "fetched_at": "2025-07-16T00:10:51.054451+00:00", "symbol": "ADA-USD"}, {"trade_id": 143786307, "side": "sell", "size": "63.65234900", "price": "0.74390000", "time": "2025-07-16T00:07:03.745267Z", "fetched_at": "2025-07-16T00:10:51.054451+00:00", "symbol": "ADA-USD"}, {"trade_id": 143786306, "side": "sell", "size": "15.81423015", "price": "0.74410000", "time": "2025-07-16T00:07:01.508277Z", "fetched_at": "2025-07-16T00:10:51.054451+00:00", "symbol": "ADA-USD"}, {"trade_id": 143786305, "side": "sell", "size": "41.12852685", "price": "0.74410000", "time": "2025-07-16T00:07:01.508277Z", "fetched_at": "2025-07-16T00:10:51.054451+00:00", "symbol": "ADA-USD"}, {"trade_id": 143786304, "side": "sell", "size": "2720.90469640", "price": "0.74410000", "time": "2025-07-16T00:07:00.633539Z", "fetched_at": "2025-07-16T00:10:51.054451+00:00", "symbol": "ADA-USD"}, {"trade_id": 143786303, "side": "sell", "size": "2221.39530360", "price": "0.74410000", "time": "2025-07-16T00:07:00.632730Z", "fetched_at": "2025-07-16T00:10:51.054451+00:00", "symbol": "ADA-USD"}, {"trade_id": 143786302, "side": "sell", "size": "4942.30000000", "price": "0.74410000", "time": "2025-07-16T00:07:00.625223Z", "fetched_at": "2025-07-16T00:10:51.054451+00:00", "symbol": "ADA-USD"}, {"trade_id": 143786301, "side": "sell", "size": "4910.90000000", "price": "0.74410000", "time": "2025-07-16T00:07:00.620955Z", "fetched_at": "2025-07-16T00:10:51.054451+00:00", "symbol": "ADA-USD"}, {"trade_id": 143786300, "side": "sell", "size": "54.83803581", "price": "0.74400000", "time": "2025-07-16T00:07:00.620955Z", "fetched_at": "2025-07-16T00:10:51.054451+00:00", "symbol": "ADA-USD"}, {"trade_id": 143786299, "side": "sell", "size": "1332.76852000", "price": "0.74400000", "time": "2025-07-16T00:07:00.523125Z", "fetched_at": "2025-07-16T00:10:51.054451+00:00", "symbol": "ADA-USD"}, {"trade_id": 143786298, "side": "sell", "size": "3.34090322", "price": "0.74400000", "time": "2025-07-16T00:07:00.523125Z", "fetched_at": "2025-07-16T00:10:51.054451+00:00", "symbol": "ADA-USD"}, {"trade_id": 143786297, "side": "sell", "size": "8.12216130", "price": "0.74400000", "time": "2025-07-16T00:07:00.523125Z", "fetched_at": "2025-07-16T00:10:51.054451+00:00", "symbol": "ADA-USD"}, {"trade_id": 143786296, "side": "sell", "size": "46.04351009", "price": "0.74390000", "time": "2025-07-16T00:07:00.523125Z", "fetched_at": "2025-07-16T00:10:51.054451+00:00", "symbol": "ADA-USD"}, {"trade_id": 143786295, "side": "sell", "size": "61.39134679", "price": "0.74380000", "time": "2025-07-16T00:07:00.517198Z", "fetched_at": "2025-07-16T00:10:51.054451+00:00", "symbol": "ADA-USD"}, {"trade_id": 143786294, "side": "sell", "size": "674.83381740", "price": "0.74370000", "time": "2025-07-16T00:07:00.515697Z", "fetched_at": "2025-07-16T00:10:51.054451+00:00", "symbol": "ADA-USD"}, {"trade_id": 143786293, "side": "sell", "size": "657.93470260", "price": "0.74370000", "time": "2025-07-16T00:07:00.512507Z", "fetched_at": "2025-07-16T00:10:51.054451+00:00", "symbol": "ADA-USD"}, {"trade_id": 143786292, "side": "sell", "size": "46.33110322", "price": "0.74400000", "time": "2025-07-16T00:07:00.510155Z", "fetched_at": "2025-07-16T00:10:51.054451+00:00", "symbol": "ADA-USD"}, {"trade_id": 143786291, "side": "sell", "size": "21.65909678", "price": "0.74400000", "time": "2025-07-16T00:07:00.510155Z", "fetched_at": "2025-07-16T00:10:51.054451+00:00", "symbol": "ADA-USD"}, {"trade_id": 143786290, "side": "buy", "size": "13.36361285", "price": "0.74390000", "time": "2025-07-16T00:07:00.505083Z", "fetched_at": "2025-07-16T00:10:51.054451+00:00", "symbol": "ADA-USD"}, {"trade_id": 143786289, "side": "buy", "size": "228.03454373", "price": "0.74400000", "time": "2025-07-16T00:07:00.501563Z", "fetched_at": "2025-07-16T00:10:51.054451+00:00", "symbol": "ADA-USD"}, {"trade_id": 143786288, "side": "buy", "size": "268.66431000", "price": "0.74400000", "time": "2025-07-16T00:07:00.501260Z", "fetched_at": "2025-07-16T00:10:51.054451+00:00", "symbol": "ADA-USD"}, {"trade_id": 143786287, "side": "buy", "size": "49.87514604", "price": "0.74400000", "time": "2025-07-16T00:07:00.501087Z", "fetched_at": "2025-07-16T00:10:51.054451+00:00", "symbol": "ADA-USD"}, {"trade_id": 143786286, "side": "buy", "size": "207.70075044", "price": "0.74410000", "time": "2025-07-16T00:07:00.501087Z", "fetched_at": "2025-07-16T00:10:51.054451+00:00", "symbol": "ADA-USD"}, {"trade_id": 143786285, "side": "buy", "size": "67.99020000", "price": "0.74410000", "time": "2025-07-16T00:07:00.499423Z", "fetched_at": "2025-07-16T00:10:51.054451+00:00", "symbol": "ADA-USD"}, {"trade_id": 143786284, "side": "buy", "size": "1.50000000", "price": "0.74370000", "time": "2025-07-16T00:07:00.497739Z", "fetched_at": "2025-07-16T00:10:51.054451+00:00", "symbol": "ADA-USD"}, {"trade_id": 143786283, "side": "buy", "size": "626.86000000", "price": "0.74370000", "time": "2025-07-16T00:07:00.497739Z", "fetched_at": "2025-07-16T00:10:51.054451+00:00", "symbol": "ADA-USD"}, {"trade_id": 143786282, "side": "buy", "size": "275.69095044", "price": "0.74370000", "time": "2025-07-16T00:07:00.497739Z", "fetched_at": "2025-07-16T00:10:51.054451+00:00", "symbol": "ADA-USD"}, {"trade_id": 143786281, "side": "buy", "size": "25.80980310", "price": "0.74380000", "time": "2025-07-16T00:07:00.497739Z", "fetched_at": "2025-07-16T00:10:51.054451+00:00", "symbol": "ADA-USD"}, {"trade_id": 143786280, "side": "buy", "size": "1.50000000", "price": "0.74380000", "time": "2025-07-16T00:07:00.497739Z", "fetched_at": "2025-07-16T00:10:51.054451+00:00", "symbol": "ADA-USD"}, {"trade_id": 143786279, "side": "buy", "size": "0.10000000", "price": "0.74380000", "time": "2025-07-16T00:07:00.497739Z", "fetched_at": "2025-07-16T00:10:51.054451+00:00", "symbol": "ADA-USD"}, {"trade_id": 143786278, "side": "sell", "size": "368.23424000", "price": "0.74410000", "time": "2025-07-16T00:07:00.497112Z", "fetched_at": "2025-07-16T00:10:51.054451+00:00", "symbol": "ADA-USD"}, {"trade_id": 143786277, "side": "buy", "size": "268.66431017", "price": "0.74390000", "time": "2025-07-16T00:07:00.496635Z", "fetched_at": "2025-07-16T00:10:51.054451+00:00", "symbol": "ADA-USD"}, {"trade_id": 143786276, "side": "buy", "size": "257.57589648", "price": "0.74400000", "time": "2025-07-16T00:07:00.496635Z", "fetched_at": "2025-07-16T00:10:51.054451+00:00", "symbol": "ADA-USD"}, {"trade_id": 143786275, "side": "buy", "size": "500.00000000", "price": "0.74390000", "time": "2025-07-16T00:07:00.494625Z", "fetched_at": "2025-07-16T00:10:51.054451+00:00", "symbol": "ADA-USD"}, {"trade_id": 143786274, "side": "buy", "size": "1.50000000", "price": "0.74390000", "time": "2025-07-16T00:07:00.494625Z", "fetched_at": "2025-07-16T00:10:51.054451+00:00", "symbol": "ADA-USD"}, {"trade_id": 143786273, "side": "buy", "size": "684.52729652", "price": "0.74400000", "time": "2025-07-16T00:07:00.494625Z", "fetched_at": "2025-07-16T00:10:51.054451+00:00", "symbol": "ADA-USD"}, {"trade_id": 143786272, "side": "buy", "size": "1.50000000", "price": "0.74400000", "time": "2025-07-16T00:07:00.494625Z", "fetched_at": "2025-07-16T00:10:51.054451+00:00", "symbol": "ADA-USD"}, {"trade_id": 143786271, "side": "buy", "size": "21.20055044", "price": "0.74400000", "time": "2025-07-16T00:07:00.494625Z", "fetched_at": "2025-07-16T00:10:51.054451+00:00", "symbol": "ADA-USD"}, {"trade_id": 143786270, "side": "buy", "size": "50.51980000", "price": "0.74400000", "time": "2025-07-16T00:07:00.494168Z", "fetched_at": "2025-07-16T00:10:51.054451+00:00", "symbol": "ADA-USD"}, {"trade_id": 143786269, "side": "buy", "size": "67.99020000", "price": "0.74400000", "time": "2025-07-16T00:07:00.493451Z", "fetched_at": "2025-07-16T00:10:51.054451+00:00", "symbol": "ADA-USD"}, {"trade_id": 143786268, "side": "buy", "size": "67.99020000", "price": "0.74400000", "time": "2025-07-16T00:07:00.493319Z", "fetched_at": "2025-07-16T00:10:51.054451+00:00", "symbol": "ADA-USD"}, {"trade_id": 143786267, "side": "buy", "size": "67.99020000", "price": "0.74400000", "time": "2025-07-16T00:07:00.492660Z", "fetched_at": "2025-07-16T00:10:51.054451+00:00", "symbol": "ADA-USD"}, {"trade_id": 143786266, "side": "buy", "size": "820.67700001", "price": "0.74410000", "time": "2025-07-16T00:07:00.492465Z", "fetched_at": "2025-07-16T00:10:51.054451+00:00", "symbol": "ADA-USD"}, {"trade_id": 143786265, "side": "buy", "size": "546.57399977", "price": "0.74410000", "time": "2025-07-16T00:07:00.492465Z", "fetched_at": "2025-07-16T00:10:51.054451+00:00", "symbol": "ADA-USD"}, {"trade_id": 143786264, "side": "buy", "size": "268.58515987", "price": "0.74410000", "time": "2025-07-16T00:07:00.492465Z", "fetched_at": "2025-07-16T00:10:51.054451+00:00", "symbol": "ADA-USD"}, {"trade_id": 143786263, "side": "buy", "size": "1.50000000", "price": "0.74410000", "time": "2025-07-16T00:07:00.492465Z", "fetched_at": "2025-07-16T00:10:51.054451+00:00", "symbol": "ADA-USD"}, {"trade_id": 143786262, "side": "buy", "size": "2716.06855089", "price": "0.74410000", "time": "2025-07-16T00:07:00.492465Z", "fetched_at": "2025-07-16T00:10:51.054451+00:00", "symbol": "ADA-USD"}, {"trade_id": 143786261, "side": "buy", "size": "67.99020000", "price": "0.74410000", "time": "2025-07-16T00:07:00.492444Z", "fetched_at": "2025-07-16T00:10:51.054451+00:00", "symbol": "ADA-USD"}, {"trade_id": 143786260, "side": "buy", "size": "1239.55805702", "price": "0.74410000", "time": "2025-07-16T00:07:00.492318Z", "fetched_at": "2025-07-16T00:10:51.054451+00:00", "symbol": "ADA-USD"}, {"trade_id": 143786259, "side": "buy", "size": "5825.88319209", "price": "0.74410000", "time": "2025-07-16T00:07:00.492196Z", "fetched_at": "2025-07-16T00:10:51.054451+00:00", "symbol": "ADA-USD"}, {"trade_id": 143786258, "side": "buy", "size": "4844.20980000", "price": "0.74420000", "time": "2025-07-16T00:07:00.491779Z", "fetched_at": "2025-07-16T00:10:51.054451+00:00", "symbol": "ADA-USD"}, {"trade_id": 143786257, "side": "buy", "size": "66.49020000", "price": "0.74420000", "time": "2025-07-16T00:07:00.491678Z", "fetched_at": "2025-07-16T00:10:51.054451+00:00", "symbol": "ADA-USD"}, {"trade_id": 143786256, "side": "buy", "size": "1.50000000", "price": "0.74420000", "time": "2025-07-16T00:07:00.491678Z", "fetched_at": "2025-07-16T00:10:51.054451+00:00", "symbol": "ADA-USD"}, {"trade_id": 143786255, "side": "buy", "size": "671.74233853", "price": "0.74430000", "time": "2025-07-16T00:07:00.491138Z", "fetched_at": "2025-07-16T00:10:51.054451+00:00", "symbol": "ADA-USD"}, {"trade_id": 143786254, "side": "buy", "size": "2488.02979000", "price": "0.74430000", "time": "2025-07-16T00:07:00.491138Z", "fetched_at": "2025-07-16T00:10:51.054451+00:00", "symbol": "ADA-USD"}, {"trade_id": 143786253, "side": "buy", "size": "533.03656541", "price": "0.74430000", "time": "2025-07-16T00:07:00.490887Z", "fetched_at": "2025-07-16T00:10:51.054451+00:00", "symbol": "ADA-USD"}, {"trade_id": 143786252, "side": "buy", "size": "864.48503639", "price": "0.74430000", "time": "2025-07-16T00:07:00.490887Z", "fetched_at": "2025-07-16T00:10:51.054451+00:00", "symbol": "ADA-USD"}, {"trade_id": 143786251, "side": "buy", "size": "1.50000000", "price": "0.74430000", "time": "2025-07-16T00:07:00.490887Z", "fetched_at": "2025-07-16T00:10:51.054451+00:00", "symbol": "ADA-USD"}, {"trade_id": 143786250, "side": "buy", "size": "1714.56460000", "price": "0.74430000", "time": "2025-07-16T00:07:00.490887Z", "fetched_at": "2025-07-16T00:10:51.054451+00:00", "symbol": "ADA-USD"}, {"trade_id": 143786249, "side": "buy", "size": "1.50000000", "price": "0.74440000", "time": "2025-07-16T00:07:00.490887Z", "fetched_at": "2025-07-16T00:10:51.054451+00:00", "symbol": "ADA-USD"}, {"trade_id": 143786248, "side": "sell", "size": "26.56291900", "price": "0.74470000", "time": "2025-07-16T00:06:58.121754Z", "fetched_at": "2025-07-16T00:10:51.054451+00:00", "symbol": "ADA-USD"}, {"trade_id": 143786247, "side": "buy", "size": "1.50000000", "price": "0.74450000", "time": "2025-07-16T00:06:57.208242Z", "fetched_at": "2025-07-16T00:10:51.054451+00:00", "symbol": "ADA-USD"}, {"trade_id": 143786246, "side": "buy", "size": "1.50000000", "price": "0.74460000", "time": "2025-07-16T00:06:56.858899Z", "fetched_at": "2025-07-16T00:10:51.054451+00:00", "symbol": "ADA-USD"}, {"trade_id": 143786245, "side": "buy", "size": "11.18814099", "price": "0.74470000", "time": "2025-07-16T00:06:56.849960Z", "fetched_at": "2025-07-16T00:10:51.054451+00:00", "symbol": "ADA-USD"}, {"trade_id": 143786244, "side": "buy", "size": "1.50000000", "price": "0.74470000", "time": "2025-07-16T00:06:56.274701Z", "fetched_at": "2025-07-16T00:10:51.054451+00:00", "symbol": "ADA-USD"}, {"trade_id": 143786243, "side": "buy", "size": "3.72938033", "price": "0.74480000", "time": "2025-07-16T00:06:56.217869Z", "fetched_at": "2025-07-16T00:10:51.054451+00:00", "symbol": "ADA-USD"}, {"trade_id": 143786242, "side": "buy", "size": "11.18814099", "price": "0.74480000", "time": "2025-07-16T00:06:56.217869Z", "fetched_at": "2025-07-16T00:10:51.054451+00:00", "symbol": "ADA-USD"}, {"trade_id": 143786241, "side": "sell", "size": "94.44516300", "price": "0.74500000", "time": "2025-07-16T00:06:50.230509Z", "fetched_at": "2025-07-16T00:10:51.054451+00:00", "symbol": "ADA-USD"}, {"trade_id": 143786240, "side": "sell", "size": "1.50000000", "price": "0.74500000", "time": "2025-07-16T00:06:50.230509Z", "fetched_at": "2025-07-16T00:10:51.054451+00:00", "symbol": "ADA-USD"}, {"trade_id": 143786239, "side": "buy", "size": "0.27373600", "price": "0.74450000", "time": "2025-07-16T00:06:40.884780Z", "fetched_at": "2025-07-16T00:10:51.054451+00:00", "symbol": "ADA-USD"}, {"trade_id": 143786238, "side": "buy", "size": "112.30366103", "price": "0.74450000", "time": "2025-07-16T00:06:40.401853Z", "fetched_at": "2025-07-16T00:10:51.054451+00:00", "symbol": "ADA-USD"}, {"trade_id": 143786237, "side": "buy", "size": "1.50000000", "price": "0.74450000", "time": "2025-07-16T00:06:40.401853Z", "fetched_at": "2025-07-16T00:10:51.054451+00:00", "symbol": "ADA-USD"}, {"trade_id": 143786236, "side": "sell", "size": "26.06382000", "price": "0.74460000", "time": "2025-07-16T00:06:39.416456Z", "fetched_at": "2025-07-16T00:10:51.054451+00:00", "symbol": "ADA-USD"}, {"trade_id": 143786235, "side": "buy", "size": "26.52003791", "price": "0.74460000", "time": "2025-07-16T00:06:39.055535Z", "fetched_at": "2025-07-16T00:10:51.054451+00:00", "symbol": "ADA-USD"}, {"trade_id": 143786234, "side": "buy", "size": "64.09608200", "price": "0.74450000", "time": "2025-07-16T00:06:37.958290Z", "fetched_at": "2025-07-16T00:10:51.054451+00:00", "symbol": "ADA-USD"}, {"trade_id": 143786233, "side": "buy", "size": "1.50000000", "price": "0.74460000", "time": "2025-07-16T00:06:37.958290Z", "fetched_at": "2025-07-16T00:10:51.054451+00:00", "symbol": "ADA-USD"}, {"trade_id": 143786232, "side": "buy", "size": "1.50000000", "price": "0.74470000", "time": "2025-07-16T00:06:37.958290Z", "fetched_at": "2025-07-16T00:10:51.054451+00:00", "symbol": "ADA-USD"}