[{"trade_id": 143792451, "side": "sell", "size": "89.02155470", "price": "0.74980000", "time": "2025-07-16T01:23:06.488070Z", "fetched_at": "2025-07-16T01:23:25.308702+00:00", "symbol": "ADA-USD"}, {"trade_id": 143792450, "side": "sell", "size": "545.20681956", "price": "0.74980000", "time": "2025-07-16T01:23:05.335037Z", "fetched_at": "2025-07-16T01:23:25.308702+00:00", "symbol": "ADA-USD"}, {"trade_id": 143792449, "side": "sell", "size": "391.64240611", "price": "0.74980000", "time": "2025-07-16T01:23:05.335037Z", "fetched_at": "2025-07-16T01:23:25.308702+00:00", "symbol": "ADA-USD"}, {"trade_id": 143792448, "side": "sell", "size": "613.03237480", "price": "0.74980000", "time": "2025-07-16T01:23:05.335037Z", "fetched_at": "2025-07-16T01:23:25.308702+00:00", "symbol": "ADA-USD"}, {"trade_id": 143792447, "side": "sell", "size": "173.38571953", "price": "0.74970000", "time": "2025-07-16T01:23:05.335037Z", "fetched_at": "2025-07-16T01:23:25.308702+00:00", "symbol": "ADA-USD"}, {"trade_id": 143792446, "side": "sell", "size": "276.73268000", "price": "0.74970000", "time": "2025-07-16T01:23:05.335037Z", "fetched_at": "2025-07-16T01:23:25.308702+00:00", "symbol": "ADA-USD"}, {"trade_id": 143792445, "side": "buy", "size": "20.70601736", "price": "0.74970000", "time": "2025-07-16T01:23:05.217269Z", "fetched_at": "2025-07-16T01:23:25.308702+00:00", "symbol": "ADA-USD"}, {"trade_id": 143792444, "side": "buy", "size": "1.50000000", "price": "0.74970000", "time": "2025-07-16T01:23:05.217269Z", "fetched_at": "2025-07-16T01:23:25.308702+00:00", "symbol": "ADA-USD"}, {"trade_id": 143792443, "side": "sell", "size": "1.26720000", "price": "0.74980000", "time": "2025-07-16T01:23:04.026095Z", "fetched_at": "2025-07-16T01:23:25.308702+00:00", "symbol": "ADA-USD"}, {"trade_id": 143792442, "side": "buy", "size": "100.34139930", "price": "0.74980000", "time": "2025-07-16T01:23:02.704895Z", "fetched_at": "2025-07-16T01:23:25.308702+00:00", "symbol": "ADA-USD"}, {"trade_id": 143792441, "side": "buy", "size": "757.51433871", "price": "0.74980000", "time": "2025-07-16T01:23:02.694035Z", "fetched_at": "2025-07-16T01:23:25.308702+00:00", "symbol": "ADA-USD"}, {"trade_id": 143792440, "side": "buy", "size": "151.93295154", "price": "0.74990000", "time": "2025-07-16T01:23:01.601309Z", "fetched_at": "2025-07-16T01:23:25.308702+00:00", "symbol": "ADA-USD"}, {"trade_id": 143792439, "side": "sell", "size": "358.79728768", "price": "0.75020000", "time": "2025-07-16T01:22:58.462264Z", "fetched_at": "2025-07-16T01:23:25.308702+00:00", "symbol": "ADA-USD"}, {"trade_id": 143792438, "side": "sell", "size": "639.70271232", "price": "0.75010000", "time": "2025-07-16T01:22:58.462264Z", "fetched_at": "2025-07-16T01:23:25.308702+00:00", "symbol": "ADA-USD"}, {"trade_id": 143792437, "side": "sell", "size": "1.50000000", "price": "0.75010000", "time": "2025-07-16T01:22:58.462264Z", "fetched_at": "2025-07-16T01:23:25.308702+00:00", "symbol": "ADA-USD"}, {"trade_id": 143792436, "side": "buy", "size": "127.95039300", "price": "0.74990000", "time": "2025-07-16T01:22:56.996422Z", "fetched_at": "2025-07-16T01:23:25.308702+00:00", "symbol": "ADA-USD"}, {"trade_id": 143792435, "side": "sell", "size": "1.50000000", "price": "0.75000000", "time": "2025-07-16T01:22:56.927684Z", "fetched_at": "2025-07-16T01:23:25.308702+00:00", "symbol": "ADA-USD"}, {"trade_id": 143792434, "side": "buy", "size": "594.00000000", "price": "0.74990000", "time": "2025-07-16T01:22:53.331339Z", "fetched_at": "2025-07-16T01:23:25.308702+00:00", "symbol": "ADA-USD"}, {"trade_id": 143792433, "side": "buy", "size": "594.00000000", "price": "0.74990000", "time": "2025-07-16T01:22:53.321019Z", "fetched_at": "2025-07-16T01:23:25.308702+00:00", "symbol": "ADA-USD"}, {"trade_id": 143792432, "side": "sell", "size": "115.02053166", "price": "0.74990000", "time": "2025-07-16T01:22:47.201449Z", "fetched_at": "2025-07-16T01:23:25.308702+00:00", "symbol": "ADA-USD"}, {"trade_id": 143792431, "side": "sell", "size": "79.43512934", "price": "0.74990000", "time": "2025-07-16T01:22:47.201449Z", "fetched_at": "2025-07-16T01:23:25.308702+00:00", "symbol": "ADA-USD"}, {"trade_id": 143792430, "side": "buy", "size": "26.68089600", "price": "0.74980000", "time": "2025-07-16T01:22:47.073466Z", "fetched_at": "2025-07-16T01:23:25.308702+00:00", "symbol": "ADA-USD"}, {"trade_id": 143792429, "side": "buy", "size": "97.86136800", "price": "0.74970000", "time": "2025-07-16T01:22:44.235439Z", "fetched_at": "2025-07-16T01:23:25.308702+00:00", "symbol": "ADA-USD"}, {"trade_id": 143792428, "side": "sell", "size": "240.19280112", "price": "0.74990000", "time": "2025-07-16T01:22:44.102678Z", "fetched_at": "2025-07-16T01:23:25.308702+00:00", "symbol": "ADA-USD"}, {"trade_id": 143792427, "side": "sell", "size": "1.50000000", "price": "0.74990000", "time": "2025-07-16T01:22:44.102678Z", "fetched_at": "2025-07-16T01:23:25.308702+00:00", "symbol": "ADA-USD"}, {"trade_id": 143792426, "side": "sell", "size": "9.88057088", "price": "0.74980000", "time": "2025-07-16T01:22:44.102678Z", "fetched_at": "2025-07-16T01:23:25.308702+00:00", "symbol": "ADA-USD"}, {"trade_id": 143792425, "side": "sell", "size": "1.50000000", "price": "0.74980000", "time": "2025-07-16T01:22:44.102678Z", "fetched_at": "2025-07-16T01:23:25.308702+00:00", "symbol": "ADA-USD"}, {"trade_id": 143792424, "side": "buy", "size": "67.99020000", "price": "0.74970000", "time": "2025-07-16T01:22:42.319382Z", "fetched_at": "2025-07-16T01:23:25.308702+00:00", "symbol": "ADA-USD"}, {"trade_id": 143792423, "side": "sell", "size": "94.69658202", "price": "0.74960000", "time": "2025-07-16T01:22:42.308166Z", "fetched_at": "2025-07-16T01:23:25.308702+00:00", "symbol": "ADA-USD"}, {"trade_id": 143792422, "side": "sell", "size": "62.29734066", "price": "0.74970000", "time": "2025-07-16T01:22:41.994375Z", "fetched_at": "2025-07-16T01:23:25.308702+00:00", "symbol": "ADA-USD"}, {"trade_id": 143792421, "side": "sell", "size": "38.98747834", "price": "0.74960000", "time": "2025-07-16T01:22:41.994375Z", "fetched_at": "2025-07-16T01:23:25.308702+00:00", "symbol": "ADA-USD"}, {"trade_id": 143792420, "side": "sell", "size": "29.00000000", "price": "0.74960000", "time": "2025-07-16T01:22:41.429951Z", "fetched_at": "2025-07-16T01:23:25.308702+00:00", "symbol": "ADA-USD"}, {"trade_id": 143792419, "side": "sell", "size": "44.21625146", "price": "0.74960000", "time": "2025-07-16T01:22:37.684695Z", "fetched_at": "2025-07-16T01:23:25.308702+00:00", "symbol": "ADA-USD"}, {"trade_id": 143792418, "side": "sell", "size": "276.73268000", "price": "0.74960000", "time": "2025-07-16T01:22:37.684695Z", "fetched_at": "2025-07-16T01:23:25.308702+00:00", "symbol": "ADA-USD"}, {"trade_id": 143792417, "side": "sell", "size": "173.38578038", "price": "0.74960000", "time": "2025-07-16T01:22:37.684695Z", "fetched_at": "2025-07-16T01:23:25.308702+00:00", "symbol": "ADA-USD"}, {"trade_id": 143792416, "side": "buy", "size": "173.42030002", "price": "0.74960000", "time": "2025-07-16T01:22:31.626064Z", "fetched_at": "2025-07-16T01:23:25.308702+00:00", "symbol": "ADA-USD"}, {"trade_id": 143792415, "side": "buy", "size": "21.28978871", "price": "0.74960000", "time": "2025-07-16T01:22:31.611337Z", "fetched_at": "2025-07-16T01:23:25.308702+00:00", "symbol": "ADA-USD"}, {"trade_id": 143792414, "side": "buy", "size": "77.05836648", "price": "0.74960000", "time": "2025-07-16T01:22:31.594591Z", "fetched_at": "2025-07-16T01:23:25.308702+00:00", "symbol": "ADA-USD"}, {"trade_id": 143792413, "side": "buy", "size": "75.07214483", "price": "0.74960000", "time": "2025-07-16T01:22:31.582861Z", "fetched_at": "2025-07-16T01:23:25.308702+00:00", "symbol": "ADA-USD"}, {"trade_id": 143792412, "side": "buy", "size": "144.33056480", "price": "0.74960000", "time": "2025-07-16T01:22:31.571893Z", "fetched_at": "2025-07-16T01:23:25.308702+00:00", "symbol": "ADA-USD"}, {"trade_id": 143792411, "side": "buy", "size": "236.22813194", "price": "0.74960000", "time": "2025-07-16T01:22:31.539904Z", "fetched_at": "2025-07-16T01:23:25.308702+00:00", "symbol": "ADA-USD"}, {"trade_id": 143792410, "side": "buy", "size": "758.08899654", "price": "0.74960000", "time": "2025-07-16T01:22:31.524641Z", "fetched_at": "2025-07-16T01:23:25.308702+00:00", "symbol": "ADA-USD"}, {"trade_id": 143792409, "side": "sell", "size": "474.51682100", "price": "0.74970000", "time": "2025-07-16T01:22:26.614308Z", "fetched_at": "2025-07-16T01:23:25.308702+00:00", "symbol": "ADA-USD"}, {"trade_id": 143792408, "side": "sell", "size": "269.38019200", "price": "0.74970000", "time": "2025-07-16T01:22:22.498267Z", "fetched_at": "2025-07-16T01:23:25.308702+00:00", "symbol": "ADA-USD"}, {"trade_id": 143792407, "side": "sell", "size": "594.00000000", "price": "0.74970000", "time": "2025-07-16T01:22:22.498267Z", "fetched_at": "2025-07-16T01:23:25.308702+00:00", "symbol": "ADA-USD"}, {"trade_id": 143792406, "side": "buy", "size": "1.50000000", "price": "0.74960000", "time": "2025-07-16T01:22:20.385469Z", "fetched_at": "2025-07-16T01:23:25.308702+00:00", "symbol": "ADA-USD"}, {"trade_id": 143792405, "side": "sell", "size": "133.22287400", "price": "0.74990000", "time": "2025-07-16T01:22:17.586710Z", "fetched_at": "2025-07-16T01:23:25.308702+00:00", "symbol": "ADA-USD"}, {"trade_id": 143792404, "side": "sell", "size": "1.50000000", "price": "0.74990000", "time": "2025-07-16T01:22:17.586710Z", "fetched_at": "2025-07-16T01:23:25.308702+00:00", "symbol": "ADA-USD"}, {"trade_id": 143792403, "side": "sell", "size": "3.63387600", "price": "0.74980000", "time": "2025-07-16T01:22:17.373502Z", "fetched_at": "2025-07-16T01:23:25.308702+00:00", "symbol": "ADA-USD"}, {"trade_id": 143792402, "side": "buy", "size": "1.50000000", "price": "0.74970000", "time": "2025-07-16T01:22:13.575468Z", "fetched_at": "2025-07-16T01:23:25.308702+00:00", "symbol": "ADA-USD"}, {"trade_id": 143792401, "side": "sell", "size": "423.84781262", "price": "0.74990000", "time": "2025-07-16T01:22:12.407742Z", "fetched_at": "2025-07-16T01:23:25.308702+00:00", "symbol": "ADA-USD"}, {"trade_id": 143792400, "side": "sell", "size": "595.47771738", "price": "0.74990000", "time": "2025-07-16T01:22:12.407742Z", "fetched_at": "2025-07-16T01:23:25.308702+00:00", "symbol": "ADA-USD"}, {"trade_id": 143792399, "side": "sell", "size": "276.73268000", "price": "0.74980000", "time": "2025-07-16T01:22:12.407742Z", "fetched_at": "2025-07-16T01:23:25.308702+00:00", "symbol": "ADA-USD"}, {"trade_id": 143792398, "side": "buy", "size": "1.50000000", "price": "0.74980000", "time": "2025-07-16T01:22:11.845804Z", "fetched_at": "2025-07-16T01:23:25.308702+00:00", "symbol": "ADA-USD"}, {"trade_id": 143792397, "side": "buy", "size": "828.43668541", "price": "0.75000000", "time": "2025-07-16T01:22:11.534054Z", "fetched_at": "2025-07-16T01:23:25.308702+00:00", "symbol": "ADA-USD"}, {"trade_id": 143792396, "side": "buy", "size": "4.91410041", "price": "0.75000000", "time": "2025-07-16T01:22:11.534054Z", "fetched_at": "2025-07-16T01:23:25.308702+00:00", "symbol": "ADA-USD"}, {"trade_id": 143792395, "side": "buy", "size": "21.29443512", "price": "0.75000000", "time": "2025-07-16T01:22:11.534054Z", "fetched_at": "2025-07-16T01:23:25.308702+00:00", "symbol": "ADA-USD"}, {"trade_id": 143792394, "side": "buy", "size": "63.38570500", "price": "0.75000000", "time": "2025-07-16T01:22:07.434670Z", "fetched_at": "2025-07-16T01:23:25.308702+00:00", "symbol": "ADA-USD"}, {"trade_id": 143792393, "side": "sell", "size": "11.38546300", "price": "0.75020000", "time": "2025-07-16T01:22:06.774868Z", "fetched_at": "2025-07-16T01:23:25.308702+00:00", "symbol": "ADA-USD"}, {"trade_id": 143792392, "side": "sell", "size": "1.50000000", "price": "0.75020000", "time": "2025-07-16T01:22:06.774868Z", "fetched_at": "2025-07-16T01:23:25.308702+00:00", "symbol": "ADA-USD"}, {"trade_id": 143792391, "side": "sell", "size": "635.16921237", "price": "0.75010000", "time": "2025-07-16T01:22:05.697354Z", "fetched_at": "2025-07-16T01:23:25.308702+00:00", "symbol": "ADA-USD"}, {"trade_id": 143792390, "side": "sell", "size": "1.50000000", "price": "0.75010000", "time": "2025-07-16T01:22:05.697354Z", "fetched_at": "2025-07-16T01:23:25.308702+00:00", "symbol": "ADA-USD"}, {"trade_id": 143792389, "side": "sell", "size": "259.60600000", "price": "0.75000000", "time": "2025-07-16T01:22:05.645636Z", "fetched_at": "2025-07-16T01:23:25.308702+00:00", "symbol": "ADA-USD"}, {"trade_id": 143792388, "side": "sell", "size": "1.50000000", "price": "0.75000000", "time": "2025-07-16T01:22:05.645636Z", "fetched_at": "2025-07-16T01:23:25.308702+00:00", "symbol": "ADA-USD"}, {"trade_id": 143792387, "side": "sell", "size": "1.50000000", "price": "0.74990000", "time": "2025-07-16T01:22:05.376100Z", "fetched_at": "2025-07-16T01:23:25.308702+00:00", "symbol": "ADA-USD"}, {"trade_id": 143792386, "side": "sell", "size": "1.50000000", "price": "0.74980000", "time": "2025-07-16T01:22:04.597412Z", "fetched_at": "2025-07-16T01:23:25.308702+00:00", "symbol": "ADA-USD"}, {"trade_id": 143792385, "side": "sell", "size": "1.50000000", "price": "0.74970000", "time": "2025-07-16T01:22:04.580494Z", "fetched_at": "2025-07-16T01:23:25.308702+00:00", "symbol": "ADA-USD"}, {"trade_id": 143792384, "side": "sell", "size": "1.50000000", "price": "0.74960000", "time": "2025-07-16T01:22:04.556590Z", "fetched_at": "2025-07-16T01:23:25.308702+00:00", "symbol": "ADA-USD"}, {"trade_id": 143792383, "side": "sell", "size": "11.38718300", "price": "0.74950000", "time": "2025-07-16T01:22:01.283194Z", "fetched_at": "2025-07-16T01:23:25.308702+00:00", "symbol": "ADA-USD"}, {"trade_id": 143792382, "side": "sell", "size": "1.50000000", "price": "0.74950000", "time": "2025-07-16T01:22:01.283194Z", "fetched_at": "2025-07-16T01:23:25.308702+00:00", "symbol": "ADA-USD"}, {"trade_id": 143792381, "side": "sell", "size": "124.44114981", "price": "0.74950000", "time": "2025-07-16T01:21:55.456604Z", "fetched_at": "2025-07-16T01:23:25.308702+00:00", "symbol": "ADA-USD"}, {"trade_id": 143792380, "side": "sell", "size": "3.83769619", "price": "0.74940000", "time": "2025-07-16T01:21:55.456604Z", "fetched_at": "2025-07-16T01:23:25.308702+00:00", "symbol": "ADA-USD"}, {"trade_id": 143792379, "side": "sell", "size": "1.50000000", "price": "0.74940000", "time": "2025-07-16T01:21:55.456604Z", "fetched_at": "2025-07-16T01:23:25.308702+00:00", "symbol": "ADA-USD"}, {"trade_id": 143792378, "side": "sell", "size": "71.59130624", "price": "0.74930000", "time": "2025-07-16T01:21:53.440706Z", "fetched_at": "2025-07-16T01:23:25.308702+00:00", "symbol": "ADA-USD"}, {"trade_id": 143792377, "side": "sell", "size": "1.50000000", "price": "0.74930000", "time": "2025-07-16T01:21:53.440706Z", "fetched_at": "2025-07-16T01:23:25.308702+00:00", "symbol": "ADA-USD"}, {"trade_id": 143792376, "side": "sell", "size": "173.57099148", "price": "0.74920000", "time": "2025-07-16T01:21:53.055436Z", "fetched_at": "2025-07-16T01:23:25.308702+00:00", "symbol": "ADA-USD"}, {"trade_id": 143792375, "side": "sell", "size": "1.50000000", "price": "0.74920000", "time": "2025-07-16T01:21:53.055436Z", "fetched_at": "2025-07-16T01:23:25.308702+00:00", "symbol": "ADA-USD"}, {"trade_id": 143792374, "side": "buy", "size": "283.86752100", "price": "0.74910000", "time": "2025-07-16T01:21:51.427425Z", "fetched_at": "2025-07-16T01:23:25.308702+00:00", "symbol": "ADA-USD"}, {"trade_id": 143792373, "side": "buy", "size": "50.00000000", "price": "0.74910000", "time": "2025-07-16T01:21:51.427425Z", "fetched_at": "2025-07-16T01:23:25.308702+00:00", "symbol": "ADA-USD"}, {"trade_id": 143792372, "side": "sell", "size": "1.50000000", "price": "0.74910000", "time": "2025-07-16T01:21:50.883323Z", "fetched_at": "2025-07-16T01:23:25.308702+00:00", "symbol": "ADA-USD"}, {"trade_id": 143792371, "side": "sell", "size": "48.82804905", "price": "0.74900000", "time": "2025-07-16T01:21:49.741216Z", "fetched_at": "2025-07-16T01:23:25.308702+00:00", "symbol": "ADA-USD"}, {"trade_id": 143792370, "side": "sell", "size": "124.78916000", "price": "0.74900000", "time": "2025-07-16T01:21:49.741160Z", "fetched_at": "2025-07-16T01:23:25.308702+00:00", "symbol": "ADA-USD"}, {"trade_id": 143792369, "side": "sell", "size": "1.50000000", "price": "0.74900000", "time": "2025-07-16T01:21:49.741160Z", "fetched_at": "2025-07-16T01:23:25.308702+00:00", "symbol": "ADA-USD"}, {"trade_id": 143792368, "side": "sell", "size": "2111.25447646", "price": "0.74890000", "time": "2025-07-16T01:21:49.496558Z", "fetched_at": "2025-07-16T01:23:25.308702+00:00", "symbol": "ADA-USD"}, {"trade_id": 143792367, "side": "sell", "size": "675.89132288", "price": "0.74880000", "time": "2025-07-16T01:21:49.496558Z", "fetched_at": "2025-07-16T01:23:25.308702+00:00", "symbol": "ADA-USD"}, {"trade_id": 143792366, "side": "buy", "size": "12.16264830", "price": "0.74890000", "time": "2025-07-16T01:21:41.817303Z", "fetched_at": "2025-07-16T01:23:25.308702+00:00", "symbol": "ADA-USD"}, {"trade_id": 143792365, "side": "buy", "size": "34.94471404", "price": "0.74890000", "time": "2025-07-16T01:21:34.837185Z", "fetched_at": "2025-07-16T01:23:25.308702+00:00", "symbol": "ADA-USD"}, {"trade_id": 143792364, "side": "buy", "size": "11.92165534", "price": "0.74890000", "time": "2025-07-16T01:21:34.837185Z", "fetched_at": "2025-07-16T01:23:25.308702+00:00", "symbol": "ADA-USD"}, {"trade_id": 143792363, "side": "buy", "size": "9.51070346", "price": "0.74850000", "time": "2025-07-16T01:21:22.146336Z", "fetched_at": "2025-07-16T01:23:25.308702+00:00", "symbol": "ADA-USD"}, {"trade_id": 143792362, "side": "buy", "size": "1.50000000", "price": "0.74850000", "time": "2025-07-16T01:21:22.146336Z", "fetched_at": "2025-07-16T01:23:25.308702+00:00", "symbol": "ADA-USD"}, {"trade_id": 143792361, "side": "buy", "size": "10.04442726", "price": "0.74860000", "time": "2025-07-16T01:21:21.157290Z", "fetched_at": "2025-07-16T01:23:25.308702+00:00", "symbol": "ADA-USD"}, {"trade_id": 143792360, "side": "buy", "size": "1.50000000", "price": "0.74860000", "time": "2025-07-16T01:21:21.157290Z", "fetched_at": "2025-07-16T01:23:25.308702+00:00", "symbol": "ADA-USD"}, {"trade_id": 143792359, "side": "buy", "size": "10.69858748", "price": "0.74870000", "time": "2025-07-16T01:21:16.211360Z", "fetched_at": "2025-07-16T01:23:25.308702+00:00", "symbol": "ADA-USD"}, {"trade_id": 143792358, "side": "sell", "size": "89.75647674", "price": "0.74880000", "time": "2025-07-16T01:21:13.543030Z", "fetched_at": "2025-07-16T01:23:25.308702+00:00", "symbol": "ADA-USD"}, {"trade_id": 143792357, "side": "sell", "size": "65.97549426", "price": "0.74880000", "time": "2025-07-16T01:21:13.543030Z", "fetched_at": "2025-07-16T01:23:25.308702+00:00", "symbol": "ADA-USD"}, {"trade_id": 143792356, "side": "sell", "size": "20.76488700", "price": "0.74880000", "time": "2025-07-16T01:21:13.204769Z", "fetched_at": "2025-07-16T01:23:25.308702+00:00", "symbol": "ADA-USD"}, {"trade_id": 143792355, "side": "buy", "size": "11.05325867", "price": "0.74880000", "time": "2025-07-16T01:21:12.192180Z", "fetched_at": "2025-07-16T01:23:25.308702+00:00", "symbol": "ADA-USD"}, {"trade_id": 143792354, "side": "buy", "size": "12.47686349", "price": "0.74870000", "time": "2025-07-16T01:21:10.955107Z", "fetched_at": "2025-07-16T01:23:25.308702+00:00", "symbol": "ADA-USD"}, {"trade_id": 143792353, "side": "buy", "size": "1.50000000", "price": "0.74870000", "time": "2025-07-16T01:21:10.955107Z", "fetched_at": "2025-07-16T01:23:25.308702+00:00", "symbol": "ADA-USD"}, {"trade_id": 143792352, "side": "buy", "size": "12.92413892", "price": "0.74880000", "time": "2025-07-16T01:21:08.587809Z", "fetched_at": "2025-07-16T01:23:25.308702+00:00", "symbol": "ADA-USD"}, {"trade_id": 143792351, "side": "buy", "size": "12.51022012", "price": "0.74890000", "time": "2025-07-16T01:21:08.385835Z", "fetched_at": "2025-07-16T01:23:25.308702+00:00", "symbol": "ADA-USD"}, {"trade_id": 143792350, "side": "buy", "size": "698.99367117", "price": "0.74890000", "time": "2025-07-16T01:21:08.385835Z", "fetched_at": "2025-07-16T01:23:25.308702+00:00", "symbol": "ADA-USD"}, {"trade_id": 143792349, "side": "sell", "size": "2318.05873000", "price": "0.74880000", "time": "2025-07-16T01:21:07.666981Z", "fetched_at": "2025-07-16T01:23:25.308702+00:00", "symbol": "ADA-USD"}, {"trade_id": 143792348, "side": "sell", "size": "981.50000000", "price": "0.74880000", "time": "2025-07-16T01:21:07.666981Z", "fetched_at": "2025-07-16T01:23:25.308702+00:00", "symbol": "ADA-USD"}, {"trade_id": 143792347, "side": "sell", "size": "1101.46159000", "price": "0.74870000", "time": "2025-07-16T01:21:07.666413Z", "fetched_at": "2025-07-16T01:23:25.308702+00:00", "symbol": "ADA-USD"}, {"trade_id": 143792346, "side": "buy", "size": "17.85549338", "price": "0.74870000", "time": "2025-07-16T01:21:06.747114Z", "fetched_at": "2025-07-16T01:23:25.308702+00:00", "symbol": "ADA-USD"}, {"trade_id": 143792345, "side": "buy", "size": "1.50000000", "price": "0.74870000", "time": "2025-07-16T01:21:06.747114Z", "fetched_at": "2025-07-16T01:23:25.308702+00:00", "symbol": "ADA-USD"}, {"trade_id": 143792344, "side": "buy", "size": "125.16803205", "price": "0.74880000", "time": "2025-07-16T01:21:03.932585Z", "fetched_at": "2025-07-16T01:23:25.308702+00:00", "symbol": "ADA-USD"}, {"trade_id": 143792343, "side": "buy", "size": "1.50000000", "price": "0.74880000", "time": "2025-07-16T01:21:03.932585Z", "fetched_at": "2025-07-16T01:23:25.308702+00:00", "symbol": "ADA-USD"}, {"trade_id": 143792342, "side": "sell", "size": "3.30352400", "price": "0.74890000", "time": "2025-07-16T01:21:03.897124Z", "fetched_at": "2025-07-16T01:23:25.308702+00:00", "symbol": "ADA-USD"}, {"trade_id": 143792341, "side": "sell", "size": "1.46676500", "price": "0.74890000", "time": "2025-07-16T01:21:02.208810Z", "fetched_at": "2025-07-16T01:23:25.308702+00:00", "symbol": "ADA-USD"}, {"trade_id": 143792340, "side": "buy", "size": "173.58239671", "price": "0.74890000", "time": "2025-07-16T01:21:01.986367Z", "fetched_at": "2025-07-16T01:23:25.308702+00:00", "symbol": "ADA-USD"}, {"trade_id": 143792339, "side": "buy", "size": "1.50000000", "price": "0.74890000", "time": "2025-07-16T01:21:01.986367Z", "fetched_at": "2025-07-16T01:23:25.308702+00:00", "symbol": "ADA-USD"}, {"trade_id": 143792338, "side": "sell", "size": "454.02001700", "price": "0.74900000", "time": "2025-07-16T01:21:01.837909Z", "fetched_at": "2025-07-16T01:23:25.308702+00:00", "symbol": "ADA-USD"}, {"trade_id": 143792337, "side": "sell", "size": "33.67009357", "price": "0.74910000", "time": "2025-07-16T01:21:00.193383Z", "fetched_at": "2025-07-16T01:23:25.308702+00:00", "symbol": "ADA-USD"}, {"trade_id": 143792336, "side": "sell", "size": "32.40038143", "price": "0.74910000", "time": "2025-07-16T01:21:00.193383Z", "fetched_at": "2025-07-16T01:23:25.308702+00:00", "symbol": "ADA-USD"}, {"trade_id": 143792335, "side": "sell", "size": "530.88808147", "price": "0.74910000", "time": "2025-07-16T01:20:58.296187Z", "fetched_at": "2025-07-16T01:23:25.308702+00:00", "symbol": "ADA-USD"}, {"trade_id": 143792334, "side": "sell", "size": "592.40127453", "price": "0.74900000", "time": "2025-07-16T01:20:58.296187Z", "fetched_at": "2025-07-16T01:23:25.308702+00:00", "symbol": "ADA-USD"}, {"trade_id": 143792333, "side": "sell", "size": "0.99105700", "price": "0.74900000", "time": "2025-07-16T01:20:57.533155Z", "fetched_at": "2025-07-16T01:23:25.308702+00:00", "symbol": "ADA-USD"}, {"trade_id": 143792332, "side": "sell", "size": "3.30396500", "price": "0.74900000", "time": "2025-07-16T01:20:57.390953Z", "fetched_at": "2025-07-16T01:23:25.308702+00:00", "symbol": "ADA-USD"}, {"trade_id": 143792331, "side": "buy", "size": "1.50000000", "price": "0.74900000", "time": "2025-07-16T01:20:57.015977Z", "fetched_at": "2025-07-16T01:23:25.308702+00:00", "symbol": "ADA-USD"}, {"trade_id": 143792330, "side": "buy", "size": "53.40453938", "price": "0.74900000", "time": "2025-07-16T01:20:57.015977Z", "fetched_at": "2025-07-16T01:23:25.308702+00:00", "symbol": "ADA-USD"}, {"trade_id": 143792329, "side": "sell", "size": "64.86343600", "price": "0.74910000", "time": "2025-07-16T01:20:55.888564Z", "fetched_at": "2025-07-16T01:23:25.308702+00:00", "symbol": "ADA-USD"}, {"trade_id": 143792328, "side": "sell", "size": "301.83827403", "price": "0.74920000", "time": "2025-07-16T01:20:42.608346Z", "fetched_at": "2025-07-16T01:23:25.308702+00:00", "symbol": "ADA-USD"}, {"trade_id": 143792327, "side": "sell", "size": "634.23953799", "price": "0.74920000", "time": "2025-07-16T01:20:42.608346Z", "fetched_at": "2025-07-16T01:23:25.308702+00:00", "symbol": "ADA-USD"}, {"trade_id": 143792326, "side": "sell", "size": "629.44116428", "price": "0.74910000", "time": "2025-07-16T01:20:42.608346Z", "fetched_at": "2025-07-16T01:23:25.308702+00:00", "symbol": "ADA-USD"}, {"trade_id": 143792325, "side": "sell", "size": "1099.96159000", "price": "0.74910000", "time": "2025-07-16T01:20:42.608346Z", "fetched_at": "2025-07-16T01:23:25.308702+00:00", "symbol": "ADA-USD"}, {"trade_id": 143792324, "side": "buy", "size": "1.50000000", "price": "0.74910000", "time": "2025-07-16T01:20:42.557209Z", "fetched_at": "2025-07-16T01:23:25.308702+00:00", "symbol": "ADA-USD"}, {"trade_id": 143792323, "side": "sell", "size": "27.95963444", "price": "0.74940000", "time": "2025-07-16T01:20:32.149710Z", "fetched_at": "2025-07-16T01:23:25.308702+00:00", "symbol": "ADA-USD"}, {"trade_id": 143792322, "side": "sell", "size": "3.69657356", "price": "0.74930000", "time": "2025-07-16T01:20:32.149710Z", "fetched_at": "2025-07-16T01:23:25.308702+00:00", "symbol": "ADA-USD"}, {"trade_id": 143792321, "side": "sell", "size": "23.80807200", "price": "0.74930000", "time": "2025-07-16T01:20:31.305248Z", "fetched_at": "2025-07-16T01:23:25.308702+00:00", "symbol": "ADA-USD"}, {"trade_id": 143792320, "side": "sell", "size": "1.50000000", "price": "0.74930000", "time": "2025-07-16T01:20:31.305248Z", "fetched_at": "2025-07-16T01:23:25.308702+00:00", "symbol": "ADA-USD"}, {"trade_id": 143792319, "side": "sell", "size": "92.39863501", "price": "0.74920000", "time": "2025-07-16T01:20:30.806227Z", "fetched_at": "2025-07-16T01:23:25.308702+00:00", "symbol": "ADA-USD"}, {"trade_id": 143792318, "side": "sell", "size": "1.50000000", "price": "0.74920000", "time": "2025-07-16T01:20:30.806227Z", "fetched_at": "2025-07-16T01:23:25.308702+00:00", "symbol": "ADA-USD"}, {"trade_id": 143792317, "side": "sell", "size": "1.50000000", "price": "0.74910000", "time": "2025-07-16T01:20:30.227230Z", "fetched_at": "2025-07-16T01:23:25.308702+00:00", "symbol": "ADA-USD"}, {"trade_id": 143792316, "side": "buy", "size": "95.31914602", "price": "0.74880000", "time": "2025-07-16T01:20:23.985223Z", "fetched_at": "2025-07-16T01:23:25.308702+00:00", "symbol": "ADA-USD"}, {"trade_id": 143792315, "side": "sell", "size": "53.85180762", "price": "0.74910000", "time": "2025-07-16T01:20:19.449117Z", "fetched_at": "2025-07-16T01:23:25.308702+00:00", "symbol": "ADA-USD"}, {"trade_id": 143792314, "side": "sell", "size": "276.73268000", "price": "0.74910000", "time": "2025-07-16T01:20:19.449117Z", "fetched_at": "2025-07-16T01:23:25.308702+00:00", "symbol": "ADA-USD"}, {"trade_id": 143792313, "side": "sell", "size": "12.28034078", "price": "0.74970000", "time": "2025-07-16T01:20:10.425172Z", "fetched_at": "2025-07-16T01:23:25.308702+00:00", "symbol": "ADA-USD"}, {"trade_id": 143792312, "side": "sell", "size": "34.38776522", "price": "0.74970000", "time": "2025-07-16T01:20:10.425172Z", "fetched_at": "2025-07-16T01:23:25.308702+00:00", "symbol": "ADA-USD"}, {"trade_id": 143792311, "side": "sell", "size": "1.50000000", "price": "0.74970000", "time": "2025-07-16T01:20:10.425172Z", "fetched_at": "2025-07-16T01:23:25.308702+00:00", "symbol": "ADA-USD"}, {"trade_id": 143792310, "side": "buy", "size": "594.00000000", "price": "0.74940000", "time": "2025-07-16T01:20:02.896038Z", "fetched_at": "2025-07-16T01:23:25.308702+00:00", "symbol": "ADA-USD"}, {"trade_id": 143792309, "side": "sell", "size": "1.50000000", "price": "0.74960000", "time": "2025-07-16T01:20:02.357501Z", "fetched_at": "2025-07-16T01:23:25.308702+00:00", "symbol": "ADA-USD"}, {"trade_id": 143792308, "side": "sell", "size": "981.50000000", "price": "0.74950000", "time": "2025-07-16T01:20:02.325709Z", "fetched_at": "2025-07-16T01:23:25.308702+00:00", "symbol": "ADA-USD"}, {"trade_id": 143792307, "side": "sell", "size": "65.11675100", "price": "0.74950000", "time": "2025-07-16T01:20:01.752182Z", "fetched_at": "2025-07-16T01:23:25.308702+00:00", "symbol": "ADA-USD"}, {"trade_id": 143792306, "side": "sell", "size": "0.97136600", "price": "0.74950000", "time": "2025-07-16T01:20:01.752182Z", "fetched_at": "2025-07-16T01:23:25.308702+00:00", "symbol": "ADA-USD"}, {"trade_id": 143792305, "side": "buy", "size": "0.04396000", "price": "0.74930000", "time": "2025-07-16T01:19:55.328828Z", "fetched_at": "2025-07-16T01:23:25.308702+00:00", "symbol": "ADA-USD"}, {"trade_id": 143792304, "side": "sell", "size": "0.52863400", "price": "0.74950000", "time": "2025-07-16T01:19:51.376149Z", "fetched_at": "2025-07-16T01:23:25.308702+00:00", "symbol": "ADA-USD"}, {"trade_id": 143792303, "side": "sell", "size": "1.50000000", "price": "0.74940000", "time": "2025-07-16T01:19:50.510100Z", "fetched_at": "2025-07-16T01:23:25.308702+00:00", "symbol": "ADA-USD"}, {"trade_id": 143792302, "side": "sell", "size": "1.50000000", "price": "0.74930000", "time": "2025-07-16T01:19:49.285Z", "fetched_at": "2025-07-16T01:23:25.308702+00:00", "symbol": "ADA-USD"}, {"trade_id": 143792301, "side": "sell", "size": "28.17976349", "price": "0.74920000", "time": "2025-07-16T01:19:47.637175Z", "fetched_at": "2025-07-16T01:23:25.308702+00:00", "symbol": "ADA-USD"}, {"trade_id": 143792300, "side": "sell", "size": "1.50000000", "price": "0.74920000", "time": "2025-07-16T01:19:47.637175Z", "fetched_at": "2025-07-16T01:23:25.308702+00:00", "symbol": "ADA-USD"}, {"trade_id": 143792299, "side": "sell", "size": "52.68305069", "price": "0.74910000", "time": "2025-07-16T01:19:47.220196Z", "fetched_at": "2025-07-16T01:23:25.308702+00:00", "symbol": "ADA-USD"}, {"trade_id": 143792298, "side": "sell", "size": "120.89940000", "price": "0.74910000", "time": "2025-07-16T01:19:47.218586Z", "fetched_at": "2025-07-16T01:23:25.308702+00:00", "symbol": "ADA-USD"}, {"trade_id": 143792297, "side": "sell", "size": "1.50000000", "price": "0.74910000", "time": "2025-07-16T01:19:47.218586Z", "fetched_at": "2025-07-16T01:23:25.308702+00:00", "symbol": "ADA-USD"}, {"trade_id": 143792296, "side": "sell", "size": "96.21511800", "price": "0.74900000", "time": "2025-07-16T01:19:45.446880Z", "fetched_at": "2025-07-16T01:23:25.308702+00:00", "symbol": "ADA-USD"}, {"trade_id": 143792295, "side": "sell", "size": "33.31468000", "price": "0.74900000", "time": "2025-07-16T01:19:45.446880Z", "fetched_at": "2025-07-16T01:23:25.308702+00:00", "symbol": "ADA-USD"}, {"trade_id": 143792294, "side": "sell", "size": "243.41800000", "price": "0.74900000", "time": "2025-07-16T01:19:43.244712Z", "fetched_at": "2025-07-16T01:23:25.308702+00:00", "symbol": "ADA-USD"}, {"trade_id": 143792293, "side": "sell", "size": "21.34005300", "price": "0.74910000", "time": "2025-07-16T01:19:39.631011Z", "fetched_at": "2025-07-16T01:23:25.308702+00:00", "symbol": "ADA-USD"}, {"trade_id": 143792292, "side": "sell", "size": "1.50000000", "price": "0.74910000", "time": "2025-07-16T01:19:39.631011Z", "fetched_at": "2025-07-16T01:23:25.308702+00:00", "symbol": "ADA-USD"}, {"trade_id": 143792291, "side": "sell", "size": "6.60969400", "price": "0.74900000", "time": "2025-07-16T01:19:36.664516Z", "fetched_at": "2025-07-16T01:23:25.308702+00:00", "symbol": "ADA-USD"}, {"trade_id": 143792290, "side": "buy", "size": "78.78221400", "price": "0.74890000", "time": "2025-07-16T01:19:36.621753Z", "fetched_at": "2025-07-16T01:23:25.308702+00:00", "symbol": "ADA-USD"}, {"trade_id": 143792289, "side": "sell", "size": "286.45889223", "price": "0.74900000", "time": "2025-07-16T01:19:36.513797Z", "fetched_at": "2025-07-16T01:23:25.308702+00:00", "symbol": "ADA-USD"}, {"trade_id": 143792288, "side": "sell", "size": "734.42359677", "price": "0.74900000", "time": "2025-07-16T01:19:36.513797Z", "fetched_at": "2025-07-16T01:23:25.308702+00:00", "symbol": "ADA-USD"}, {"trade_id": 143792287, "side": "sell", "size": "276.73268000", "price": "0.74900000", "time": "2025-07-16T01:19:36.513797Z", "fetched_at": "2025-07-16T01:23:25.308702+00:00", "symbol": "ADA-USD"}, {"trade_id": 143792286, "side": "sell", "size": "460.22585400", "price": "0.74890000", "time": "2025-07-16T01:19:29.247892Z", "fetched_at": "2025-07-16T01:23:25.308702+00:00", "symbol": "ADA-USD"}, {"trade_id": 143792285, "side": "sell", "size": "20.63215500", "price": "0.74890000", "time": "2025-07-16T01:19:29.019136Z", "fetched_at": "2025-07-16T01:23:25.308702+00:00", "symbol": "ADA-USD"}, {"trade_id": 143792284, "side": "buy", "size": "20.52334671", "price": "0.74890000", "time": "2025-07-16T01:19:28.628966Z", "fetched_at": "2025-07-16T01:23:25.308702+00:00", "symbol": "ADA-USD"}, {"trade_id": 143792283, "side": "buy", "size": "153.05905000", "price": "0.74890000", "time": "2025-07-16T01:19:28.627755Z", "fetched_at": "2025-07-16T01:23:25.308702+00:00", "symbol": "ADA-USD"}, {"trade_id": 143792282, "side": "buy", "size": "9.75584500", "price": "0.74890000", "time": "2025-07-16T01:19:28.355615Z", "fetched_at": "2025-07-16T01:23:25.308702+00:00", "symbol": "ADA-USD"}, {"trade_id": 143792281, "side": "sell", "size": "39.77132400", "price": "0.74900000", "time": "2025-07-16T01:19:26.439942Z", "fetched_at": "2025-07-16T01:23:25.308702+00:00", "symbol": "ADA-USD"}, {"trade_id": 143792280, "side": "sell", "size": "276.73268000", "price": "0.74900000", "time": "2025-07-16T01:19:26.439942Z", "fetched_at": "2025-07-16T01:23:25.308702+00:00", "symbol": "ADA-USD"}, {"trade_id": 143792279, "side": "buy", "size": "17.67949164", "price": "0.74900000", "time": "2025-07-16T01:19:24.427328Z", "fetched_at": "2025-07-16T01:23:25.308702+00:00", "symbol": "ADA-USD"}, {"trade_id": 143792278, "side": "sell", "size": "51.99726301", "price": "0.74910000", "time": "2025-07-16T01:19:20.479665Z", "fetched_at": "2025-07-16T01:23:25.308702+00:00", "symbol": "ADA-USD"}, {"trade_id": 143792277, "side": "sell", "size": "57.49746599", "price": "0.74910000", "time": "2025-07-16T01:19:20.479665Z", "fetched_at": "2025-07-16T01:23:25.308702+00:00", "symbol": "ADA-USD"}, {"trade_id": 143792276, "side": "sell", "size": "17.72130272", "price": "0.74920000", "time": "2025-07-16T01:19:14.952881Z", "fetched_at": "2025-07-16T01:23:25.308702+00:00", "symbol": "ADA-USD"}, {"trade_id": 143792275, "side": "sell", "size": "50.00000000", "price": "0.74940000", "time": "2025-07-16T01:19:12.980208Z", "fetched_at": "2025-07-16T01:23:25.308702+00:00", "symbol": "ADA-USD"}, {"trade_id": 143792274, "side": "buy", "size": "275.69095044", "price": "0.74960000", "time": "2025-07-16T01:19:10.442825Z", "fetched_at": "2025-07-16T01:23:25.308702+00:00", "symbol": "ADA-USD"}, {"trade_id": 143792273, "side": "buy", "size": "4864.30000000", "price": "0.74960000", "time": "2025-07-16T01:19:10.398377Z", "fetched_at": "2025-07-16T01:23:25.308702+00:00", "symbol": "ADA-USD"}, {"trade_id": 143792272, "side": "buy", "size": "2311.16756000", "price": "0.74960000", "time": "2025-07-16T01:19:10.398377Z", "fetched_at": "2025-07-16T01:23:25.308702+00:00", "symbol": "ADA-USD"}, {"trade_id": 143792271, "side": "buy", "size": "2311.94440000", "price": "0.74960000", "time": "2025-07-16T01:19:10.398377Z", "fetched_at": "2025-07-16T01:23:25.308702+00:00", "symbol": "ADA-USD"}, {"trade_id": 143792270, "side": "buy", "size": "275.69095044", "price": "0.74960000", "time": "2025-07-16T01:19:10.398377Z", "fetched_at": "2025-07-16T01:23:25.308702+00:00", "symbol": "ADA-USD"}, {"trade_id": 143792269, "side": "buy", "size": "1703.12512000", "price": "0.74960000", "time": "2025-07-16T01:19:10.398377Z", "fetched_at": "2025-07-16T01:23:25.308702+00:00", "symbol": "ADA-USD"}, {"trade_id": 143792268, "side": "buy", "size": "675.06005835", "price": "0.74960000", "time": "2025-07-16T01:19:10.398377Z", "fetched_at": "2025-07-16T01:23:25.308702+00:00", "symbol": "ADA-USD"}, {"trade_id": 143792267, "side": "buy", "size": "1.79447647", "price": "0.74960000", "time": "2025-07-16T01:19:10.398377Z", "fetched_at": "2025-07-16T01:23:25.308702+00:00", "symbol": "ADA-USD"}, {"trade_id": 143792266, "side": "buy", "size": "23.20552353", "price": "0.74960000", "time": "2025-07-16T01:19:10.398377Z", "fetched_at": "2025-07-16T01:23:25.308702+00:00", "symbol": "ADA-USD"}, {"trade_id": 143792265, "side": "buy", "size": "500.00000000", "price": "0.74960000", "time": "2025-07-16T01:19:10.398377Z", "fetched_at": "2025-07-16T01:23:25.308702+00:00", "symbol": "ADA-USD"}, {"trade_id": 143792264, "side": "buy", "size": "4.03757206", "price": "0.74960000", "time": "2025-07-16T01:19:10.398377Z", "fetched_at": "2025-07-16T01:23:25.308702+00:00", "symbol": "ADA-USD"}, {"trade_id": 143792263, "side": "buy", "size": "770.32810178", "price": "0.74970000", "time": "2025-07-16T01:19:10.398377Z", "fetched_at": "2025-07-16T01:23:25.308702+00:00", "symbol": "ADA-USD"}, {"trade_id": 143792262, "side": "buy", "size": "1211.60775000", "price": "0.74970000", "time": "2025-07-16T01:19:10.398377Z", "fetched_at": "2025-07-16T01:23:25.308702+00:00", "symbol": "ADA-USD"}, {"trade_id": 143792261, "side": "buy", "size": "75.98926813", "price": "0.74970000", "time": "2025-07-16T01:19:10.398377Z", "fetched_at": "2025-07-16T01:23:25.308702+00:00", "symbol": "ADA-USD"}, {"trade_id": 143792260, "side": "buy", "size": "315.44227904", "price": "0.74980000", "time": "2025-07-16T01:19:09.956012Z", "fetched_at": "2025-07-16T01:23:25.308702+00:00", "symbol": "ADA-USD"}, {"trade_id": 143792259, "side": "buy", "size": "681.47962096", "price": "0.74980000", "time": "2025-07-16T01:19:09.954071Z", "fetched_at": "2025-07-16T01:23:25.308702+00:00", "symbol": "ADA-USD"}, {"trade_id": 143792258, "side": "buy", "size": "3.78797904", "price": "0.74980000", "time": "2025-07-16T01:19:09.954071Z", "fetched_at": "2025-07-16T01:23:25.308702+00:00", "symbol": "ADA-USD"}, {"trade_id": 143792257, "side": "buy", "size": "46.21202096", "price": "0.74980000", "time": "2025-07-16T01:19:09.951381Z", "fetched_at": "2025-07-16T01:23:25.308702+00:00", "symbol": "ADA-USD"}, {"trade_id": 143792256, "side": "buy", "size": "21.77817904", "price": "0.74980000", "time": "2025-07-16T01:19:09.951381Z", "fetched_at": "2025-07-16T01:23:25.308702+00:00", "symbol": "ADA-USD"}, {"trade_id": 143792255, "side": "sell", "size": "594.00000000", "price": "0.74980000", "time": "2025-07-16T01:19:09.892267Z", "fetched_at": "2025-07-16T01:23:25.308702+00:00", "symbol": "ADA-USD"}, {"trade_id": 143792254, "side": "sell", "size": "1.50000000", "price": "0.74980000", "time": "2025-07-16T01:19:09.892267Z", "fetched_at": "2025-07-16T01:23:25.308702+00:00", "symbol": "ADA-USD"}, {"trade_id": 143792253, "side": "sell", "size": "275.69095044", "price": "0.74970000", "time": "2025-07-16T01:19:09.886408Z", "fetched_at": "2025-07-16T01:23:25.308702+00:00", "symbol": "ADA-USD"}, {"trade_id": 143792252, "side": "sell", "size": "92.82209411", "price": "0.74970000", "time": "2025-07-16T01:19:09.886408Z", "fetched_at": "2025-07-16T01:23:25.308702+00:00", "symbol": "ADA-USD"}, {"trade_id": 143792251, "side": "sell", "size": "832.39577310", "price": "0.74970000", "time": "2025-07-16T01:19:09.837453Z", "fetched_at": "2025-07-16T01:23:25.308702+00:00", "symbol": "ADA-USD"}, {"trade_id": 143792250, "side": "sell", "size": "256.21424322", "price": "0.74970000", "time": "2025-07-16T01:19:09.837453Z", "fetched_at": "2025-07-16T01:23:25.308702+00:00", "symbol": "ADA-USD"}, {"trade_id": 143792249, "side": "sell", "size": "1702.55705000", "price": "0.74970000", "time": "2025-07-16T01:19:09.837453Z", "fetched_at": "2025-07-16T01:23:25.308702+00:00", "symbol": "ADA-USD"}, {"trade_id": 143792248, "side": "sell", "size": "275.69095044", "price": "0.74970000", "time": "2025-07-16T01:19:09.837453Z", "fetched_at": "2025-07-16T01:23:25.308702+00:00", "symbol": "ADA-USD"}, {"trade_id": 143792247, "side": "sell", "size": "1.50000000", "price": "0.74970000", "time": "2025-07-16T01:19:09.837453Z", "fetched_at": "2025-07-16T01:23:25.308702+00:00", "symbol": "ADA-USD"}, {"trade_id": 143792246, "side": "sell", "size": "594.00000000", "price": "0.74970000", "time": "2025-07-16T01:19:09.837453Z", "fetched_at": "2025-07-16T01:23:25.308702+00:00", "symbol": "ADA-USD"}, {"trade_id": 143792245, "side": "sell", "size": "2313.66184000", "price": "0.74960000", "time": "2025-07-16T01:19:09.829213Z", "fetched_at": "2025-07-16T01:23:25.308702+00:00", "symbol": "ADA-USD"}, {"trade_id": 143792244, "side": "sell", "size": "4803.20000000", "price": "0.74960000", "time": "2025-07-16T01:19:09.829213Z", "fetched_at": "2025-07-16T01:23:25.308702+00:00", "symbol": "ADA-USD"}, {"trade_id": 143792243, "side": "sell", "size": "385.57832662", "price": "0.74960000", "time": "2025-07-16T01:19:09.829213Z", "fetched_at": "2025-07-16T01:23:25.308702+00:00", "symbol": "ADA-USD"}, {"trade_id": 143792242, "side": "sell", "size": "667.02784275", "price": "0.74960000", "time": "2025-07-16T01:19:09.829213Z", "fetched_at": "2025-07-16T01:23:25.308702+00:00", "symbol": "ADA-USD"}, {"trade_id": 143792241, "side": "sell", "size": "1.50000000", "price": "0.74960000", "time": "2025-07-16T01:19:09.829213Z", "fetched_at": "2025-07-16T01:23:25.308702+00:00", "symbol": "ADA-USD"}, {"trade_id": 143792240, "side": "sell", "size": "1703.01145000", "price": "0.74960000", "time": "2025-07-16T01:19:09.829213Z", "fetched_at": "2025-07-16T01:23:25.308702+00:00", "symbol": "ADA-USD"}, {"trade_id": 143792239, "side": "sell", "size": "594.00000000", "price": "0.74960000", "time": "2025-07-16T01:19:09.829213Z", "fetched_at": "2025-07-16T01:23:25.308702+00:00", "symbol": "ADA-USD"}, {"trade_id": 143792238, "side": "sell", "size": "594.00000000", "price": "0.74950000", "time": "2025-07-16T01:19:09.829213Z", "fetched_at": "2025-07-16T01:23:25.308702+00:00", "symbol": "ADA-USD"}, {"trade_id": 143792237, "side": "sell", "size": "38.88436900", "price": "0.74940000", "time": "2025-07-16T01:19:08.191326Z", "fetched_at": "2025-07-16T01:23:25.308702+00:00", "symbol": "ADA-USD"}, {"trade_id": 143792236, "side": "sell", "size": "67.99020000", "price": "0.74940000", "time": "2025-07-16T01:19:08.146564Z", "fetched_at": "2025-07-16T01:23:25.308702+00:00", "symbol": "ADA-USD"}, {"trade_id": 143792235, "side": "buy", "size": "433.83137700", "price": "0.74940000", "time": "2025-07-16T01:19:05.572591Z", "fetched_at": "2025-07-16T01:23:25.308702+00:00", "symbol": "ADA-USD"}, {"trade_id": 143792234, "side": "buy", "size": "500.00000000", "price": "0.74940000", "time": "2025-07-16T01:19:05.572591Z", "fetched_at": "2025-07-16T01:23:25.308702+00:00", "symbol": "ADA-USD"}, {"trade_id": 143792233, "side": "buy", "size": "269.40517500", "price": "0.74950000", "time": "2025-07-16T01:19:02.951270Z", "fetched_at": "2025-07-16T01:23:25.308702+00:00", "symbol": "ADA-USD"}, {"trade_id": 143792232, "side": "sell", "size": "33.00880200", "price": "0.74950000", "time": "2025-07-16T01:19:01.226296Z", "fetched_at": "2025-07-16T01:23:25.308702+00:00", "symbol": "ADA-USD"}, {"trade_id": 143792231, "side": "sell", "size": "0.14401800", "price": "0.74960000", "time": "2025-07-16T01:18:57.449432Z", "fetched_at": "2025-07-16T01:23:25.308702+00:00", "symbol": "ADA-USD"}, {"trade_id": 143792230, "side": "buy", "size": "751.86459301", "price": "0.74970000", "time": "2025-07-16T01:18:56.340371Z", "fetched_at": "2025-07-16T01:23:25.308702+00:00", "symbol": "ADA-USD"}, {"trade_id": 143792229, "side": "buy", "size": "9315.38218620", "price": "0.74970000", "time": "2025-07-16T01:18:56.340371Z", "fetched_at": "2025-07-16T01:23:25.308702+00:00", "symbol": "ADA-USD"}, {"trade_id": 143792228, "side": "sell", "size": "64.80288100", "price": "0.74980000", "time": "2025-07-16T01:18:55.865032Z", "fetched_at": "2025-07-16T01:23:25.308702+00:00", "symbol": "ADA-USD"}, {"trade_id": 143792227, "side": "sell", "size": "52.69431848", "price": "0.74980000", "time": "2025-07-16T01:18:48.172739Z", "fetched_at": "2025-07-16T01:23:25.308702+00:00", "symbol": "ADA-USD"}, {"trade_id": 143792226, "side": "sell", "size": "412.96503400", "price": "0.74980000", "time": "2025-07-16T01:18:48.047784Z", "fetched_at": "2025-07-16T01:23:25.308702+00:00", "symbol": "ADA-USD"}, {"trade_id": 143792225, "side": "sell", "size": "3.16926800", "price": "0.74980000", "time": "2025-07-16T01:18:46.422611Z", "fetched_at": "2025-07-16T01:23:25.308702+00:00", "symbol": "ADA-USD"}, {"trade_id": 143792224, "side": "sell", "size": "644.27030946", "price": "0.74970000", "time": "2025-07-16T01:18:37.827924Z", "fetched_at": "2025-07-16T01:23:25.308702+00:00", "symbol": "ADA-USD"}, {"trade_id": 143792223, "side": "sell", "size": "19.80528100", "price": "0.74970000", "time": "2025-07-16T01:18:36.839055Z", "fetched_at": "2025-07-16T01:23:25.308702+00:00", "symbol": "ADA-USD"}, {"trade_id": 143792222, "side": "sell", "size": "67.99020000", "price": "0.74970000", "time": "2025-07-16T01:18:35.097402Z", "fetched_at": "2025-07-16T01:23:25.308702+00:00", "symbol": "ADA-USD"}, {"trade_id": 143792221, "side": "sell", "size": "7957.00056979", "price": "0.75000000", "time": "2025-07-16T01:18:33.254109Z", "fetched_at": "2025-07-16T01:23:25.308702+00:00", "symbol": "ADA-USD"}, {"trade_id": 143792220, "side": "sell", "size": "796.38562920", "price": "0.75000000", "time": "2025-07-16T01:18:33.254109Z", "fetched_at": "2025-07-16T01:23:25.308702+00:00", "symbol": "ADA-USD"}, {"trade_id": 143792219, "side": "sell", "size": "1702.10304000", "price": "0.75000000", "time": "2025-07-16T01:18:33.254109Z", "fetched_at": "2025-07-16T01:23:25.308702+00:00", "symbol": "ADA-USD"}, {"trade_id": 143792218, "side": "sell", "size": "479.51876275", "price": "0.75000000", "time": "2025-07-16T01:18:33.254109Z", "fetched_at": "2025-07-16T01:23:25.308702+00:00", "symbol": "ADA-USD"}, {"trade_id": 143792217, "side": "sell", "size": "594.00000000", "price": "0.75000000", "time": "2025-07-16T01:18:33.254109Z", "fetched_at": "2025-07-16T01:23:25.308702+00:00", "symbol": "ADA-USD"}, {"trade_id": 143792216, "side": "sell", "size": "1.50000000", "price": "0.75000000", "time": "2025-07-16T01:18:33.254109Z", "fetched_at": "2025-07-16T01:23:25.308702+00:00", "symbol": "ADA-USD"}, {"trade_id": 143792215, "side": "sell", "size": "385.57832662", "price": "0.74990000", "time": "2025-07-16T01:18:33.254109Z", "fetched_at": "2025-07-16T01:23:25.308702+00:00", "symbol": "ADA-USD"}, {"trade_id": 143792214, "side": "sell", "size": "4055.52522478", "price": "0.74990000", "time": "2025-07-16T01:18:33.254109Z", "fetched_at": "2025-07-16T01:23:25.308702+00:00", "symbol": "ADA-USD"}, {"trade_id": 143792213, "side": "sell", "size": "876.66993468", "price": "0.74990000", "time": "2025-07-16T01:18:33.254109Z", "fetched_at": "2025-07-16T01:23:25.308702+00:00", "symbol": "ADA-USD"}, {"trade_id": 143792212, "side": "sell", "size": "275.69095044", "price": "0.74990000", "time": "2025-07-16T01:18:33.254109Z", "fetched_at": "2025-07-16T01:23:25.308702+00:00", "symbol": "ADA-USD"}, {"trade_id": 143792211, "side": "sell", "size": "1702.44364000", "price": "0.74990000", "time": "2025-07-16T01:18:33.254109Z", "fetched_at": "2025-07-16T01:23:25.308702+00:00", "symbol": "ADA-USD"}, {"trade_id": 143792210, "side": "sell", "size": "1.50000000", "price": "0.74990000", "time": "2025-07-16T01:18:33.254109Z", "fetched_at": "2025-07-16T01:23:25.308702+00:00", "symbol": "ADA-USD"}, {"trade_id": 143792209, "side": "sell", "size": "4802.70000000", "price": "0.74990000", "time": "2025-07-16T01:18:33.254109Z", "fetched_at": "2025-07-16T01:23:25.308702+00:00", "symbol": "ADA-USD"}, {"trade_id": 143792208, "side": "sell", "size": "594.00000000", "price": "0.74990000", "time": "2025-07-16T01:18:33.254109Z", "fetched_at": "2025-07-16T01:23:25.308702+00:00", "symbol": "ADA-USD"}, {"trade_id": 143792207, "side": "sell", "size": "1702.44364000", "price": "0.74980000", "time": "2025-07-16T01:18:33.254109Z", "fetched_at": "2025-07-16T01:23:25.308702+00:00", "symbol": "ADA-USD"}, {"trade_id": 143792206, "side": "sell", "size": "2309.78638000", "price": "0.74980000", "time": "2025-07-16T01:18:33.254109Z", "fetched_at": "2025-07-16T01:23:25.308702+00:00", "symbol": "ADA-USD"}, {"trade_id": 143792205, "side": "sell", "size": "594.00000000", "price": "0.74980000", "time": "2025-07-16T01:18:33.254109Z", "fetched_at": "2025-07-16T01:23:25.308702+00:00", "symbol": "ADA-USD"}, {"trade_id": 143792204, "side": "sell", "size": "564.43181884", "price": "0.74980000", "time": "2025-07-16T01:18:33.254109Z", "fetched_at": "2025-07-16T01:23:25.308702+00:00", "symbol": "ADA-USD"}, {"trade_id": 143792203, "side": "sell", "size": "50.00000000", "price": "0.74970000", "time": "2025-07-16T01:18:33.254109Z", "fetched_at": "2025-07-16T01:23:25.308702+00:00", "symbol": "ADA-USD"}, {"trade_id": 143792202, "side": "sell", "size": "651.09217733", "price": "0.74970000", "time": "2025-07-16T01:18:33.254109Z", "fetched_at": "2025-07-16T01:23:25.308702+00:00", "symbol": "ADA-USD"}, {"trade_id": 143792201, "side": "sell", "size": "129.58847800", "price": "0.74980000", "time": "2025-07-16T01:18:30.451842Z", "fetched_at": "2025-07-16T01:23:25.308702+00:00", "symbol": "ADA-USD"}, {"trade_id": 143792200, "side": "buy", "size": "49.99994072", "price": "0.74990000", "time": "2025-07-16T01:18:28.027307Z", "fetched_at": "2025-07-16T01:23:25.308702+00:00", "symbol": "ADA-USD"}, {"trade_id": 143792199, "side": "buy", "size": "6.62575928", "price": "0.74990000", "time": "2025-07-16T01:18:28.027307Z", "fetched_at": "2025-07-16T01:23:25.308702+00:00", "symbol": "ADA-USD"}, {"trade_id": 143792198, "side": "sell", "size": "594.00000000", "price": "0.74990000", "time": "2025-07-16T01:18:27.995558Z", "fetched_at": "2025-07-16T01:23:25.308702+00:00", "symbol": "ADA-USD"}, {"trade_id": 143792197, "side": "sell", "size": "1.50000000", "price": "0.74990000", "time": "2025-07-16T01:18:27.977543Z", "fetched_at": "2025-07-16T01:23:25.308702+00:00", "symbol": "ADA-USD"}, {"trade_id": 143792196, "side": "sell", "size": "632.38274233", "price": "0.74980000", "time": "2025-07-16T01:18:26.487773Z", "fetched_at": "2025-07-16T01:23:25.308702+00:00", "symbol": "ADA-USD"}, {"trade_id": 143792195, "side": "buy", "size": "4808.40000000", "price": "0.74970000", "time": "2025-07-16T01:18:23.794812Z", "fetched_at": "2025-07-16T01:23:25.308702+00:00", "symbol": "ADA-USD"}, {"trade_id": 143792194, "side": "buy", "size": "989.94304435", "price": "0.74970000", "time": "2025-07-16T01:18:23.794812Z", "fetched_at": "2025-07-16T01:23:25.308702+00:00", "symbol": "ADA-USD"}, {"trade_id": 143792193, "side": "buy", "size": "876.66993468", "price": "0.74970000", "time": "2025-07-16T01:18:23.794812Z", "fetched_at": "2025-07-16T01:23:25.308702+00:00", "symbol": "ADA-USD"}, {"trade_id": 143792192, "side": "buy", "size": "740.57866759", "price": "0.74990000", "time": "2025-07-16T01:18:20.543488Z", "fetched_at": "2025-07-16T01:23:25.308702+00:00", "symbol": "ADA-USD"}, {"trade_id": 143792191, "side": "buy", "size": "50.00000000", "price": "0.74990000", "time": "2025-07-16T01:18:20.543488Z", "fetched_at": "2025-07-16T01:23:25.308702+00:00", "symbol": "ADA-USD"}, {"trade_id": 143792190, "side": "buy", "size": "7.39619641", "price": "0.74990000", "time": "2025-07-16T01:18:20.543488Z", "fetched_at": "2025-07-16T01:23:25.308702+00:00", "symbol": "ADA-USD"}, {"trade_id": 143792189, "side": "buy", "size": "275.70034000", "price": "0.74990000", "time": "2025-07-16T01:18:20.543488Z", "fetched_at": "2025-07-16T01:23:25.308702+00:00", "symbol": "ADA-USD"}, {"trade_id": 143792188, "side": "buy", "size": "260.36962000", "price": "0.74990000", "time": "2025-07-16T01:18:20.543488Z", "fetched_at": "2025-07-16T01:23:25.308702+00:00", "symbol": "ADA-USD"}, {"trade_id": 143792187, "side": "sell", "size": "1.50000000", "price": "0.74990000", "time": "2025-07-16T01:18:19.106077Z", "fetched_at": "2025-07-16T01:23:25.308702+00:00", "symbol": "ADA-USD"}, {"trade_id": 143792186, "side": "buy", "size": "10.41267579", "price": "0.74980000", "time": "2025-07-16T01:18:17.605872Z", "fetched_at": "2025-07-16T01:23:25.308702+00:00", "symbol": "ADA-USD"}, {"trade_id": 143792185, "side": "buy", "size": "9.86159521", "price": "0.74980000", "time": "2025-07-16T01:18:17.605872Z", "fetched_at": "2025-07-16T01:23:25.308702+00:00", "symbol": "ADA-USD"}, {"trade_id": 143792184, "side": "sell", "size": "1.50000000", "price": "0.74980000", "time": "2025-07-16T01:18:16.388947Z", "fetched_at": "2025-07-16T01:23:25.308702+00:00", "symbol": "ADA-USD"}, {"trade_id": 143792183, "side": "sell", "size": "1.50000000", "price": "0.74970000", "time": "2025-07-16T01:18:16.277541Z", "fetched_at": "2025-07-16T01:23:25.308702+00:00", "symbol": "ADA-USD"}, {"trade_id": 143792182, "side": "sell", "size": "25.35424100", "price": "0.74960000", "time": "2025-07-16T01:18:11.598993Z", "fetched_at": "2025-07-16T01:23:25.308702+00:00", "symbol": "ADA-USD"}, {"trade_id": 143792181, "side": "sell", "size": "1.50000000", "price": "0.74960000", "time": "2025-07-16T01:18:11.598993Z", "fetched_at": "2025-07-16T01:23:25.308702+00:00", "symbol": "ADA-USD"}, {"trade_id": 143792180, "side": "sell", "size": "1.50000000", "price": "0.74950000", "time": "2025-07-16T01:18:11.598993Z", "fetched_at": "2025-07-16T01:23:25.308702+00:00", "symbol": "ADA-USD"}, {"trade_id": 143792179, "side": "sell", "size": "12.66079300", "price": "0.74940000", "time": "2025-07-16T01:18:09.338586Z", "fetched_at": "2025-07-16T01:23:25.308702+00:00", "symbol": "ADA-USD"}, {"trade_id": 143792178, "side": "sell", "size": "683.18355456", "price": "0.74930000", "time": "2025-07-16T01:18:04.546591Z", "fetched_at": "2025-07-16T01:23:25.308702+00:00", "symbol": "ADA-USD"}, {"trade_id": 143792177, "side": "buy", "size": "3.28719840", "price": "0.74930000", "time": "2025-07-16T01:18:03.089645Z", "fetched_at": "2025-07-16T01:23:25.308702+00:00", "symbol": "ADA-USD"}, {"trade_id": 143792176, "side": "buy", "size": "4805.60000000", "price": "0.74930000", "time": "2025-07-16T01:18:03.089645Z", "fetched_at": "2025-07-16T01:23:25.308702+00:00", "symbol": "ADA-USD"}, {"trade_id": 143792175, "side": "buy", "size": "14.24452641", "price": "0.74930000", "time": "2025-07-16T01:18:03.089645Z", "fetched_at": "2025-07-16T01:23:25.308702+00:00", "symbol": "ADA-USD"}, {"trade_id": 143792174, "side": "sell", "size": "2.36196679", "price": "0.74940000", "time": "2025-07-16T01:18:02.661284Z", "fetched_at": "2025-07-16T01:23:25.308702+00:00", "symbol": "ADA-USD"}, {"trade_id": 143792173, "side": "sell", "size": "50.00000000", "price": "0.74940000", "time": "2025-07-16T01:18:02.661284Z", "fetched_at": "2025-07-16T01:23:25.308702+00:00", "symbol": "ADA-USD"}, {"trade_id": 143792172, "side": "sell", "size": "594.00000000", "price": "0.74940000", "time": "2025-07-16T01:18:02.661284Z", "fetched_at": "2025-07-16T01:23:25.308702+00:00", "symbol": "ADA-USD"}, {"trade_id": 143792171, "side": "sell", "size": "1.38288221", "price": "0.74940000", "time": "2025-07-16T01:18:02.661284Z", "fetched_at": "2025-07-16T01:23:25.308702+00:00", "symbol": "ADA-USD"}, {"trade_id": 143792170, "side": "sell", "size": "1.50000000", "price": "0.74940000", "time": "2025-07-16T01:18:00.480142Z", "fetched_at": "2025-07-16T01:23:25.308702+00:00", "symbol": "ADA-USD"}, {"trade_id": 143792169, "side": "buy", "size": "0.84101600", "price": "0.74930000", "time": "2025-07-16T01:18:00.456090Z", "fetched_at": "2025-07-16T01:23:25.308702+00:00", "symbol": "ADA-USD"}, {"trade_id": 143792168, "side": "sell", "size": "1837.65532491", "price": "0.74930000", "time": "2025-07-16T01:18:00.388408Z", "fetched_at": "2025-07-16T01:23:25.308702+00:00", "symbol": "ADA-USD"}, {"trade_id": 143792167, "side": "sell", "size": "2891.88916921", "price": "0.74930000", "time": "2025-07-16T01:18:00.387451Z", "fetched_at": "2025-07-16T01:23:25.308702+00:00", "symbol": "ADA-USD"}, {"trade_id": 143792166, "side": "sell", "size": "527.96848104", "price": "0.74930000", "time": "2025-07-16T01:18:00.385263Z", "fetched_at": "2025-07-16T01:23:25.308702+00:00", "symbol": "ADA-USD"}, {"trade_id": 143792165, "side": "sell", "size": "500.00000000", "price": "0.74930000", "time": "2025-07-16T01:18:00.385263Z", "fetched_at": "2025-07-16T01:23:25.308702+00:00", "symbol": "ADA-USD"}, {"trade_id": 143792164, "side": "sell", "size": "275.69095044", "price": "0.74930000", "time": "2025-07-16T01:18:00.385263Z", "fetched_at": "2025-07-16T01:23:25.308702+00:00", "symbol": "ADA-USD"}, {"trade_id": 143792163, "side": "sell", "size": "272.85539990", "price": "0.74930000", "time": "2025-07-16T01:18:00.385263Z", "fetched_at": "2025-07-16T01:23:25.308702+00:00", "symbol": "ADA-USD"}, {"trade_id": 143792162, "side": "sell", "size": "377.20293511", "price": "0.74930000", "time": "2025-07-16T01:18:00.383799Z", "fetched_at": "2025-07-16T01:23:25.308702+00:00", "symbol": "ADA-USD"}, {"trade_id": 143792161, "side": "sell", "size": "143.96525975", "price": "0.74930000", "time": "2025-07-16T01:18:00.377916Z", "fetched_at": "2025-07-16T01:23:25.308702+00:00", "symbol": "ADA-USD"}, {"trade_id": 143792160, "side": "sell", "size": "3415.28294851", "price": "0.74930000", "time": "2025-07-16T01:18:00.377916Z", "fetched_at": "2025-07-16T01:23:25.308702+00:00", "symbol": "ADA-USD"}, {"trade_id": 143792159, "side": "sell", "size": "1389.61705149", "price": "0.74930000", "time": "2025-07-16T01:18:00.369403Z", "fetched_at": "2025-07-16T01:23:25.308702+00:00", "symbol": "ADA-USD"}, {"trade_id": 143792158, "side": "sell", "size": "275.69095044", "price": "0.74930000", "time": "2025-07-16T01:18:00.369403Z", "fetched_at": "2025-07-16T01:23:25.308702+00:00", "symbol": "ADA-USD"}, {"trade_id": 143792157, "side": "sell", "size": "137.06522676", "price": "0.74920000", "time": "2025-07-16T01:18:00.363431Z", "fetched_at": "2025-07-16T01:23:25.308702+00:00", "symbol": "ADA-USD"}, {"trade_id": 143792156, "side": "sell", "size": "981.50000000", "price": "0.74920000", "time": "2025-07-16T01:18:00.363431Z", "fetched_at": "2025-07-16T01:23:25.308702+00:00", "symbol": "ADA-USD"}, {"trade_id": 143792155, "side": "sell", "size": "11.29445168", "price": "0.74920000", "time": "2025-07-16T01:18:00.084764Z", "fetched_at": "2025-07-16T01:23:25.308702+00:00", "symbol": "ADA-USD"}, {"trade_id": 143792154, "side": "sell", "size": "118.43242032", "price": "0.74910000", "time": "2025-07-16T01:18:00.084764Z", "fetched_at": "2025-07-16T01:23:25.308702+00:00", "symbol": "ADA-USD"}, {"trade_id": 143792153, "side": "sell", "size": "335.95555187", "price": "0.74890000", "time": "2025-07-16T01:17:53.122947Z", "fetched_at": "2025-07-16T01:23:25.308702+00:00", "symbol": "ADA-USD"}, {"trade_id": 143792152, "side": "sell", "size": "6.32786200", "price": "0.74880000", "time": "2025-07-16T01:17:52.569431Z", "fetched_at": "2025-07-16T01:23:25.308702+00:00", "symbol": "ADA-USD"}, {"trade_id": 143792151, "side": "buy", "size": "49.19681302", "price": "0.74880000", "time": "2025-07-16T01:17:52.454032Z", "fetched_at": "2025-07-16T01:23:25.308702+00:00", "symbol": "ADA-USD"}, {"trade_id": 143792150, "side": "buy", "size": "1.50000000", "price": "0.74880000", "time": "2025-07-16T01:17:52.454032Z", "fetched_at": "2025-07-16T01:23:25.308702+00:00", "symbol": "ADA-USD"}, {"trade_id": 143792149, "side": "buy", "size": "49.30295642", "price": "0.74890000", "time": "2025-07-16T01:17:52.426828Z", "fetched_at": "2025-07-16T01:23:25.308702+00:00", "symbol": "ADA-USD"}, {"trade_id": 143792148, "side": "buy", "size": "1.50000000", "price": "0.74890000", "time": "2025-07-16T01:17:52.426828Z", "fetched_at": "2025-07-16T01:23:25.308702+00:00", "symbol": "ADA-USD"}, {"trade_id": 143792147, "side": "buy", "size": "1.50000000", "price": "0.74900000", "time": "2025-07-16T01:17:51.691911Z", "fetched_at": "2025-07-16T01:23:25.308702+00:00", "symbol": "ADA-USD"}, {"trade_id": 143792146, "side": "sell", "size": "17.82391800", "price": "0.74910000", "time": "2025-07-16T01:17:50.873827Z", "fetched_at": "2025-07-16T01:23:25.308702+00:00", "symbol": "ADA-USD"}, {"trade_id": 143792145, "side": "buy", "size": "667.46762782", "price": "0.74910000", "time": "2025-07-16T01:17:50.542850Z", "fetched_at": "2025-07-16T01:23:25.308702+00:00", "symbol": "ADA-USD"}, {"trade_id": 143792144, "side": "buy", "size": "1.50000000", "price": "0.74910000", "time": "2025-07-16T01:17:50.542850Z", "fetched_at": "2025-07-16T01:23:25.308702+00:00", "symbol": "ADA-USD"}, {"trade_id": 143792143, "side": "sell", "size": "2.97198100", "price": "0.74920000", "time": "2025-07-16T01:17:49.962628Z", "fetched_at": "2025-07-16T01:23:25.308702+00:00", "symbol": "ADA-USD"}, {"trade_id": 143792142, "side": "buy", "size": "56.82999000", "price": "0.74920000", "time": "2025-07-16T01:17:45.870358Z", "fetched_at": "2025-07-16T01:23:25.308702+00:00", "symbol": "ADA-USD"}, {"trade_id": 143792141, "side": "buy", "size": "1.50000000", "price": "0.74920000", "time": "2025-07-16T01:17:45.870358Z", "fetched_at": "2025-07-16T01:23:25.308702+00:00", "symbol": "ADA-USD"}, {"trade_id": 143792140, "side": "buy", "size": "9.66021154", "price": "0.74930000", "time": "2025-07-16T01:17:45.870170Z", "fetched_at": "2025-07-16T01:23:25.308702+00:00", "symbol": "ADA-USD"}, {"trade_id": 143792139, "side": "buy", "size": "11.96846200", "price": "0.74930000", "time": "2025-07-16T01:17:41.858830Z", "fetched_at": "2025-07-16T01:23:25.308702+00:00", "symbol": "ADA-USD"}, {"trade_id": 143792138, "side": "buy", "size": "1.50000000", "price": "0.74930000", "time": "2025-07-16T01:17:41.858830Z", "fetched_at": "2025-07-16T01:23:25.308702+00:00", "symbol": "ADA-USD"}, {"trade_id": 143792137, "side": "buy", "size": "7.55985354", "price": "0.74940000", "time": "2025-07-16T01:17:40.791002Z", "fetched_at": "2025-07-16T01:23:25.308702+00:00", "symbol": "ADA-USD"}, {"trade_id": 143792136, "side": "buy", "size": "1.50000000", "price": "0.74940000", "time": "2025-07-16T01:17:40.791002Z", "fetched_at": "2025-07-16T01:23:25.308702+00:00", "symbol": "ADA-USD"}, {"trade_id": 143792135, "side": "buy", "size": "4.74254188", "price": "0.74950000", "time": "2025-07-16T01:17:39.360347Z", "fetched_at": "2025-07-16T01:23:25.308702+00:00", "symbol": "ADA-USD"}, {"trade_id": 143792134, "side": "buy", "size": "4.97139859", "price": "0.74950000", "time": "2025-07-16T01:17:39.194149Z", "fetched_at": "2025-07-16T01:23:25.308702+00:00", "symbol": "ADA-USD"}, {"trade_id": 143792133, "side": "buy", "size": "1.50000000", "price": "0.74950000", "time": "2025-07-16T01:17:39.194149Z", "fetched_at": "2025-07-16T01:23:25.308702+00:00", "symbol": "ADA-USD"}, {"trade_id": 143792132, "side": "buy", "size": "21.99271209", "price": "0.74960000", "time": "2025-07-16T01:17:37.848128Z", "fetched_at": "2025-07-16T01:23:25.308702+00:00", "symbol": "ADA-USD"}, {"trade_id": 143792131, "side": "buy", "size": "21.99271209", "price": "0.74960000", "time": "2025-07-16T01:17:37.837473Z", "fetched_at": "2025-07-16T01:23:25.308702+00:00", "symbol": "ADA-USD"}, {"trade_id": 143792130, "side": "buy", "size": "21.99271209", "price": "0.74960000", "time": "2025-07-16T01:17:37.822119Z", "fetched_at": "2025-07-16T01:23:25.308702+00:00", "symbol": "ADA-USD"}, {"trade_id": 143792129, "side": "buy", "size": "21.99271209", "price": "0.74960000", "time": "2025-07-16T01:17:37.811355Z", "fetched_at": "2025-07-16T01:23:25.308702+00:00", "symbol": "ADA-USD"}, {"trade_id": 143792128, "side": "buy", "size": "22.09493568", "price": "0.74960000", "time": "2025-07-16T01:17:37.774690Z", "fetched_at": "2025-07-16T01:23:25.308702+00:00", "symbol": "ADA-USD"}, {"trade_id": 143792127, "side": "buy", "size": "1.50000000", "price": "0.74960000", "time": "2025-07-16T01:17:37.774690Z", "fetched_at": "2025-07-16T01:23:25.308702+00:00", "symbol": "ADA-USD"}, {"trade_id": 143792126, "side": "buy", "size": "22.09198851", "price": "0.74970000", "time": "2025-07-16T01:17:37.566176Z", "fetched_at": "2025-07-16T01:23:25.308702+00:00", "symbol": "ADA-USD"}, {"trade_id": 143792125, "side": "buy", "size": "1.50000000", "price": "0.74970000", "time": "2025-07-16T01:17:37.566176Z", "fetched_at": "2025-07-16T01:23:25.308702+00:00", "symbol": "ADA-USD"}, {"trade_id": 143792124, "side": "buy", "size": "4805.30000000", "price": "0.74970000", "time": "2025-07-16T01:17:37.566176Z", "fetched_at": "2025-07-16T01:23:25.308702+00:00", "symbol": "ADA-USD"}, {"trade_id": 143792123, "side": "buy", "size": "335.95555186", "price": "0.74970000", "time": "2025-07-16T01:17:37.566176Z", "fetched_at": "2025-07-16T01:23:25.308702+00:00", "symbol": "ADA-USD"}, {"trade_id": 143792122, "side": "buy", "size": "90.12518301", "price": "0.74980000", "time": "2025-07-16T01:17:37.100744Z", "fetched_at": "2025-07-16T01:23:25.308702+00:00", "symbol": "ADA-USD"}, {"trade_id": 143792121, "side": "sell", "size": "24.00000000", "price": "0.74990000", "time": "2025-07-16T01:17:33.758895Z", "fetched_at": "2025-07-16T01:23:25.308702+00:00", "symbol": "ADA-USD"}, {"trade_id": 143792120, "side": "sell", "size": "140.13544033", "price": "0.75000000", "time": "2025-07-16T01:17:31.679896Z", "fetched_at": "2025-07-16T01:23:25.308702+00:00", "symbol": "ADA-USD"}, {"trade_id": 143792119, "side": "sell", "size": "1.50000000", "price": "0.75000000", "time": "2025-07-16T01:17:31.679896Z", "fetched_at": "2025-07-16T01:23:25.308702+00:00", "symbol": "ADA-USD"}, {"trade_id": 143792118, "side": "sell", "size": "4.91810300", "price": "0.74990000", "time": "2025-07-16T01:17:21.396243Z", "fetched_at": "2025-07-16T01:23:25.308702+00:00", "symbol": "ADA-USD"}, {"trade_id": 143792117, "side": "sell", "size": "66.26410600", "price": "0.74990000", "time": "2025-07-16T01:17:19.237616Z", "fetched_at": "2025-07-16T01:23:25.308702+00:00", "symbol": "ADA-USD"}, {"trade_id": 143792116, "side": "sell", "size": "594.00000000", "price": "0.74990000", "time": "2025-07-16T01:17:19.237616Z", "fetched_at": "2025-07-16T01:23:25.308702+00:00", "symbol": "ADA-USD"}, {"trade_id": 143792115, "side": "buy", "size": "147.65408597", "price": "0.74990000", "time": "2025-07-16T01:17:18.457273Z", "fetched_at": "2025-07-16T01:23:25.308702+00:00", "symbol": "ADA-USD"}, {"trade_id": 143792114, "side": "buy", "size": "31.16751078", "price": "0.74990000", "time": "2025-07-16T01:17:18.457273Z", "fetched_at": "2025-07-16T01:23:25.308702+00:00", "symbol": "ADA-USD"}, {"trade_id": 143792113, "side": "buy", "size": "44.61456691", "price": "0.75000000", "time": "2025-07-16T01:17:18.171654Z", "fetched_at": "2025-07-16T01:23:25.308702+00:00", "symbol": "ADA-USD"}, {"trade_id": 143792112, "side": "buy", "size": "23.37563309", "price": "0.75000000", "time": "2025-07-16T01:17:18.171654Z", "fetched_at": "2025-07-16T01:23:25.308702+00:00", "symbol": "ADA-USD"}, {"trade_id": 143792111, "side": "sell", "size": "1.50000000", "price": "0.75000000", "time": "2025-07-16T01:17:18.163156Z", "fetched_at": "2025-07-16T01:23:25.308702+00:00", "symbol": "ADA-USD"}, {"trade_id": 143792110, "side": "sell", "size": "594.00000000", "price": "0.75000000", "time": "2025-07-16T01:17:18.163156Z", "fetched_at": "2025-07-16T01:23:25.308702+00:00", "symbol": "ADA-USD"}, {"trade_id": 143792109, "side": "sell", "size": "0.00000709", "price": "0.74990000", "time": "2025-07-16T01:17:18.159844Z", "fetched_at": "2025-07-16T01:23:25.308702+00:00", "symbol": "ADA-USD"}, {"trade_id": 143792108, "side": "sell", "size": "9.59368000", "price": "0.74990000", "time": "2025-07-16T01:17:18.158703Z", "fetched_at": "2025-07-16T01:23:25.308702+00:00", "symbol": "ADA-USD"}, {"trade_id": 143792107, "side": "sell", "size": "1.50000000", "price": "0.74990000", "time": "2025-07-16T01:17:18.158703Z", "fetched_at": "2025-07-16T01:23:25.308702+00:00", "symbol": "ADA-USD"}, {"trade_id": 143792106, "side": "sell", "size": "594.00000000", "price": "0.74990000", "time": "2025-07-16T01:17:18.158703Z", "fetched_at": "2025-07-16T01:23:25.308702+00:00", "symbol": "ADA-USD"}, {"trade_id": 143792105, "side": "sell", "size": "594.00000000", "price": "0.74980000", "time": "2025-07-16T01:17:18.007631Z", "fetched_at": "2025-07-16T01:23:25.308702+00:00", "symbol": "ADA-USD"}, {"trade_id": 143792104, "side": "sell", "size": "1.50000000", "price": "0.74980000", "time": "2025-07-16T01:17:18.005299Z", "fetched_at": "2025-07-16T01:23:25.308702+00:00", "symbol": "ADA-USD"}, {"trade_id": 143792103, "side": "sell", "size": "312.16364701", "price": "0.74980000", "time": "2025-07-16T01:17:18.005299Z", "fetched_at": "2025-07-16T01:23:25.308702+00:00", "symbol": "ADA-USD"}, {"trade_id": 143792102, "side": "sell", "size": "2.58823500", "price": "0.74980000", "time": "2025-07-16T01:17:16.127601Z", "fetched_at": "2025-07-16T01:23:25.308702+00:00", "symbol": "ADA-USD"}, {"trade_id": 143792101, "side": "buy", "size": "41.55668104", "price": "0.74970000", "time": "2025-07-16T01:17:12.268095Z", "fetched_at": "2025-07-16T01:23:25.308702+00:00", "symbol": "ADA-USD"}, {"trade_id": 143792100, "side": "sell", "size": "385.57832662", "price": "0.74970000", "time": "2025-07-16T01:17:12.259594Z", "fetched_at": "2025-07-16T01:23:25.308702+00:00", "symbol": "ADA-USD"}, {"trade_id": 143792099, "side": "sell", "size": "10653.03708000", "price": "0.74970000", "time": "2025-07-16T01:17:12.259594Z", "fetched_at": "2025-07-16T01:23:25.308702+00:00", "symbol": "ADA-USD"}, {"trade_id": 143792098, "side": "sell", "size": "666.94566338", "price": "0.74970000", "time": "2025-07-16T01:17:12.259594Z", "fetched_at": "2025-07-16T01:23:25.308702+00:00", "symbol": "ADA-USD"}, {"trade_id": 143792097, "side": "sell", "size": "163.78551801", "price": "0.74970000", "time": "2025-07-16T01:17:12.259594Z", "fetched_at": "2025-07-16T01:23:25.308702+00:00", "symbol": "ADA-USD"}, {"trade_id": 143792096, "side": "sell", "size": "275.69095044", "price": "0.74970000", "time": "2025-07-16T01:17:12.259594Z", "fetched_at": "2025-07-16T01:23:25.308702+00:00", "symbol": "ADA-USD"}, {"trade_id": 143792095, "side": "sell", "size": "399.48999200", "price": "0.74970000", "time": "2025-07-16T01:17:12.259594Z", "fetched_at": "2025-07-16T01:23:25.308702+00:00", "symbol": "ADA-USD"}, {"trade_id": 143792094, "side": "buy", "size": "131.83333300", "price": "0.74950000", "time": "2025-07-16T01:17:10.071771Z", "fetched_at": "2025-07-16T01:23:25.308702+00:00", "symbol": "ADA-USD"}, {"trade_id": 143792093, "side": "buy", "size": "1.50000000", "price": "0.74950000", "time": "2025-07-16T01:17:10.071771Z", "fetched_at": "2025-07-16T01:23:25.308702+00:00", "symbol": "ADA-USD"}, {"trade_id": 143792092, "side": "sell", "size": "126.51980800", "price": "0.74970000", "time": "2025-07-16T01:17:09.336734Z", "fetched_at": "2025-07-16T01:23:25.308702+00:00", "symbol": "ADA-USD"}, {"trade_id": 143792091, "side": "buy", "size": "67.99020000", "price": "0.74960000", "time": "2025-07-16T01:17:06.254351Z", "fetched_at": "2025-07-16T01:23:25.308702+00:00", "symbol": "ADA-USD"}, {"trade_id": 143792090, "side": "buy", "size": "81.25463275", "price": "0.74960000", "time": "2025-07-16T01:17:03.379693Z", "fetched_at": "2025-07-16T01:23:25.308702+00:00", "symbol": "ADA-USD"}, {"trade_id": 143792089, "side": "buy", "size": "1.50000000", "price": "0.74960000", "time": "2025-07-16T01:17:03.379693Z", "fetched_at": "2025-07-16T01:23:25.308702+00:00", "symbol": "ADA-USD"}, {"trade_id": 143792088, "side": "sell", "size": "67.99020000", "price": "0.74970000", "time": "2025-07-16T01:17:03.304252Z", "fetched_at": "2025-07-16T01:23:25.308702+00:00", "symbol": "ADA-USD"}, {"trade_id": 143792087, "side": "buy", "size": "92.35580143", "price": "0.74970000", "time": "2025-07-16T01:17:02.728222Z", "fetched_at": "2025-07-16T01:23:25.308702+00:00", "symbol": "ADA-USD"}, {"trade_id": 143792086, "side": "buy", "size": "1.50000000", "price": "0.74970000", "time": "2025-07-16T01:17:02.728222Z", "fetched_at": "2025-07-16T01:23:25.308702+00:00", "symbol": "ADA-USD"}, {"trade_id": 143792085, "side": "buy", "size": "796.35954597", "price": "0.74970000", "time": "2025-07-16T01:17:02.717291Z", "fetched_at": "2025-07-16T01:23:25.308702+00:00", "symbol": "ADA-USD"}, {"trade_id": 143792084, "side": "buy", "size": "0.00000002", "price": "0.74980000", "time": "2025-07-16T01:17:02.445986Z", "fetched_at": "2025-07-16T01:23:25.308702+00:00", "symbol": "ADA-USD"}, {"trade_id": 143792083, "side": "buy", "size": "467.99160000", "price": "0.74980000", "time": "2025-07-16T01:17:02.442804Z", "fetched_at": "2025-07-16T01:23:25.308702+00:00", "symbol": "ADA-USD"}, {"trade_id": 143792082, "side": "buy", "size": "312.16364702", "price": "0.74990000", "time": "2025-07-16T01:17:00.254946Z", "fetched_at": "2025-07-16T01:23:25.308702+00:00", "symbol": "ADA-USD"}, {"trade_id": 143792081, "side": "buy", "size": "100.00000000", "price": "0.75000000", "time": "2025-07-16T01:16:58.602824Z", "fetched_at": "2025-07-16T01:23:25.308702+00:00", "symbol": "ADA-USD"}, {"trade_id": 143792080, "side": "sell", "size": "158.17028900", "price": "0.75000000", "time": "2025-07-16T01:16:57.744374Z", "fetched_at": "2025-07-16T01:23:25.308702+00:00", "symbol": "ADA-USD"}, {"trade_id": 143792079, "side": "buy", "size": "183.11372994", "price": "0.74980000", "time": "2025-07-16T01:16:54.492107Z", "fetched_at": "2025-07-16T01:23:25.308702+00:00", "symbol": "ADA-USD"}, {"trade_id": 143792078, "side": "buy", "size": "55.40890806", "price": "0.74980000", "time": "2025-07-16T01:16:54.492107Z", "fetched_at": "2025-07-16T01:23:25.308702+00:00", "symbol": "ADA-USD"}, {"trade_id": 143792077, "side": "sell", "size": "67.01073333", "price": "0.75000000", "time": "2025-07-16T01:16:53.989078Z", "fetched_at": "2025-07-16T01:23:25.308702+00:00", "symbol": "ADA-USD"}, {"trade_id": 143792076, "side": "sell", "size": "1.50000000", "price": "0.75000000", "time": "2025-07-16T01:16:53.989078Z", "fetched_at": "2025-07-16T01:23:25.308702+00:00", "symbol": "ADA-USD"}, {"trade_id": 143792075, "side": "sell", "size": "594.00000000", "price": "0.75000000", "time": "2025-07-16T01:16:53.989078Z", "fetched_at": "2025-07-16T01:23:25.308702+00:00", "symbol": "ADA-USD"}, {"trade_id": 143792074, "side": "sell", "size": "1.50000000", "price": "0.74990000", "time": "2025-07-16T01:16:53.989078Z", "fetched_at": "2025-07-16T01:23:25.308702+00:00", "symbol": "ADA-USD"}, {"trade_id": 143792073, "side": "sell", "size": "125.05356900", "price": "0.74980000", "time": "2025-07-16T01:16:48.366198Z", "fetched_at": "2025-07-16T01:23:25.308702+00:00", "symbol": "ADA-USD"}, {"trade_id": 143792072, "side": "sell", "size": "1.50000000", "price": "0.74980000", "time": "2025-07-16T01:16:48.366198Z", "fetched_at": "2025-07-16T01:23:25.308702+00:00", "symbol": "ADA-USD"}, {"trade_id": 143792071, "side": "sell", "size": "1.50000000", "price": "0.74970000", "time": "2025-07-16T01:16:47.611572Z", "fetched_at": "2025-07-16T01:23:25.308702+00:00", "symbol": "ADA-USD"}, {"trade_id": 143792070, "side": "sell", "size": "61.77862300", "price": "0.74970000", "time": "2025-07-16T01:16:46.744837Z", "fetched_at": "2025-07-16T01:23:25.308702+00:00", "symbol": "ADA-USD"}, {"trade_id": 143792069, "side": "sell", "size": "1.50000000", "price": "0.74960000", "time": "2025-07-16T01:16:46.744837Z", "fetched_at": "2025-07-16T01:23:25.308702+00:00", "symbol": "ADA-USD"}, {"trade_id": 143792068, "side": "sell", "size": "1.50000000", "price": "0.74950000", "time": "2025-07-16T01:16:42.525940Z", "fetched_at": "2025-07-16T01:23:25.308702+00:00", "symbol": "ADA-USD"}, {"trade_id": 143792067, "side": "buy", "size": "125.00000000", "price": "0.74940000", "time": "2025-07-16T01:16:42.120694Z", "fetched_at": "2025-07-16T01:23:25.308702+00:00", "symbol": "ADA-USD"}, {"trade_id": 143792066, "side": "buy", "size": "112.31614477", "price": "0.74930000", "time": "2025-07-16T01:16:34.061780Z", "fetched_at": "2025-07-16T01:23:25.308702+00:00", "symbol": "ADA-USD"}, {"trade_id": 143792065, "side": "buy", "size": "36.93478523", "price": "0.74930000", "time": "2025-07-16T01:16:34.061780Z", "fetched_at": "2025-07-16T01:23:25.308702+00:00", "symbol": "ADA-USD"}, {"trade_id": 143792064, "side": "sell", "size": "64.86343600", "price": "0.74950000", "time": "2025-07-16T01:16:30.322135Z", "fetched_at": "2025-07-16T01:23:25.308702+00:00", "symbol": "ADA-USD"}, {"trade_id": 143792063, "side": "sell", "size": "51.00000000", "price": "0.74960000", "time": "2025-07-16T01:16:24.994221Z", "fetched_at": "2025-07-16T01:23:25.308702+00:00", "symbol": "ADA-USD"}, {"trade_id": 143792062, "side": "sell", "size": "66.49020000", "price": "0.74950000", "time": "2025-07-16T01:16:24.958312Z", "fetched_at": "2025-07-16T01:23:25.308702+00:00", "symbol": "ADA-USD"}, {"trade_id": 143792061, "side": "sell", "size": "1.50000000", "price": "0.74950000", "time": "2025-07-16T01:16:24.958312Z", "fetched_at": "2025-07-16T01:23:25.308702+00:00", "symbol": "ADA-USD"}, {"trade_id": 143792060, "side": "sell", "size": "4.60021674", "price": "0.74940000", "time": "2025-07-16T01:16:24.862896Z", "fetched_at": "2025-07-16T01:23:25.308702+00:00", "symbol": "ADA-USD"}, {"trade_id": 143792059, "side": "buy", "size": "19.56057200", "price": "0.74930000", "time": "2025-07-16T01:16:24.020863Z", "fetched_at": "2025-07-16T01:23:25.308702+00:00", "symbol": "ADA-USD"}, {"trade_id": 143792058, "side": "sell", "size": "1.50000000", "price": "0.74940000", "time": "2025-07-16T01:16:21.781954Z", "fetched_at": "2025-07-16T01:23:25.308702+00:00", "symbol": "ADA-USD"}, {"trade_id": 143792057, "side": "sell", "size": "40.75434959", "price": "0.74930000", "time": "2025-07-16T01:16:21.717255Z", "fetched_at": "2025-07-16T01:23:25.308702+00:00", "symbol": "ADA-USD"}, {"trade_id": 143792056, "side": "sell", "size": "78.14818000", "price": "0.74930000", "time": "2025-07-16T01:16:21.717240Z", "fetched_at": "2025-07-16T01:23:25.308702+00:00", "symbol": "ADA-USD"}, {"trade_id": 143792055, "side": "sell", "size": "1.50000000", "price": "0.74930000", "time": "2025-07-16T01:16:21.717240Z", "fetched_at": "2025-07-16T01:23:25.308702+00:00", "symbol": "ADA-USD"}, {"trade_id": 143792054, "side": "sell", "size": "1.50000000", "price": "0.74920000", "time": "2025-07-16T01:16:17.817305Z", "fetched_at": "2025-07-16T01:23:25.308702+00:00", "symbol": "ADA-USD"}, {"trade_id": 143792053, "side": "sell", "size": "0.00000514", "price": "0.74910000", "time": "2025-07-16T01:16:17.817305Z", "fetched_at": "2025-07-16T01:23:25.308702+00:00", "symbol": "ADA-USD"}, {"trade_id": 143792052, "side": "sell", "size": "173.59405000", "price": "0.74910000", "time": "2025-07-16T01:16:17.663677Z", "fetched_at": "2025-07-16T01:23:25.308702+00:00", "symbol": "ADA-USD"}, {"trade_id": 143792051, "side": "sell", "size": "173.61716154", "price": "0.74900000", "time": "2025-07-16T01:16:11.928726Z", "fetched_at": "2025-07-16T01:23:25.308702+00:00", "symbol": "ADA-USD"}, {"trade_id": 143792050, "side": "sell", "size": "50.68385000", "price": "0.74900000", "time": "2025-07-16T01:16:11.923640Z", "fetched_at": "2025-07-16T01:23:25.308702+00:00", "symbol": "ADA-USD"}, {"trade_id": 143792049, "side": "sell", "size": "1.50000000", "price": "0.74900000", "time": "2025-07-16T01:16:11.923640Z", "fetched_at": "2025-07-16T01:23:25.308702+00:00", "symbol": "ADA-USD"}, {"trade_id": 143792048, "side": "sell", "size": "4815.90000000", "price": "0.74890000", "time": "2025-07-16T01:16:10.805689Z", "fetched_at": "2025-07-16T01:23:25.308702+00:00", "symbol": "ADA-USD"}, {"trade_id": 143792047, "side": "sell", "size": "275.69095044", "price": "0.74880000", "time": "2025-07-16T01:16:05.373885Z", "fetched_at": "2025-07-16T01:23:25.308702+00:00", "symbol": "ADA-USD"}, {"trade_id": 143792046, "side": "buy", "size": "173.60557812", "price": "0.74880000", "time": "2025-07-16T01:16:05.078111Z", "fetched_at": "2025-07-16T01:23:25.308702+00:00", "symbol": "ADA-USD"}, {"trade_id": 143792045, "side": "buy", "size": "173.60557812", "price": "0.74880000", "time": "2025-07-16T01:16:05.044482Z", "fetched_at": "2025-07-16T01:23:25.308702+00:00", "symbol": "ADA-USD"}, {"trade_id": 143792044, "side": "buy", "size": "173.60557812", "price": "0.74880000", "time": "2025-07-16T01:16:04.962229Z", "fetched_at": "2025-07-16T01:23:25.308702+00:00", "symbol": "ADA-USD"}, {"trade_id": 143792043, "side": "buy", "size": "1.50000000", "price": "0.74880000", "time": "2025-07-16T01:16:04.962229Z", "fetched_at": "2025-07-16T01:23:25.308702+00:00", "symbol": "ADA-USD"}, {"trade_id": 143792042, "side": "buy", "size": "1.50000000", "price": "0.74890000", "time": "2025-07-16T01:16:04.949508Z", "fetched_at": "2025-07-16T01:23:25.308702+00:00", "symbol": "ADA-USD"}, {"trade_id": 143792041, "side": "sell", "size": "27.36719650", "price": "0.74900000", "time": "2025-07-16T01:16:04.834398Z", "fetched_at": "2025-07-16T01:23:25.308702+00:00", "symbol": "ADA-USD"}, {"trade_id": 143792040, "side": "sell", "size": "40.62300350", "price": "0.74900000", "time": "2025-07-16T01:16:04.834398Z", "fetched_at": "2025-07-16T01:23:25.308702+00:00", "symbol": "ADA-USD"}, {"trade_id": 143792039, "side": "buy", "size": "1.50000000", "price": "0.74900000", "time": "2025-07-16T01:16:04.811886Z", "fetched_at": "2025-07-16T01:23:25.308702+00:00", "symbol": "ADA-USD"}, {"trade_id": 143792038, "side": "buy", "size": "576.96914055", "price": "0.74900000", "time": "2025-07-16T01:16:04.781300Z", "fetched_at": "2025-07-16T01:23:25.308702+00:00", "symbol": "ADA-USD"}, {"trade_id": 143792037, "side": "buy", "size": "47.25278071", "price": "0.74900000", "time": "2025-07-16T01:16:04.781300Z", "fetched_at": "2025-07-16T01:23:25.308702+00:00", "symbol": "ADA-USD"}, {"trade_id": 143792036, "side": "buy", "size": "823.98131777", "price": "0.74900000", "time": "2025-07-16T01:16:04.769340Z", "fetched_at": "2025-07-16T01:23:25.308702+00:00", "symbol": "ADA-USD"}, {"trade_id": 143792035, "side": "sell", "size": "174.64041456", "price": "0.74930000", "time": "2025-07-16T01:16:03.850966Z", "fetched_at": "2025-07-16T01:23:25.308702+00:00", "symbol": "ADA-USD"}, {"trade_id": 143792034, "side": "sell", "size": "275.69095044", "price": "0.74930000", "time": "2025-07-16T01:16:03.850966Z", "fetched_at": "2025-07-16T01:23:25.308702+00:00", "symbol": "ADA-USD"}, {"trade_id": 143792033, "side": "sell", "size": "594.00000000", "price": "0.74920000", "time": "2025-07-16T01:16:03.850966Z", "fetched_at": "2025-07-16T01:23:25.308702+00:00", "symbol": "ADA-USD"}, {"trade_id": 143792032, "side": "sell", "size": "276.73268000", "price": "0.74920000", "time": "2025-07-16T01:16:03.850966Z", "fetched_at": "2025-07-16T01:23:25.308702+00:00", "symbol": "ADA-USD"}, {"trade_id": 143792031, "side": "sell", "size": "63.38942300", "price": "0.74930000", "time": "2025-07-16T01:15:58.862879Z", "fetched_at": "2025-07-16T01:23:25.308702+00:00", "symbol": "ADA-USD"}, {"trade_id": 143792030, "side": "sell", "size": "1.50000000", "price": "0.74930000", "time": "2025-07-16T01:15:58.862879Z", "fetched_at": "2025-07-16T01:23:25.308702+00:00", "symbol": "ADA-USD"}, {"trade_id": 143792029, "side": "buy", "size": "411.93710999", "price": "0.74920000", "time": "2025-07-16T01:15:56.434659Z", "fetched_at": "2025-07-16T01:23:25.308702+00:00", "symbol": "ADA-USD"}, {"trade_id": 143792028, "side": "buy", "size": "5.29946600", "price": "0.74910000", "time": "2025-07-16T01:15:55.589424Z", "fetched_at": "2025-07-16T01:23:25.308702+00:00", "symbol": "ADA-USD"}, {"trade_id": 143792027, "side": "sell", "size": "13.21938800", "price": "0.74930000", "time": "2025-07-16T01:15:50.196173Z", "fetched_at": "2025-07-16T01:23:25.308702+00:00", "symbol": "ADA-USD"}, {"trade_id": 143792026, "side": "sell", "size": "79.19388400", "price": "0.74940000", "time": "2025-07-16T01:15:49.036320Z", "fetched_at": "2025-07-16T01:23:25.308702+00:00", "symbol": "ADA-USD"}, {"trade_id": 143792025, "side": "sell", "size": "50.00000000", "price": "0.74930000", "time": "2025-07-16T01:15:49.036320Z", "fetched_at": "2025-07-16T01:23:25.308702+00:00", "symbol": "ADA-USD"}, {"trade_id": 143792024, "side": "sell", "size": "1.50000000", "price": "0.74930000", "time": "2025-07-16T01:15:49.036320Z", "fetched_at": "2025-07-16T01:23:25.308702+00:00", "symbol": "ADA-USD"}, {"trade_id": 143792023, "side": "sell", "size": "1.50000000", "price": "0.74920000", "time": "2025-07-16T01:15:49.036320Z", "fetched_at": "2025-07-16T01:23:25.308702+00:00", "symbol": "ADA-USD"}, {"trade_id": 143792022, "side": "buy", "size": "369.33072801", "price": "0.74910000", "time": "2025-07-16T01:15:48.453072Z", "fetched_at": "2025-07-16T01:23:25.308702+00:00", "symbol": "ADA-USD"}, {"trade_id": 143792021, "side": "buy", "size": "260.36962000", "price": "0.74910000", "time": "2025-07-16T01:15:48.453072Z", "fetched_at": "2025-07-16T01:23:25.308702+00:00", "symbol": "ADA-USD"}, {"trade_id": 143792020, "side": "buy", "size": "594.00000000", "price": "0.74910000", "time": "2025-07-16T01:15:48.453072Z", "fetched_at": "2025-07-16T01:23:25.308702+00:00", "symbol": "ADA-USD"}, {"trade_id": 143792019, "side": "sell", "size": "1.50000000", "price": "0.74910000", "time": "2025-07-16T01:15:48.181740Z", "fetched_at": "2025-07-16T01:23:25.308702+00:00", "symbol": "ADA-USD"}, {"trade_id": 143792018, "side": "buy", "size": "260.36962000", "price": "0.74900000", "time": "2025-07-16T01:15:44.106139Z", "fetched_at": "2025-07-16T01:23:25.308702+00:00", "symbol": "ADA-USD"}, {"trade_id": 143792017, "side": "sell", "size": "30.94037900", "price": "0.74910000", "time": "2025-07-16T01:15:43.991747Z", "fetched_at": "2025-07-16T01:23:25.308702+00:00", "symbol": "ADA-USD"}, {"trade_id": 143792016, "side": "sell", "size": "1.50000000", "price": "0.74900000", "time": "2025-07-16T01:15:43.991747Z", "fetched_at": "2025-07-16T01:23:25.308702+00:00", "symbol": "ADA-USD"}, {"trade_id": 143792015, "side": "buy", "size": "598.60622238", "price": "0.74880000", "time": "2025-07-16T01:15:32.191955Z", "fetched_at": "2025-07-16T01:23:25.308702+00:00", "symbol": "ADA-USD"}, {"trade_id": 143792014, "side": "buy", "size": "1.50000000", "price": "0.74880000", "time": "2025-07-16T01:15:32.191955Z", "fetched_at": "2025-07-16T01:23:25.308702+00:00", "symbol": "ADA-USD"}, {"trade_id": 143792013, "side": "buy", "size": "159.44797281", "price": "0.74880000", "time": "2025-07-16T01:15:31.687774Z", "fetched_at": "2025-07-16T01:23:25.308702+00:00", "symbol": "ADA-USD"}, {"trade_id": 143792012, "side": "buy", "size": "610.83203519", "price": "0.74890000", "time": "2025-07-16T01:15:31.687774Z", "fetched_at": "2025-07-16T01:23:25.308702+00:00", "symbol": "ADA-USD"}, {"trade_id": 143792011, "side": "buy", "size": "634.79506123", "price": "0.74890000", "time": "2025-07-16T01:15:31.503487Z", "fetched_at": "2025-07-16T01:23:25.308702+00:00", "symbol": "ADA-USD"}, {"trade_id": 143792010, "side": "buy", "size": "725.92428295", "price": "0.74900000", "time": "2025-07-16T01:15:29.278976Z", "fetched_at": "2025-07-16T01:23:25.308702+00:00", "symbol": "ADA-USD"}, {"trade_id": 143792009, "side": "buy", "size": "649.43774870", "price": "0.74870000", "time": "2025-07-16T01:15:25.074535Z", "fetched_at": "2025-07-16T01:23:25.308702+00:00", "symbol": "ADA-USD"}, {"trade_id": 143792008, "side": "buy", "size": "1.50000000", "price": "0.74870000", "time": "2025-07-16T01:15:25.074535Z", "fetched_at": "2025-07-16T01:23:25.308702+00:00", "symbol": "ADA-USD"}, {"trade_id": 143792007, "side": "buy", "size": "634.68735549", "price": "0.74880000", "time": "2025-07-16T01:15:23.942530Z", "fetched_at": "2025-07-16T01:23:25.308702+00:00", "symbol": "ADA-USD"}, {"trade_id": 143792006, "side": "buy", "size": "1.50000000", "price": "0.74880000", "time": "2025-07-16T01:15:23.942530Z", "fetched_at": "2025-07-16T01:23:25.308702+00:00", "symbol": "ADA-USD"}, {"trade_id": 143792005, "side": "buy", "size": "1.50000000", "price": "0.74890000", "time": "2025-07-16T01:15:23.497791Z", "fetched_at": "2025-07-16T01:23:25.308702+00:00", "symbol": "ADA-USD"}, {"trade_id": 143792004, "side": "buy", "size": "1.50000000", "price": "0.74900000", "time": "2025-07-16T01:15:23.118138Z", "fetched_at": "2025-07-16T01:23:25.308702+00:00", "symbol": "ADA-USD"}, {"trade_id": 143792003, "side": "buy", "size": "3721.09378042", "price": "0.74920000", "time": "2025-07-16T01:15:20.819638Z", "fetched_at": "2025-07-16T01:23:25.308702+00:00", "symbol": "ADA-USD"}, {"trade_id": 143792002, "side": "sell", "size": "16.35525626", "price": "0.74940000", "time": "2025-07-16T01:15:20.623407Z", "fetched_at": "2025-07-16T01:23:25.308702+00:00", "symbol": "ADA-USD"}, {"trade_id": 143792001, "side": "sell", "size": "1.50000000", "price": "0.74940000", "time": "2025-07-16T01:15:20.623407Z", "fetched_at": "2025-07-16T01:23:25.308702+00:00", "symbol": "ADA-USD"}, {"trade_id": 143792000, "side": "sell", "size": "682.67639830", "price": "0.74930000", "time": "2025-07-16T01:15:20.623407Z", "fetched_at": "2025-07-16T01:23:25.308702+00:00", "symbol": "ADA-USD"}, {"trade_id": 143791999, "side": "sell", "size": "1071.07808000", "price": "0.74930000", "time": "2025-07-16T01:15:20.623407Z", "fetched_at": "2025-07-16T01:23:25.308702+00:00", "symbol": "ADA-USD"}, {"trade_id": 143791998, "side": "sell", "size": "594.00000000", "price": "0.74930000", "time": "2025-07-16T01:15:20.623407Z", "fetched_at": "2025-07-16T01:23:25.308702+00:00", "symbol": "ADA-USD"}, {"trade_id": 143791997, "side": "sell", "size": "275.69095044", "price": "0.74930000", "time": "2025-07-16T01:15:20.623407Z", "fetched_at": "2025-07-16T01:23:25.308702+00:00", "symbol": "ADA-USD"}, {"trade_id": 143791996, "side": "sell", "size": "1.50000000", "price": "0.74930000", "time": "2025-07-16T01:15:20.623407Z", "fetched_at": "2025-07-16T01:23:25.308702+00:00", "symbol": "ADA-USD"}, {"trade_id": 143791995, "side": "sell", "size": "1.50000000", "price": "0.74920000", "time": "2025-07-16T01:15:12.989873Z", "fetched_at": "2025-07-16T01:23:25.308702+00:00", "symbol": "ADA-USD"}, {"trade_id": 143791994, "side": "sell", "size": "1.50000000", "price": "0.74910000", "time": "2025-07-16T01:15:11.638760Z", "fetched_at": "2025-07-16T01:23:25.308702+00:00", "symbol": "ADA-USD"}, {"trade_id": 143791993, "side": "sell", "size": "40.90310338", "price": "0.74900000", "time": "2025-07-16T01:15:09.745683Z", "fetched_at": "2025-07-16T01:23:25.308702+00:00", "symbol": "ADA-USD"}, {"trade_id": 143791992, "side": "sell", "size": "592.30054728", "price": "0.74900000", "time": "2025-07-16T01:15:09.745683Z", "fetched_at": "2025-07-16T01:23:25.308702+00:00", "symbol": "ADA-USD"}, {"trade_id": 143791991, "side": "sell", "size": "13.93090834", "price": "0.74900000", "time": "2025-07-16T01:15:09.745683Z", "fetched_at": "2025-07-16T01:23:25.308702+00:00", "symbol": "ADA-USD"}, {"trade_id": 143791990, "side": "sell", "size": "1.50000000", "price": "0.74900000", "time": "2025-07-16T01:15:09.745683Z", "fetched_at": "2025-07-16T01:23:25.308702+00:00", "symbol": "ADA-USD"}, {"trade_id": 143791989, "side": "sell", "size": "1.50000000", "price": "0.74890000", "time": "2025-07-16T01:15:03.759474Z", "fetched_at": "2025-07-16T01:23:25.308702+00:00", "symbol": "ADA-USD"}, {"trade_id": 143791988, "side": "sell", "size": "128.29618000", "price": "0.74890000", "time": "2025-07-16T01:15:02.924227Z", "fetched_at": "2025-07-16T01:23:25.308702+00:00", "symbol": "ADA-USD"}, {"trade_id": 143791987, "side": "sell", "size": "1.50000000", "price": "0.74880000", "time": "2025-07-16T01:15:02.924227Z", "fetched_at": "2025-07-16T01:23:25.308702+00:00", "symbol": "ADA-USD"}, {"trade_id": 143791986, "side": "buy", "size": "142.00801500", "price": "0.74870000", "time": "2025-07-16T01:15:02.877730Z", "fetched_at": "2025-07-16T01:23:25.308702+00:00", "symbol": "ADA-USD"}, {"trade_id": 143791985, "side": "buy", "size": "594.00000000", "price": "0.74870000", "time": "2025-07-16T01:15:02.877730Z", "fetched_at": "2025-07-16T01:23:25.308702+00:00", "symbol": "ADA-USD"}, {"trade_id": 143791984, "side": "buy", "size": "14.35221200", "price": "0.74860000", "time": "2025-07-16T01:14:57.021822Z", "fetched_at": "2025-07-16T01:23:25.308702+00:00", "symbol": "ADA-USD"}, {"trade_id": 143791983, "side": "buy", "size": "17.83054966", "price": "0.74870000", "time": "2025-07-16T01:14:56.387761Z", "fetched_at": "2025-07-16T01:23:25.308702+00:00", "symbol": "ADA-USD"}, {"trade_id": 143791982, "side": "buy", "size": "394.41371832", "price": "0.74850000", "time": "2025-07-16T01:14:50.771910Z", "fetched_at": "2025-07-16T01:23:25.308702+00:00", "symbol": "ADA-USD"}, {"trade_id": 143791981, "side": "buy", "size": "0.99369700", "price": "0.74850000", "time": "2025-07-16T01:14:50.771910Z", "fetched_at": "2025-07-16T01:23:25.308702+00:00", "symbol": "ADA-USD"}, {"trade_id": 143791980, "side": "buy", "size": "50.00000000", "price": "0.74860000", "time": "2025-07-16T01:14:50.771910Z", "fetched_at": "2025-07-16T01:23:25.308702+00:00", "symbol": "ADA-USD"}, {"trade_id": 143791979, "side": "buy", "size": "437.91044768", "price": "0.74860000", "time": "2025-07-16T01:14:50.771910Z", "fetched_at": "2025-07-16T01:23:25.308702+00:00", "symbol": "ADA-USD"}, {"trade_id": 143791978, "side": "sell", "size": "12.98664200", "price": "0.74870000", "time": "2025-07-16T01:14:50.571467Z", "fetched_at": "2025-07-16T01:23:25.308702+00:00", "symbol": "ADA-USD"}, {"trade_id": 143791977, "side": "sell", "size": "0.66123400", "price": "0.74870000", "time": "2025-07-16T01:14:49.993039Z", "fetched_at": "2025-07-16T01:23:25.308702+00:00", "symbol": "ADA-USD"}, {"trade_id": 143791976, "side": "buy", "size": "340.63271391", "price": "0.74860000", "time": "2025-07-16T01:14:49.736605Z", "fetched_at": "2025-07-16T01:23:25.308702+00:00", "symbol": "ADA-USD"}, {"trade_id": 143791975, "side": "buy", "size": "413.55052000", "price": "0.74860000", "time": "2025-07-16T01:14:49.736605Z", "fetched_at": "2025-07-16T01:23:25.308702+00:00", "symbol": "ADA-USD"}, {"trade_id": 143791974, "side": "sell", "size": "667.91343841", "price": "0.74860000", "time": "2025-07-16T01:14:49.730509Z", "fetched_at": "2025-07-16T01:23:25.308702+00:00", "symbol": "ADA-USD"}, {"trade_id": 143791973, "side": "sell", "size": "5.70238425", "price": "0.74860000", "time": "2025-07-16T01:14:49.730509Z", "fetched_at": "2025-07-16T01:23:25.308702+00:00", "symbol": "ADA-USD"}, {"trade_id": 143791972, "side": "sell", "size": "276.73268000", "price": "0.74860000", "time": "2025-07-16T01:14:49.730509Z", "fetched_at": "2025-07-16T01:23:25.308702+00:00", "symbol": "ADA-USD"}, {"trade_id": 143791971, "side": "sell", "size": "52.86808309", "price": "0.74860000", "time": "2025-07-16T01:14:49.730509Z", "fetched_at": "2025-07-16T01:23:25.308702+00:00", "symbol": "ADA-USD"}, {"trade_id": 143791970, "side": "sell", "size": "7.60317900", "price": "0.74860000", "time": "2025-07-16T01:14:43.548469Z", "fetched_at": "2025-07-16T01:23:25.308702+00:00", "symbol": "ADA-USD"}, {"trade_id": 143791969, "side": "buy", "size": "0.10000000", "price": "0.74860000", "time": "2025-07-16T01:14:36.657217Z", "fetched_at": "2025-07-16T01:23:25.308702+00:00", "symbol": "ADA-USD"}, {"trade_id": 143791968, "side": "sell", "size": "1636.11808708", "price": "0.74880000", "time": "2025-07-16T01:14:34.189050Z", "fetched_at": "2025-07-16T01:23:25.308702+00:00", "symbol": "ADA-USD"}, {"trade_id": 143791967, "side": "sell", "size": "1.50000000", "price": "0.74880000", "time": "2025-07-16T01:14:34.189050Z", "fetched_at": "2025-07-16T01:23:25.308702+00:00", "symbol": "ADA-USD"}, {"trade_id": 143791966, "side": "sell", "size": "115.17073378", "price": "0.74880000", "time": "2025-07-16T01:14:34.189050Z", "fetched_at": "2025-07-16T01:23:25.308702+00:00", "symbol": "ADA-USD"}, {"trade_id": 143791965, "side": "sell", "size": "594.00000000", "price": "0.74870000", "time": "2025-07-16T01:14:34.189050Z", "fetched_at": "2025-07-16T01:23:25.308702+00:00", "symbol": "ADA-USD"}, {"trade_id": 143791964, "side": "sell", "size": "50.00000000", "price": "0.74870000", "time": "2025-07-16T01:14:34.189050Z", "fetched_at": "2025-07-16T01:23:25.308702+00:00", "symbol": "ADA-USD"}, {"trade_id": 143791963, "side": "sell", "size": "667.85230573", "price": "0.74870000", "time": "2025-07-16T01:14:34.189050Z", "fetched_at": "2025-07-16T01:23:25.308702+00:00", "symbol": "ADA-USD"}, {"trade_id": 143791962, "side": "sell", "size": "265.91880544", "price": "0.74870000", "time": "2025-07-16T01:14:34.189050Z", "fetched_at": "2025-07-16T01:23:25.308702+00:00", "symbol": "ADA-USD"}, {"trade_id": 143791961, "side": "sell", "size": "9.77214500", "price": "0.74870000", "time": "2025-07-16T01:14:28.950255Z", "fetched_at": "2025-07-16T01:23:25.308702+00:00", "symbol": "ADA-USD"}, {"trade_id": 143791960, "side": "buy", "size": "0.03810100", "price": "0.74850000", "time": "2025-07-16T01:14:18.232817Z", "fetched_at": "2025-07-16T01:23:25.308702+00:00", "symbol": "ADA-USD"}, {"trade_id": 143791959, "side": "buy", "size": "0.46820200", "price": "0.74850000", "time": "2025-07-16T01:14:16.288221Z", "fetched_at": "2025-07-16T01:23:25.308702+00:00", "symbol": "ADA-USD"}, {"trade_id": 143791958, "side": "buy", "size": "1.50000000", "price": "0.74860000", "time": "2025-07-16T01:14:09.941058Z", "fetched_at": "2025-07-16T01:23:25.308702+00:00", "symbol": "ADA-USD"}, {"trade_id": 143791957, "side": "sell", "size": "32.43604800", "price": "0.74880000", "time": "2025-07-16T01:14:08.494035Z", "fetched_at": "2025-07-16T01:23:25.308702+00:00", "symbol": "ADA-USD"}, {"trade_id": 143791956, "side": "sell", "size": "446.39321822", "price": "0.74880000", "time": "2025-07-16T01:14:08.148973Z", "fetched_at": "2025-07-16T01:23:25.308702+00:00", "symbol": "ADA-USD"}, {"trade_id": 143791955, "side": "sell", "size": "150.09462900", "price": "0.74880000", "time": "2025-07-16T01:14:08.148973Z", "fetched_at": "2025-07-16T01:23:25.308702+00:00", "symbol": "ADA-USD"}, {"trade_id": 143791954, "side": "sell", "size": "126.63805100", "price": "0.74880000", "time": "2025-07-16T01:14:07.217125Z", "fetched_at": "2025-07-16T01:23:25.308702+00:00", "symbol": "ADA-USD"}, {"trade_id": 143791953, "side": "sell", "size": "950.21945200", "price": "0.74900000", "time": "2025-07-16T01:14:04.098666Z", "fetched_at": "2025-07-16T01:23:25.308702+00:00", "symbol": "ADA-USD"}, {"trade_id": 143791952, "side": "sell", "size": "50.39239000", "price": "0.74900000", "time": "2025-07-16T01:14:02.290734Z", "fetched_at": "2025-07-16T01:23:25.308702+00:00", "symbol": "ADA-USD"}, {"trade_id": 143791951, "side": "sell", "size": "1.50000000", "price": "0.74900000", "time": "2025-07-16T01:14:02.290734Z", "fetched_at": "2025-07-16T01:23:25.308702+00:00", "symbol": "ADA-USD"}, {"trade_id": 143791950, "side": "sell", "size": "12.00000000", "price": "0.74910000", "time": "2025-07-16T01:13:47.863710Z", "fetched_at": "2025-07-16T01:23:25.308702+00:00", "symbol": "ADA-USD"}, {"trade_id": 143791949, "side": "sell", "size": "304.95769253", "price": "0.74910000", "time": "2025-07-16T01:13:46.626259Z", "fetched_at": "2025-07-16T01:23:25.308702+00:00", "symbol": "ADA-USD"}, {"trade_id": 143791948, "side": "sell", "size": "667.48817829", "price": "0.74910000", "time": "2025-07-16T01:13:46.626259Z", "fetched_at": "2025-07-16T01:23:25.308702+00:00", "symbol": "ADA-USD"}, {"trade_id": 143791947, "side": "sell", "size": "1.50000000", "price": "0.74910000", "time": "2025-07-16T01:13:46.626259Z", "fetched_at": "2025-07-16T01:23:25.308702+00:00", "symbol": "ADA-USD"}, {"trade_id": 143791946, "side": "sell", "size": "275.69095044", "price": "0.74910000", "time": "2025-07-16T01:13:46.626259Z", "fetched_at": "2025-07-16T01:23:25.308702+00:00", "symbol": "ADA-USD"}, {"trade_id": 143791945, "side": "sell", "size": "283.86317874", "price": "0.74910000", "time": "2025-07-16T01:13:46.626259Z", "fetched_at": "2025-07-16T01:23:25.308702+00:00", "symbol": "ADA-USD"}, {"trade_id": 143791944, "side": "sell", "size": "594.00000000", "price": "0.74900000", "time": "2025-07-16T01:13:46.626259Z", "fetched_at": "2025-07-16T01:23:25.308702+00:00", "symbol": "ADA-USD"}