[{"trade_id": 143791804, "side": "buy", "size": "531.35730000", "price": "0.74850000", "time": "2025-07-16T01:10:45.409139Z", "fetched_at": "2025-07-16T01:10:49.569990+00:00", "symbol": "ADA-USD"}, {"trade_id": 143791803, "side": "buy", "size": "1.50000000", "price": "0.74850000", "time": "2025-07-16T01:10:45.409139Z", "fetched_at": "2025-07-16T01:10:49.569990+00:00", "symbol": "ADA-USD"}, {"trade_id": 143791802, "side": "buy", "size": "1.50000000", "price": "0.74860000", "time": "2025-07-16T01:10:45.409139Z", "fetched_at": "2025-07-16T01:10:49.569990+00:00", "symbol": "ADA-USD"}, {"trade_id": 143791801, "side": "buy", "size": "1.50000000", "price": "0.74870000", "time": "2025-07-16T01:10:42.893163Z", "fetched_at": "2025-07-16T01:10:49.569990+00:00", "symbol": "ADA-USD"}, {"trade_id": 143791800, "side": "buy", "size": "1.50000000", "price": "0.74880000", "time": "2025-07-16T01:10:42.677403Z", "fetched_at": "2025-07-16T01:10:49.569990+00:00", "symbol": "ADA-USD"}, {"trade_id": 143791799, "side": "sell", "size": "17.83257676", "price": "0.74900000", "time": "2025-07-16T01:10:35.651521Z", "fetched_at": "2025-07-16T01:10:49.569990+00:00", "symbol": "ADA-USD"}, {"trade_id": 143791798, "side": "buy", "size": "153.56004000", "price": "0.74900000", "time": "2025-07-16T01:10:32.912873Z", "fetched_at": "2025-07-16T01:10:49.569990+00:00", "symbol": "ADA-USD"}, {"trade_id": 143791797, "side": "buy", "size": "50.00000000", "price": "0.74900000", "time": "2025-07-16T01:10:32.912873Z", "fetched_at": "2025-07-16T01:10:49.569990+00:00", "symbol": "ADA-USD"}, {"trade_id": 143791796, "side": "buy", "size": "275.70034000", "price": "0.74900000", "time": "2025-07-16T01:10:32.912873Z", "fetched_at": "2025-07-16T01:10:49.569990+00:00", "symbol": "ADA-USD"}, {"trade_id": 143791795, "side": "buy", "size": "260.37000000", "price": "0.74900000", "time": "2025-07-16T01:10:32.912873Z", "fetched_at": "2025-07-16T01:10:49.569990+00:00", "symbol": "ADA-USD"}, {"trade_id": 143791794, "side": "buy", "size": "260.36962000", "price": "0.74900000", "time": "2025-07-16T01:10:32.912873Z", "fetched_at": "2025-07-16T01:10:49.569990+00:00", "symbol": "ADA-USD"}, {"trade_id": 143791793, "side": "sell", "size": "33.03082900", "price": "0.74900000", "time": "2025-07-16T01:10:27.430528Z", "fetched_at": "2025-07-16T01:10:49.569990+00:00", "symbol": "ADA-USD"}, {"trade_id": 143791792, "side": "sell", "size": "25.93926900", "price": "0.74900000", "time": "2025-07-16T01:10:25.726904Z", "fetched_at": "2025-07-16T01:10:49.569990+00:00", "symbol": "ADA-USD"}, {"trade_id": 143791791, "side": "buy", "size": "292.64324128", "price": "0.74890000", "time": "2025-07-16T01:10:23.846641Z", "fetched_at": "2025-07-16T01:10:49.569990+00:00", "symbol": "ADA-USD"}, {"trade_id": 143791790, "side": "buy", "size": "4971.50000000", "price": "0.74890000", "time": "2025-07-16T01:10:23.846641Z", "fetched_at": "2025-07-16T01:10:49.569990+00:00", "symbol": "ADA-USD"}, {"trade_id": 143791789, "side": "buy", "size": "1.50000000", "price": "0.74890000", "time": "2025-07-16T01:10:23.846641Z", "fetched_at": "2025-07-16T01:10:49.569990+00:00", "symbol": "ADA-USD"}, {"trade_id": 143791788, "side": "buy", "size": "299.34000000", "price": "0.74900000", "time": "2025-07-16T01:10:23.756017Z", "fetched_at": "2025-07-16T01:10:49.569990+00:00", "symbol": "ADA-USD"}, {"trade_id": 143791787, "side": "buy", "size": "297.83092718", "price": "0.74900000", "time": "2025-07-16T01:10:23.756017Z", "fetched_at": "2025-07-16T01:10:49.569990+00:00", "symbol": "ADA-USD"}, {"trade_id": 143791786, "side": "buy", "size": "1.50000000", "price": "0.74900000", "time": "2025-07-16T01:10:23.756017Z", "fetched_at": "2025-07-16T01:10:49.569990+00:00", "symbol": "ADA-USD"}, {"trade_id": 143791785, "side": "sell", "size": "19.45374400", "price": "0.74920000", "time": "2025-07-16T01:10:20.787024Z", "fetched_at": "2025-07-16T01:10:49.569990+00:00", "symbol": "ADA-USD"}, {"trade_id": 143791784, "side": "sell", "size": "26.43171800", "price": "0.74930000", "time": "2025-07-16T01:10:16.228223Z", "fetched_at": "2025-07-16T01:10:49.569990+00:00", "symbol": "ADA-USD"}, {"trade_id": 143791783, "side": "sell", "size": "594.00000000", "price": "0.74920000", "time": "2025-07-16T01:10:14.812841Z", "fetched_at": "2025-07-16T01:10:49.569990+00:00", "symbol": "ADA-USD"}, {"trade_id": 143791782, "side": "sell", "size": "1.50000000", "price": "0.74920000", "time": "2025-07-16T01:10:14.812841Z", "fetched_at": "2025-07-16T01:10:49.569990+00:00", "symbol": "ADA-USD"}, {"trade_id": 143791781, "side": "sell", "size": "98.00000000", "price": "0.74920000", "time": "2025-07-16T01:10:14.557111Z", "fetched_at": "2025-07-16T01:10:49.569990+00:00", "symbol": "ADA-USD"}, {"trade_id": 143791780, "side": "sell", "size": "169.98811600", "price": "0.74920000", "time": "2025-07-16T01:10:12.697881Z", "fetched_at": "2025-07-16T01:10:49.569990+00:00", "symbol": "ADA-USD"}, {"trade_id": 143791779, "side": "sell", "size": "1.50000000", "price": "0.74910000", "time": "2025-07-16T01:10:12.638206Z", "fetched_at": "2025-07-16T01:10:49.569990+00:00", "symbol": "ADA-USD"}, {"trade_id": 143791778, "side": "sell", "size": "464.23848300", "price": "0.74910000", "time": "2025-07-16T01:10:12.638206Z", "fetched_at": "2025-07-16T01:10:49.569990+00:00", "symbol": "ADA-USD"}, {"trade_id": 143791777, "side": "sell", "size": "129.76151700", "price": "0.74910000", "time": "2025-07-16T01:10:09.130462Z", "fetched_at": "2025-07-16T01:10:49.569990+00:00", "symbol": "ADA-USD"}, {"trade_id": 143791776, "side": "sell", "size": "594.00000000", "price": "0.74900000", "time": "2025-07-16T01:10:07.617755Z", "fetched_at": "2025-07-16T01:10:49.569990+00:00", "symbol": "ADA-USD"}, {"trade_id": 143791775, "side": "sell", "size": "1.50000000", "price": "0.74900000", "time": "2025-07-16T01:10:07.617755Z", "fetched_at": "2025-07-16T01:10:49.569990+00:00", "symbol": "ADA-USD"}, {"trade_id": 143791774, "side": "sell", "size": "1.50000000", "price": "0.74890000", "time": "2025-07-16T01:10:04.837843Z", "fetched_at": "2025-07-16T01:10:49.569990+00:00", "symbol": "ADA-USD"}, {"trade_id": 143791773, "side": "sell", "size": "67.78231697", "price": "0.74880000", "time": "2025-07-16T01:10:03.214529Z", "fetched_at": "2025-07-16T01:10:49.569990+00:00", "symbol": "ADA-USD"}, {"trade_id": 143791772, "side": "sell", "size": "618.34431303", "price": "0.74880000", "time": "2025-07-16T01:10:03.214529Z", "fetched_at": "2025-07-16T01:10:49.569990+00:00", "symbol": "ADA-USD"}, {"trade_id": 143791771, "side": "sell", "size": "276.73268000", "price": "0.74880000", "time": "2025-07-16T01:10:03.214529Z", "fetched_at": "2025-07-16T01:10:49.569990+00:00", "symbol": "ADA-USD"}, {"trade_id": 143791770, "side": "sell", "size": "1.50000000", "price": "0.74880000", "time": "2025-07-16T01:09:59.822899Z", "fetched_at": "2025-07-16T01:10:49.569990+00:00", "symbol": "ADA-USD"}, {"trade_id": 143791769, "side": "sell", "size": "275.69095044", "price": "0.74870000", "time": "2025-07-16T01:09:58.565577Z", "fetched_at": "2025-07-16T01:10:49.569990+00:00", "symbol": "ADA-USD"}, {"trade_id": 143791768, "side": "sell", "size": "667.85314433", "price": "0.74870000", "time": "2025-07-16T01:09:58.565577Z", "fetched_at": "2025-07-16T01:10:49.569990+00:00", "symbol": "ADA-USD"}, {"trade_id": 143791767, "side": "sell", "size": "2305.06839000", "price": "0.74870000", "time": "2025-07-16T01:09:58.565577Z", "fetched_at": "2025-07-16T01:10:49.569990+00:00", "symbol": "ADA-USD"}, {"trade_id": 143791766, "side": "sell", "size": "594.00000000", "price": "0.74870000", "time": "2025-07-16T01:09:58.565577Z", "fetched_at": "2025-07-16T01:10:49.569990+00:00", "symbol": "ADA-USD"}, {"trade_id": 143791765, "side": "sell", "size": "1.50000000", "price": "0.74870000", "time": "2025-07-16T01:09:58.565577Z", "fetched_at": "2025-07-16T01:10:49.569990+00:00", "symbol": "ADA-USD"}, {"trade_id": 143791764, "side": "sell", "size": "1.50000000", "price": "0.74860000", "time": "2025-07-16T01:09:58.565577Z", "fetched_at": "2025-07-16T01:10:49.569990+00:00", "symbol": "ADA-USD"}, {"trade_id": 143791763, "side": "sell", "size": "1.50000000", "price": "0.74850000", "time": "2025-07-16T01:09:56.319826Z", "fetched_at": "2025-07-16T01:10:49.569990+00:00", "symbol": "ADA-USD"}, {"trade_id": 143791762, "side": "buy", "size": "46.42427035", "price": "0.74840000", "time": "2025-07-16T01:09:53.578703Z", "fetched_at": "2025-07-16T01:10:49.569990+00:00", "symbol": "ADA-USD"}, {"trade_id": 143791761, "side": "sell", "size": "763.86780156", "price": "0.74840000", "time": "2025-07-16T01:09:52.453048Z", "fetched_at": "2025-07-16T01:10:49.569990+00:00", "symbol": "ADA-USD"}, {"trade_id": 143791760, "side": "sell", "size": "5027.70000000", "price": "0.74840000", "time": "2025-07-16T01:09:52.453048Z", "fetched_at": "2025-07-16T01:10:49.569990+00:00", "symbol": "ADA-USD"}, {"trade_id": 143791759, "side": "sell", "size": "1.50000000", "price": "0.74840000", "time": "2025-07-16T01:09:52.453048Z", "fetched_at": "2025-07-16T01:10:49.569990+00:00", "symbol": "ADA-USD"}, {"trade_id": 143791758, "side": "sell", "size": "275.69095044", "price": "0.74840000", "time": "2025-07-16T01:09:52.453048Z", "fetched_at": "2025-07-16T01:10:49.569990+00:00", "symbol": "ADA-USD"}, {"trade_id": 143791757, "side": "sell", "size": "594.00000000", "price": "0.74840000", "time": "2025-07-16T01:09:52.453048Z", "fetched_at": "2025-07-16T01:10:49.569990+00:00", "symbol": "ADA-USD"}, {"trade_id": 143791756, "side": "sell", "size": "1.50000000", "price": "0.74830000", "time": "2025-07-16T01:09:52.453048Z", "fetched_at": "2025-07-16T01:10:49.569990+00:00", "symbol": "ADA-USD"}, {"trade_id": 143791755, "side": "sell", "size": "1.50000000", "price": "0.74820000", "time": "2025-07-16T01:09:50.276445Z", "fetched_at": "2025-07-16T01:10:49.569990+00:00", "symbol": "ADA-USD"}, {"trade_id": 143791754, "side": "sell", "size": "1.50000000", "price": "0.74810000", "time": "2025-07-16T01:09:47.956666Z", "fetched_at": "2025-07-16T01:10:49.569990+00:00", "symbol": "ADA-USD"}, {"trade_id": 143791753, "side": "sell", "size": "275.69095044", "price": "0.74800000", "time": "2025-07-16T01:09:47.799259Z", "fetched_at": "2025-07-16T01:10:49.569990+00:00", "symbol": "ADA-USD"}, {"trade_id": 143791752, "side": "sell", "size": "5045.10000000", "price": "0.74800000", "time": "2025-07-16T01:09:47.799259Z", "fetched_at": "2025-07-16T01:10:49.569990+00:00", "symbol": "ADA-USD"}, {"trade_id": 143791751, "side": "sell", "size": "1.50000000", "price": "0.74800000", "time": "2025-07-16T01:09:47.799259Z", "fetched_at": "2025-07-16T01:10:49.569990+00:00", "symbol": "ADA-USD"}, {"trade_id": 143791750, "side": "buy", "size": "5.81740199", "price": "0.74780000", "time": "2025-07-16T01:09:45.113522Z", "fetched_at": "2025-07-16T01:10:49.569990+00:00", "symbol": "ADA-USD"}, {"trade_id": 143791749, "side": "buy", "size": "76.18341801", "price": "0.74780000", "time": "2025-07-16T01:09:45.113522Z", "fetched_at": "2025-07-16T01:10:49.569990+00:00", "symbol": "ADA-USD"}, {"trade_id": 143791748, "side": "sell", "size": "3343.73904925", "price": "0.74780000", "time": "2025-07-16T01:09:39.753168Z", "fetched_at": "2025-07-16T01:10:49.569990+00:00", "symbol": "ADA-USD"}, {"trade_id": 143791747, "side": "sell", "size": "1.96090723", "price": "0.74780000", "time": "2025-07-16T01:09:39.753168Z", "fetched_at": "2025-07-16T01:10:49.569990+00:00", "symbol": "ADA-USD"}, {"trade_id": 143791746, "side": "sell", "size": "15.16489303", "price": "0.74780000", "time": "2025-07-16T01:09:38.079069Z", "fetched_at": "2025-07-16T01:10:49.569990+00:00", "symbol": "ADA-USD"}, {"trade_id": 143791745, "side": "sell", "size": "13.30586797", "price": "0.74780000", "time": "2025-07-16T01:09:38.079069Z", "fetched_at": "2025-07-16T01:10:49.569990+00:00", "symbol": "ADA-USD"}, {"trade_id": 143791744, "side": "buy", "size": "595.50000000", "price": "0.74780000", "time": "2025-07-16T01:09:33.284978Z", "fetched_at": "2025-07-16T01:10:49.569990+00:00", "symbol": "ADA-USD"}, {"trade_id": 143791743, "side": "buy", "size": "1.50000000", "price": "0.74780000", "time": "2025-07-16T01:09:33.284978Z", "fetched_at": "2025-07-16T01:10:49.569990+00:00", "symbol": "ADA-USD"}, {"trade_id": 143791742, "side": "buy", "size": "181.40531681", "price": "0.74790000", "time": "2025-07-16T01:09:28.540356Z", "fetched_at": "2025-07-16T01:10:49.569990+00:00", "symbol": "ADA-USD"}, {"trade_id": 143791741, "side": "buy", "size": "63.41707000", "price": "0.74790000", "time": "2025-07-16T01:09:28.536633Z", "fetched_at": "2025-07-16T01:10:49.569990+00:00", "symbol": "ADA-USD"}, {"trade_id": 143791740, "side": "buy", "size": "1088.91206966", "price": "0.74790000", "time": "2025-07-16T01:09:28.536452Z", "fetched_at": "2025-07-16T01:10:49.569990+00:00", "symbol": "ADA-USD"}, {"trade_id": 143791739, "side": "buy", "size": "1.50000000", "price": "0.74790000", "time": "2025-07-16T01:09:28.536452Z", "fetched_at": "2025-07-16T01:10:49.569990+00:00", "symbol": "ADA-USD"}, {"trade_id": 143791738, "side": "buy", "size": "121.19568034", "price": "0.74790000", "time": "2025-07-16T01:09:28.536452Z", "fetched_at": "2025-07-16T01:10:49.569990+00:00", "symbol": "ADA-USD"}, {"trade_id": 143791737, "side": "buy", "size": "150.81859000", "price": "0.74790000", "time": "2025-07-16T01:09:28.529611Z", "fetched_at": "2025-07-16T01:10:49.569990+00:00", "symbol": "ADA-USD"}, {"trade_id": 143791736, "side": "buy", "size": "67.99020000", "price": "0.74790000", "time": "2025-07-16T01:09:28.527640Z", "fetched_at": "2025-07-16T01:10:49.569990+00:00", "symbol": "ADA-USD"}, {"trade_id": 143791735, "side": "buy", "size": "594.00000000", "price": "0.74800000", "time": "2025-07-16T01:09:28.518763Z", "fetched_at": "2025-07-16T01:10:49.569990+00:00", "symbol": "ADA-USD"}, {"trade_id": 143791734, "side": "buy", "size": "594.00000000", "price": "0.74800000", "time": "2025-07-16T01:09:28.518763Z", "fetched_at": "2025-07-16T01:10:49.569990+00:00", "symbol": "ADA-USD"}, {"trade_id": 143791733, "side": "sell", "size": "166.41894166", "price": "0.74810000", "time": "2025-07-16T01:09:26.675630Z", "fetched_at": "2025-07-16T01:10:49.569990+00:00", "symbol": "ADA-USD"}, {"trade_id": 143791732, "side": "sell", "size": "248.66976000", "price": "0.74810000", "time": "2025-07-16T01:09:26.675630Z", "fetched_at": "2025-07-16T01:10:49.569990+00:00", "symbol": "ADA-USD"}, {"trade_id": 143791731, "side": "sell", "size": "166.41894166", "price": "0.74810000", "time": "2025-07-16T01:09:26.536974Z", "fetched_at": "2025-07-16T01:10:49.569990+00:00", "symbol": "ADA-USD"}, {"trade_id": 143791730, "side": "sell", "size": "7.52695338", "price": "0.74800000", "time": "2025-07-16T01:09:26.329949Z", "fetched_at": "2025-07-16T01:10:49.569990+00:00", "symbol": "ADA-USD"}, {"trade_id": 143791729, "side": "buy", "size": "385.57832662", "price": "0.74800000", "time": "2025-07-16T01:09:26.317235Z", "fetched_at": "2025-07-16T01:10:49.569990+00:00", "symbol": "ADA-USD"}, {"trade_id": 143791728, "side": "buy", "size": "1.50000000", "price": "0.74800000", "time": "2025-07-16T01:09:26.317235Z", "fetched_at": "2025-07-16T01:10:49.569990+00:00", "symbol": "ADA-USD"}, {"trade_id": 143791727, "side": "buy", "size": "1.50000000", "price": "0.74810000", "time": "2025-07-16T01:09:26.230856Z", "fetched_at": "2025-07-16T01:10:49.569990+00:00", "symbol": "ADA-USD"}, {"trade_id": 143791726, "side": "buy", "size": "679.20000000", "price": "0.74830000", "time": "2025-07-16T01:09:26.230856Z", "fetched_at": "2025-07-16T01:10:49.569990+00:00", "symbol": "ADA-USD"}, {"trade_id": 143791725, "side": "buy", "size": "166.48570111", "price": "0.74830000", "time": "2025-07-16T01:09:26.230856Z", "fetched_at": "2025-07-16T01:10:49.569990+00:00", "symbol": "ADA-USD"}, {"trade_id": 143791724, "side": "buy", "size": "1.50000000", "price": "0.74820000", "time": "2025-07-16T01:09:26.183996Z", "fetched_at": "2025-07-16T01:10:49.569990+00:00", "symbol": "ADA-USD"}, {"trade_id": 143791723, "side": "buy", "size": "679.19782682", "price": "0.74830000", "time": "2025-07-16T01:09:26.165614Z", "fetched_at": "2025-07-16T01:10:49.569990+00:00", "symbol": "ADA-USD"}, {"trade_id": 143791722, "side": "buy", "size": "115.06263315", "price": "0.74830000", "time": "2025-07-16T01:09:26.156705Z", "fetched_at": "2025-07-16T01:10:49.569990+00:00", "symbol": "ADA-USD"}, {"trade_id": 143791721, "side": "buy", "size": "1704.14835000", "price": "0.74830000", "time": "2025-07-16T01:09:26.156705Z", "fetched_at": "2025-07-16T01:10:49.569990+00:00", "symbol": "ADA-USD"}, {"trade_id": 143791720, "side": "buy", "size": "1.50000000", "price": "0.74830000", "time": "2025-07-16T01:09:26.156705Z", "fetched_at": "2025-07-16T01:10:49.569990+00:00", "symbol": "ADA-USD"}, {"trade_id": 143791719, "side": "buy", "size": "594.00000000", "price": "0.74830000", "time": "2025-07-16T01:09:26.156705Z", "fetched_at": "2025-07-16T01:10:49.569990+00:00", "symbol": "ADA-USD"}, {"trade_id": 143791718, "side": "buy", "size": "1704.83123000", "price": "0.74840000", "time": "2025-07-16T01:09:26.150062Z", "fetched_at": "2025-07-16T01:10:49.569990+00:00", "symbol": "ADA-USD"}, {"trade_id": 143791717, "side": "buy", "size": "673.63311071", "price": "0.74840000", "time": "2025-07-16T01:09:26.150062Z", "fetched_at": "2025-07-16T01:10:49.569990+00:00", "symbol": "ADA-USD"}, {"trade_id": 143791716, "side": "buy", "size": "1.50000000", "price": "0.74840000", "time": "2025-07-16T01:09:26.150062Z", "fetched_at": "2025-07-16T01:10:49.569990+00:00", "symbol": "ADA-USD"}, {"trade_id": 143791715, "side": "buy", "size": "594.00000000", "price": "0.74840000", "time": "2025-07-16T01:09:26.150062Z", "fetched_at": "2025-07-16T01:10:49.569990+00:00", "symbol": "ADA-USD"}, {"trade_id": 143791714, "side": "buy", "size": "166.44121595", "price": "0.74850000", "time": "2025-07-16T01:09:26.150062Z", "fetched_at": "2025-07-16T01:10:49.569990+00:00", "symbol": "ADA-USD"}, {"trade_id": 143791713, "side": "buy", "size": "500.00000000", "price": "0.74850000", "time": "2025-07-16T01:09:26.150062Z", "fetched_at": "2025-07-16T01:10:49.569990+00:00", "symbol": "ADA-USD"}, {"trade_id": 143791712, "side": "buy", "size": "1.50000000", "price": "0.74850000", "time": "2025-07-16T01:09:26.150062Z", "fetched_at": "2025-07-16T01:10:49.569990+00:00", "symbol": "ADA-USD"}, {"trade_id": 143791711, "side": "sell", "size": "2.64352500", "price": "0.74860000", "time": "2025-07-16T01:09:25.862623Z", "fetched_at": "2025-07-16T01:10:49.569990+00:00", "symbol": "ADA-USD"}, {"trade_id": 143791710, "side": "sell", "size": "677.68493760", "price": "0.74870000", "time": "2025-07-16T01:09:23.662491Z", "fetched_at": "2025-07-16T01:10:49.569990+00:00", "symbol": "ADA-USD"}, {"trade_id": 143791709, "side": "sell", "size": "248.66976000", "price": "0.74870000", "time": "2025-07-16T01:09:23.662491Z", "fetched_at": "2025-07-16T01:10:49.569990+00:00", "symbol": "ADA-USD"}, {"trade_id": 143791708, "side": "sell", "size": "46.64614040", "price": "0.74860000", "time": "2025-07-16T01:09:23.662491Z", "fetched_at": "2025-07-16T01:10:49.569990+00:00", "symbol": "ADA-USD"}, {"trade_id": 143791707, "side": "sell", "size": "6.27837100", "price": "0.74860000", "time": "2025-07-16T01:09:22.829834Z", "fetched_at": "2025-07-16T01:10:49.569990+00:00", "symbol": "ADA-USD"}, {"trade_id": 143791706, "side": "buy", "size": "624.17999650", "price": "0.74880000", "time": "2025-07-16T01:09:19.037973Z", "fetched_at": "2025-07-16T01:10:49.569990+00:00", "symbol": "ADA-USD"}, {"trade_id": 143791705, "side": "buy", "size": "624.17669350", "price": "0.74880000", "time": "2025-07-16T01:09:19.037973Z", "fetched_at": "2025-07-16T01:10:49.569990+00:00", "symbol": "ADA-USD"}, {"trade_id": 143791704, "side": "buy", "size": "67.99020000", "price": "0.74880000", "time": "2025-07-16T01:09:18.637008Z", "fetched_at": "2025-07-16T01:10:49.569990+00:00", "symbol": "ADA-USD"}, {"trade_id": 143791703, "side": "sell", "size": "594.00000000", "price": "0.74890000", "time": "2025-07-16T01:09:17.431645Z", "fetched_at": "2025-07-16T01:10:49.569990+00:00", "symbol": "ADA-USD"}, {"trade_id": 143791702, "side": "sell", "size": "275.69095044", "price": "0.74890000", "time": "2025-07-16T01:09:17.431645Z", "fetched_at": "2025-07-16T01:10:49.569990+00:00", "symbol": "ADA-USD"}, {"trade_id": 143791701, "side": "sell", "size": "318.30904956", "price": "0.74890000", "time": "2025-07-16T01:09:17.431645Z", "fetched_at": "2025-07-16T01:10:49.569990+00:00", "symbol": "ADA-USD"}, {"trade_id": 143791700, "side": "sell", "size": "54.69559044", "price": "0.74890000", "time": "2025-07-16T01:09:17.422736Z", "fetched_at": "2025-07-16T01:10:49.569990+00:00", "symbol": "ADA-USD"}, {"trade_id": 143791699, "side": "sell", "size": "594.00000000", "price": "0.74880000", "time": "2025-07-16T01:09:17.422736Z", "fetched_at": "2025-07-16T01:10:49.569990+00:00", "symbol": "ADA-USD"}, {"trade_id": 143791698, "side": "sell", "size": "224.85317802", "price": "0.74880000", "time": "2025-07-16T01:09:17.421002Z", "fetched_at": "2025-07-16T01:10:49.569990+00:00", "symbol": "ADA-USD"}, {"trade_id": 143791697, "side": "sell", "size": "23.81658198", "price": "0.74880000", "time": "2025-07-16T01:09:17.418263Z", "fetched_at": "2025-07-16T01:10:49.569990+00:00", "symbol": "ADA-USD"}, {"trade_id": 143791696, "side": "sell", "size": "594.00000000", "price": "0.74880000", "time": "2025-07-16T01:09:17.418263Z", "fetched_at": "2025-07-16T01:10:49.569990+00:00", "symbol": "ADA-USD"}, {"trade_id": 143791695, "side": "sell", "size": "166.34115971", "price": "0.74880000", "time": "2025-07-16T01:09:17.408710Z", "fetched_at": "2025-07-16T01:10:49.569990+00:00", "symbol": "ADA-USD"}, {"trade_id": 143791694, "side": "sell", "size": "594.00000000", "price": "0.74880000", "time": "2025-07-16T01:09:17.408710Z", "fetched_at": "2025-07-16T01:10:49.569990+00:00", "symbol": "ADA-USD"}, {"trade_id": 143791693, "side": "sell", "size": "21.98453721", "price": "0.74880000", "time": "2025-07-16T01:09:17.408710Z", "fetched_at": "2025-07-16T01:10:49.569990+00:00", "symbol": "ADA-USD"}, {"trade_id": 143791692, "side": "sell", "size": "275.69095044", "price": "0.74870000", "time": "2025-07-16T01:09:17.408710Z", "fetched_at": "2025-07-16T01:10:49.569990+00:00", "symbol": "ADA-USD"}, {"trade_id": 143791691, "side": "sell", "size": "275.69095044", "price": "0.74870000", "time": "2025-07-16T01:09:17.391998Z", "fetched_at": "2025-07-16T01:10:49.569990+00:00", "symbol": "ADA-USD"}, {"trade_id": 143791690, "side": "sell", "size": "50.00000000", "price": "0.74870000", "time": "2025-07-16T01:09:17.391998Z", "fetched_at": "2025-07-16T01:10:49.569990+00:00", "symbol": "ADA-USD"}, {"trade_id": 143791689, "side": "sell", "size": "25.85470739", "price": "0.74860000", "time": "2025-07-16T01:09:17.337931Z", "fetched_at": "2025-07-16T01:10:49.569990+00:00", "symbol": "ADA-USD"}, {"trade_id": 143791688, "side": "sell", "size": "17.54980000", "price": "0.74870000", "time": "2025-07-16T01:09:17.327837Z", "fetched_at": "2025-07-16T01:10:49.569990+00:00", "symbol": "ADA-USD"}, {"trade_id": 143791687, "side": "sell", "size": "373.00464000", "price": "0.74860000", "time": "2025-07-16T01:09:17.327837Z", "fetched_at": "2025-07-16T01:10:49.569990+00:00", "symbol": "ADA-USD"}, {"trade_id": 143791686, "side": "buy", "size": "191.61780791", "price": "0.74860000", "time": "2025-07-16T01:09:17.325394Z", "fetched_at": "2025-07-16T01:10:49.569990+00:00", "symbol": "ADA-USD"}, {"trade_id": 143791685, "side": "buy", "size": "275.69095044", "price": "0.74860000", "time": "2025-07-16T01:09:17.325394Z", "fetched_at": "2025-07-16T01:10:49.569990+00:00", "symbol": "ADA-USD"}, {"trade_id": 143791684, "side": "buy", "size": "28793.77077952", "price": "0.74860000", "time": "2025-07-16T01:09:17.325394Z", "fetched_at": "2025-07-16T01:10:49.569990+00:00", "symbol": "ADA-USD"}, {"trade_id": 143791683, "side": "buy", "size": "24042.99116048", "price": "0.74860000", "time": "2025-07-16T01:09:17.323377Z", "fetched_at": "2025-07-16T01:10:49.569990+00:00", "symbol": "ADA-USD"}, {"trade_id": 143791682, "side": "buy", "size": "1.50000000", "price": "0.74860000", "time": "2025-07-16T01:09:17.323377Z", "fetched_at": "2025-07-16T01:10:49.569990+00:00", "symbol": "ADA-USD"}, {"trade_id": 143791681, "side": "buy", "size": "594.00000000", "price": "0.74860000", "time": "2025-07-16T01:09:17.323377Z", "fetched_at": "2025-07-16T01:10:49.569990+00:00", "symbol": "ADA-USD"}, {"trade_id": 143791680, "side": "buy", "size": "10382.34166000", "price": "0.74870000", "time": "2025-07-16T01:09:17.323377Z", "fetched_at": "2025-07-16T01:10:49.569990+00:00", "symbol": "ADA-USD"}, {"trade_id": 143791679, "side": "buy", "size": "4827.00000000", "price": "0.74870000", "time": "2025-07-16T01:09:17.323377Z", "fetched_at": "2025-07-16T01:10:49.569990+00:00", "symbol": "ADA-USD"}, {"trade_id": 143791678, "side": "buy", "size": "667.79812952", "price": "0.74870000", "time": "2025-07-16T01:09:17.323377Z", "fetched_at": "2025-07-16T01:10:49.569990+00:00", "symbol": "ADA-USD"}, {"trade_id": 143791677, "side": "buy", "size": "1.50000000", "price": "0.74870000", "time": "2025-07-16T01:09:17.323377Z", "fetched_at": "2025-07-16T01:10:49.569990+00:00", "symbol": "ADA-USD"}, {"trade_id": 143791676, "side": "buy", "size": "458.01960000", "price": "0.74870000", "time": "2025-07-16T01:09:17.323377Z", "fetched_at": "2025-07-16T01:10:49.569990+00:00", "symbol": "ADA-USD"}, {"trade_id": 143791675, "side": "buy", "size": "67.99020000", "price": "0.74870000", "time": "2025-07-16T01:09:17.322973Z", "fetched_at": "2025-07-16T01:10:49.569990+00:00", "symbol": "ADA-USD"}, {"trade_id": 143791674, "side": "buy", "size": "67.99020000", "price": "0.74870000", "time": "2025-07-16T01:09:17.322956Z", "fetched_at": "2025-07-16T01:10:49.569990+00:00", "symbol": "ADA-USD"}, {"trade_id": 143791673, "side": "buy", "size": "161.71241811", "price": "0.74880000", "time": "2025-07-16T01:09:17.322265Z", "fetched_at": "2025-07-16T01:10:49.569990+00:00", "symbol": "ADA-USD"}, {"trade_id": 143791672, "side": "buy", "size": "385.57832662", "price": "0.74880000", "time": "2025-07-16T01:09:17.322265Z", "fetched_at": "2025-07-16T01:10:49.569990+00:00", "symbol": "ADA-USD"}, {"trade_id": 143791671, "side": "buy", "size": "679.54634894", "price": "0.74880000", "time": "2025-07-16T01:09:17.322265Z", "fetched_at": "2025-07-16T01:10:49.569990+00:00", "symbol": "ADA-USD"}, {"trade_id": 143791670, "side": "buy", "size": "794.26045997", "price": "0.74880000", "time": "2025-07-16T01:09:17.322265Z", "fetched_at": "2025-07-16T01:10:49.569990+00:00", "symbol": "ADA-USD"}, {"trade_id": 143791669, "side": "buy", "size": "1.50000000", "price": "0.74880000", "time": "2025-07-16T01:09:17.322265Z", "fetched_at": "2025-07-16T01:10:49.569990+00:00", "symbol": "ADA-USD"}, {"trade_id": 143791668, "side": "buy", "size": "66.60657051", "price": "0.74880000", "time": "2025-07-16T01:09:17.322265Z", "fetched_at": "2025-07-16T01:10:49.569990+00:00", "symbol": "ADA-USD"}, {"trade_id": 143791667, "side": "buy", "size": "1637.03958555", "price": "0.74880000", "time": "2025-07-16T01:09:17.322265Z", "fetched_at": "2025-07-16T01:10:49.569990+00:00", "symbol": "ADA-USD"}, {"trade_id": 143791666, "side": "buy", "size": "2321.32581028", "price": "0.74880000", "time": "2025-07-16T01:09:17.322077Z", "fetched_at": "2025-07-16T01:10:49.569990+00:00", "symbol": "ADA-USD"}, {"trade_id": 143791665, "side": "buy", "size": "67.96003059", "price": "0.74890000", "time": "2025-07-16T01:09:17.321639Z", "fetched_at": "2025-07-16T01:10:49.569990+00:00", "symbol": "ADA-USD"}, {"trade_id": 143791664, "side": "buy", "size": "45.14000000", "price": "0.74890000", "time": "2025-07-16T01:09:17.321639Z", "fetched_at": "2025-07-16T01:10:49.569990+00:00", "symbol": "ADA-USD"}, {"trade_id": 143791663, "side": "buy", "size": "580.24000000", "price": "0.74890000", "time": "2025-07-16T01:09:17.321639Z", "fetched_at": "2025-07-16T01:10:49.569990+00:00", "symbol": "ADA-USD"}, {"trade_id": 143791662, "side": "buy", "size": "500.00000000", "price": "0.74890000", "time": "2025-07-16T01:09:17.321639Z", "fetched_at": "2025-07-16T01:10:49.569990+00:00", "symbol": "ADA-USD"}, {"trade_id": 143791661, "side": "buy", "size": "551.26000000", "price": "0.74890000", "time": "2025-07-16T01:09:17.321639Z", "fetched_at": "2025-07-16T01:10:49.569990+00:00", "symbol": "ADA-USD"}, {"trade_id": 143791660, "side": "buy", "size": "1.50000000", "price": "0.74890000", "time": "2025-07-16T01:09:17.321639Z", "fetched_at": "2025-07-16T01:10:49.569990+00:00", "symbol": "ADA-USD"}, {"trade_id": 143791659, "side": "buy", "size": "0.00000023", "price": "0.74900000", "time": "2025-07-16T01:09:12.080873Z", "fetched_at": "2025-07-16T01:10:49.569990+00:00", "symbol": "ADA-USD"}, {"trade_id": 143791658, "side": "buy", "size": "49.46754000", "price": "0.74900000", "time": "2025-07-16T01:09:12.080219Z", "fetched_at": "2025-07-16T01:10:49.569990+00:00", "symbol": "ADA-USD"}, {"trade_id": 143791657, "side": "buy", "size": "2216.10445629", "price": "0.74900000", "time": "2025-07-16T01:09:11.296148Z", "fetched_at": "2025-07-16T01:10:49.569990+00:00", "symbol": "ADA-USD"}, {"trade_id": 143791656, "side": "buy", "size": "1.50000000", "price": "0.74900000", "time": "2025-07-16T01:09:11.296148Z", "fetched_at": "2025-07-16T01:10:49.569990+00:00", "symbol": "ADA-USD"}, {"trade_id": 143791655, "side": "buy", "size": "115.72355300", "price": "0.74910000", "time": "2025-07-16T01:09:10.406956Z", "fetched_at": "2025-07-16T01:10:49.569990+00:00", "symbol": "ADA-USD"}, {"trade_id": 143791654, "side": "buy", "size": "667.92935100", "price": "0.74910000", "time": "2025-07-16T01:09:07.404861Z", "fetched_at": "2025-07-16T01:10:49.569990+00:00", "symbol": "ADA-USD"}, {"trade_id": 143791653, "side": "buy", "size": "1.50000000", "price": "0.74910000", "time": "2025-07-16T01:09:07.404861Z", "fetched_at": "2025-07-16T01:10:49.569990+00:00", "symbol": "ADA-USD"}, {"trade_id": 143791652, "side": "buy", "size": "821.53128507", "price": "0.74920000", "time": "2025-07-16T01:09:06.484949Z", "fetched_at": "2025-07-16T01:10:49.569990+00:00", "symbol": "ADA-USD"}, {"trade_id": 143791651, "side": "buy", "size": "3653.36777778", "price": "0.74920000", "time": "2025-07-16T01:09:06.470344Z", "fetched_at": "2025-07-16T01:10:49.569990+00:00", "symbol": "ADA-USD"}, {"trade_id": 143791650, "side": "buy", "size": "4601.92000000", "price": "0.74920000", "time": "2025-07-16T01:09:06.470344Z", "fetched_at": "2025-07-16T01:10:49.569990+00:00", "symbol": "ADA-USD"}, {"trade_id": 143791649, "side": "buy", "size": "1.50000000", "price": "0.74920000", "time": "2025-07-16T01:09:06.470344Z", "fetched_at": "2025-07-16T01:10:49.569990+00:00", "symbol": "ADA-USD"}, {"trade_id": 143791648, "side": "buy", "size": "1.50000000", "price": "0.74930000", "time": "2025-07-16T01:09:05.932531Z", "fetched_at": "2025-07-16T01:10:49.569990+00:00", "symbol": "ADA-USD"}, {"trade_id": 143791647, "side": "sell", "size": "52.84227400", "price": "0.74940000", "time": "2025-07-16T01:09:05.553150Z", "fetched_at": "2025-07-16T01:10:49.569990+00:00", "symbol": "ADA-USD"}, {"trade_id": 143791646, "side": "sell", "size": "32.40144000", "price": "0.74940000", "time": "2025-07-16T01:08:55.813974Z", "fetched_at": "2025-07-16T01:10:49.569990+00:00", "symbol": "ADA-USD"}, {"trade_id": 143791645, "side": "buy", "size": "1.50000000", "price": "0.74940000", "time": "2025-07-16T01:08:54.850971Z", "fetched_at": "2025-07-16T01:10:49.569990+00:00", "symbol": "ADA-USD"}, {"trade_id": 143791644, "side": "buy", "size": "1.50000000", "price": "0.74950000", "time": "2025-07-16T01:08:53.671631Z", "fetched_at": "2025-07-16T01:10:49.569990+00:00", "symbol": "ADA-USD"}, {"trade_id": 143791643, "side": "buy", "size": "1.50000000", "price": "0.74960000", "time": "2025-07-16T01:08:53.056321Z", "fetched_at": "2025-07-16T01:10:49.569990+00:00", "symbol": "ADA-USD"}, {"trade_id": 143791642, "side": "buy", "size": "166.18000000", "price": "0.74970000", "time": "2025-07-16T01:08:51.311402Z", "fetched_at": "2025-07-16T01:10:49.569990+00:00", "symbol": "ADA-USD"}, {"trade_id": 143791641, "side": "buy", "size": "166.17480344", "price": "0.74970000", "time": "2025-07-16T01:08:51.311402Z", "fetched_at": "2025-07-16T01:10:49.569990+00:00", "symbol": "ADA-USD"}, {"trade_id": 143791640, "side": "sell", "size": "24.14529261", "price": "0.74990000", "time": "2025-07-16T01:08:49.274355Z", "fetched_at": "2025-07-16T01:10:49.569990+00:00", "symbol": "ADA-USD"}, {"trade_id": 143791639, "side": "sell", "size": "86.01019439", "price": "0.74980000", "time": "2025-07-16T01:08:49.274355Z", "fetched_at": "2025-07-16T01:10:49.569990+00:00", "symbol": "ADA-USD"}, {"trade_id": 143791638, "side": "buy", "size": "33.33777800", "price": "0.74970000", "time": "2025-07-16T01:08:46.851136Z", "fetched_at": "2025-07-16T01:10:49.569990+00:00", "symbol": "ADA-USD"}, {"trade_id": 143791637, "side": "sell", "size": "67.99020000", "price": "0.74980000", "time": "2025-07-16T01:08:43.750610Z", "fetched_at": "2025-07-16T01:10:49.569990+00:00", "symbol": "ADA-USD"}, {"trade_id": 143791636, "side": "buy", "size": "278.23514223", "price": "0.74970000", "time": "2025-07-16T01:08:42.448241Z", "fetched_at": "2025-07-16T01:10:49.569990+00:00", "symbol": "ADA-USD"}, {"trade_id": 143791635, "side": "buy", "size": "1.50000000", "price": "0.74970000", "time": "2025-07-16T01:08:42.448241Z", "fetched_at": "2025-07-16T01:10:49.569990+00:00", "symbol": "ADA-USD"}, {"trade_id": 143791634, "side": "buy", "size": "669.70000000", "price": "0.74980000", "time": "2025-07-16T01:08:42.448241Z", "fetched_at": "2025-07-16T01:10:49.569990+00:00", "symbol": "ADA-USD"}, {"trade_id": 143791633, "side": "buy", "size": "669.69960788", "price": "0.74980000", "time": "2025-07-16T01:08:42.448241Z", "fetched_at": "2025-07-16T01:10:49.569990+00:00", "symbol": "ADA-USD"}, {"trade_id": 143791632, "side": "buy", "size": "167.66000000", "price": "0.74980000", "time": "2025-07-16T01:08:42.448241Z", "fetched_at": "2025-07-16T01:10:49.569990+00:00", "symbol": "ADA-USD"}, {"trade_id": 143791631, "side": "buy", "size": "166.15264089", "price": "0.74980000", "time": "2025-07-16T01:08:42.448241Z", "fetched_at": "2025-07-16T01:10:49.569990+00:00", "symbol": "ADA-USD"}, {"trade_id": 143791630, "side": "buy", "size": "1.50000000", "price": "0.74980000", "time": "2025-07-16T01:08:42.448241Z", "fetched_at": "2025-07-16T01:10:49.569990+00:00", "symbol": "ADA-USD"}, {"trade_id": 143791629, "side": "buy", "size": "50.00000000", "price": "0.74990000", "time": "2025-07-16T01:08:32.268406Z", "fetched_at": "2025-07-16T01:10:49.569990+00:00", "symbol": "ADA-USD"}, {"trade_id": 143791628, "side": "sell", "size": "6.27000000", "price": "0.75030000", "time": "2025-07-16T01:08:29.866805Z", "fetched_at": "2025-07-16T01:10:49.569990+00:00", "symbol": "ADA-USD"}, {"trade_id": 143791627, "side": "sell", "size": "32.39280000", "price": "0.75030000", "time": "2025-07-16T01:08:26.300591Z", "fetched_at": "2025-07-16T01:10:49.569990+00:00", "symbol": "ADA-USD"}, {"trade_id": 143791626, "side": "sell", "size": "6.27083600", "price": "0.75040000", "time": "2025-07-16T01:08:25.820812Z", "fetched_at": "2025-07-16T01:10:49.569990+00:00", "symbol": "ADA-USD"}, {"trade_id": 143791625, "side": "sell", "size": "3.27083600", "price": "0.75040000", "time": "2025-07-16T01:08:25.215840Z", "fetched_at": "2025-07-16T01:10:49.569990+00:00", "symbol": "ADA-USD"}, {"trade_id": 143791624, "side": "sell", "size": "1.50000000", "price": "0.75040000", "time": "2025-07-16T01:08:25.215840Z", "fetched_at": "2025-07-16T01:10:49.569990+00:00", "symbol": "ADA-USD"}, {"trade_id": 143791623, "side": "sell", "size": "1.50000000", "price": "0.75030000", "time": "2025-07-16T01:08:25.215840Z", "fetched_at": "2025-07-16T01:10:49.569990+00:00", "symbol": "ADA-USD"}, {"trade_id": 143791622, "side": "buy", "size": "15.99786700", "price": "0.75020000", "time": "2025-07-16T01:08:23.852727Z", "fetched_at": "2025-07-16T01:10:49.569990+00:00", "symbol": "ADA-USD"}, {"trade_id": 143791621, "side": "buy", "size": "67.99020000", "price": "0.75020000", "time": "2025-07-16T01:08:23.619387Z", "fetched_at": "2025-07-16T01:10:49.569990+00:00", "symbol": "ADA-USD"}, {"trade_id": 143791620, "side": "sell", "size": "10.20176000", "price": "0.75020000", "time": "2025-07-16T01:08:22.542045Z", "fetched_at": "2025-07-16T01:10:49.569990+00:00", "symbol": "ADA-USD"}, {"trade_id": 143791619, "side": "sell", "size": "1.50000000", "price": "0.75020000", "time": "2025-07-16T01:08:22.542045Z", "fetched_at": "2025-07-16T01:10:49.569990+00:00", "symbol": "ADA-USD"}, {"trade_id": 143791618, "side": "sell", "size": "1.50000000", "price": "0.75010000", "time": "2025-07-16T01:08:22.542045Z", "fetched_at": "2025-07-16T01:10:49.569990+00:00", "symbol": "ADA-USD"}, {"trade_id": 143791617, "side": "buy", "size": "425.08040027", "price": "0.75000000", "time": "2025-07-16T01:08:21.034208Z", "fetched_at": "2025-07-16T01:10:49.569990+00:00", "symbol": "ADA-USD"}, {"trade_id": 143791616, "side": "buy", "size": "500.00000000", "price": "0.75000000", "time": "2025-07-16T01:08:21.034208Z", "fetched_at": "2025-07-16T01:10:49.569990+00:00", "symbol": "ADA-USD"}, {"trade_id": 143791615, "side": "buy", "size": "593.45959973", "price": "0.75000000", "time": "2025-07-16T01:08:21.034208Z", "fetched_at": "2025-07-16T01:10:49.569990+00:00", "symbol": "ADA-USD"}, {"trade_id": 143791614, "side": "buy", "size": "1187.46000000", "price": "0.75000000", "time": "2025-07-16T01:08:21.034208Z", "fetched_at": "2025-07-16T01:10:49.569990+00:00", "symbol": "ADA-USD"}, {"trade_id": 143791613, "side": "buy", "size": "594.00000000", "price": "0.75000000", "time": "2025-07-16T01:08:21.034208Z", "fetched_at": "2025-07-16T01:10:49.569990+00:00", "symbol": "ADA-USD"}, {"trade_id": 143791612, "side": "sell", "size": "1.50000000", "price": "0.75000000", "time": "2025-07-16T01:08:19.435570Z", "fetched_at": "2025-07-16T01:10:49.569990+00:00", "symbol": "ADA-USD"}, {"trade_id": 143791611, "side": "buy", "size": "67.99020000", "price": "0.74990000", "time": "2025-07-16T01:08:16.515061Z", "fetched_at": "2025-07-16T01:10:49.569990+00:00", "symbol": "ADA-USD"}, {"trade_id": 143791610, "side": "buy", "size": "67.99020000", "price": "0.74980000", "time": "2025-07-16T01:08:14.443802Z", "fetched_at": "2025-07-16T01:10:49.569990+00:00", "symbol": "ADA-USD"}, {"trade_id": 143791609, "side": "buy", "size": "46.67911443", "price": "0.74980000", "time": "2025-07-16T01:08:13.356039Z", "fetched_at": "2025-07-16T01:10:49.569990+00:00", "symbol": "ADA-USD"}, {"trade_id": 143791608, "side": "sell", "size": "7.18288265", "price": "0.74980000", "time": "2025-07-16T01:08:12.166938Z", "fetched_at": "2025-07-16T01:10:49.569990+00:00", "symbol": "ADA-USD"}, {"trade_id": 143791607, "side": "sell", "size": "154.17639900", "price": "0.74980000", "time": "2025-07-16T01:08:12.166938Z", "fetched_at": "2025-07-16T01:10:49.569990+00:00", "symbol": "ADA-USD"}, {"trade_id": 143791606, "side": "sell", "size": "379.50164900", "price": "0.74980000", "time": "2025-07-16T01:08:08.923594Z", "fetched_at": "2025-07-16T01:10:49.569990+00:00", "symbol": "ADA-USD"}, {"trade_id": 143791605, "side": "sell", "size": "466.32195200", "price": "0.74980000", "time": "2025-07-16T01:08:06.207026Z", "fetched_at": "2025-07-16T01:10:49.569990+00:00", "symbol": "ADA-USD"}, {"trade_id": 143791604, "side": "sell", "size": "26.40704200", "price": "0.74970000", "time": "2025-07-16T01:08:01.883332Z", "fetched_at": "2025-07-16T01:10:49.569990+00:00", "symbol": "ADA-USD"}, {"trade_id": 143791603, "side": "buy", "size": "1.50000000", "price": "0.74970000", "time": "2025-07-16T01:08:01.157360Z", "fetched_at": "2025-07-16T01:10:49.569990+00:00", "symbol": "ADA-USD"}, {"trade_id": 143791602, "side": "sell", "size": "235.21611700", "price": "0.74980000", "time": "2025-07-16T01:07:56.527987Z", "fetched_at": "2025-07-16T01:10:49.569990+00:00", "symbol": "ADA-USD"}, {"trade_id": 143791601, "side": "sell", "size": "0.10000000", "price": "0.74970000", "time": "2025-07-16T01:07:47.563364Z", "fetched_at": "2025-07-16T01:10:49.569990+00:00", "symbol": "ADA-USD"}, {"trade_id": 143791600, "side": "sell", "size": "6.47709000", "price": "0.74970000", "time": "2025-07-16T01:07:42.021754Z", "fetched_at": "2025-07-16T01:10:49.569990+00:00", "symbol": "ADA-USD"}, {"trade_id": 143791599, "side": "buy", "size": "7.05999000", "price": "0.74970000", "time": "2025-07-16T01:07:37.279624Z", "fetched_at": "2025-07-16T01:10:49.569990+00:00", "symbol": "ADA-USD"}, {"trade_id": 143791598, "side": "sell", "size": "23.30697369", "price": "0.74990000", "time": "2025-07-16T01:07:36.099895Z", "fetched_at": "2025-07-16T01:10:49.569990+00:00", "symbol": "ADA-USD"}, {"trade_id": 143791597, "side": "sell", "size": "1.50000000", "price": "0.74990000", "time": "2025-07-16T01:07:36.099895Z", "fetched_at": "2025-07-16T01:10:49.569990+00:00", "symbol": "ADA-USD"}, {"trade_id": 143791596, "side": "sell", "size": "667.52484831", "price": "0.74980000", "time": "2025-07-16T01:07:36.099895Z", "fetched_at": "2025-07-16T01:10:49.569990+00:00", "symbol": "ADA-USD"}, {"trade_id": 143791595, "side": "sell", "size": "1.50000000", "price": "0.74980000", "time": "2025-07-16T01:07:36.099895Z", "fetched_at": "2025-07-16T01:10:49.569990+00:00", "symbol": "ADA-USD"}, {"trade_id": 143791594, "side": "sell", "size": "2.29546244", "price": "0.74970000", "time": "2025-07-16T01:07:29.015571Z", "fetched_at": "2025-07-16T01:10:49.569990+00:00", "symbol": "ADA-USD"}, {"trade_id": 143791593, "side": "buy", "size": "18.66748104", "price": "0.74970000", "time": "2025-07-16T01:07:26.800297Z", "fetched_at": "2025-07-16T01:10:49.569990+00:00", "symbol": "ADA-USD"}, {"trade_id": 143791592, "side": "buy", "size": "49.32271896", "price": "0.74970000", "time": "2025-07-16T01:07:26.800297Z", "fetched_at": "2025-07-16T01:10:49.569990+00:00", "symbol": "ADA-USD"}, {"trade_id": 143791591, "side": "sell", "size": "1.50000000", "price": "0.74970000", "time": "2025-07-16T01:07:26.787691Z", "fetched_at": "2025-07-16T01:10:49.569990+00:00", "symbol": "ADA-USD"}, {"trade_id": 143791590, "side": "sell", "size": "14.01896582", "price": "0.74960000", "time": "2025-07-16T01:07:26.787691Z", "fetched_at": "2025-07-16T01:10:49.569990+00:00", "symbol": "ADA-USD"}, {"trade_id": 143791589, "side": "sell", "size": "18.59092448", "price": "0.74950000", "time": "2025-07-16T01:07:25.700380Z", "fetched_at": "2025-07-16T01:10:49.569990+00:00", "symbol": "ADA-USD"}, {"trade_id": 143791588, "side": "sell", "size": "120.78691000", "price": "0.74950000", "time": "2025-07-16T01:07:25.696953Z", "fetched_at": "2025-07-16T01:10:49.569990+00:00", "symbol": "ADA-USD"}, {"trade_id": 143791587, "side": "sell", "size": "6.60440300", "price": "0.74960000", "time": "2025-07-16T01:07:23.459886Z", "fetched_at": "2025-07-16T01:10:49.569990+00:00", "symbol": "ADA-USD"}, {"trade_id": 143791586, "side": "sell", "size": "6.27418300", "price": "0.74960000", "time": "2025-07-16T01:07:21.698335Z", "fetched_at": "2025-07-16T01:10:49.569990+00:00", "symbol": "ADA-USD"}, {"trade_id": 143791585, "side": "sell", "size": "13.50000000", "price": "0.74960000", "time": "2025-07-16T01:07:20.943563Z", "fetched_at": "2025-07-16T01:10:49.569990+00:00", "symbol": "ADA-USD"}, {"trade_id": 143791584, "side": "sell", "size": "1.50000000", "price": "0.74960000", "time": "2025-07-16T01:07:20.943563Z", "fetched_at": "2025-07-16T01:10:49.569990+00:00", "symbol": "ADA-USD"}, {"trade_id": 143791583, "side": "sell", "size": "41.82097496", "price": "0.74940000", "time": "2025-07-16T01:07:18.296009Z", "fetched_at": "2025-07-16T01:10:49.569990+00:00", "symbol": "ADA-USD"}, {"trade_id": 143791582, "side": "sell", "size": "124.38691000", "price": "0.74940000", "time": "2025-07-16T01:07:18.295950Z", "fetched_at": "2025-07-16T01:10:49.569990+00:00", "symbol": "ADA-USD"}, {"trade_id": 143791581, "side": "buy", "size": "36.05478801", "price": "0.74940000", "time": "2025-07-16T01:07:14.611839Z", "fetched_at": "2025-07-16T01:10:49.569990+00:00", "symbol": "ADA-USD"}, {"trade_id": 143791580, "side": "buy", "size": "537.56000000", "price": "0.74940000", "time": "2025-07-16T01:07:14.611839Z", "fetched_at": "2025-07-16T01:10:49.569990+00:00", "symbol": "ADA-USD"}, {"trade_id": 143791579, "side": "buy", "size": "1.50000000", "price": "0.74940000", "time": "2025-07-16T01:07:14.611839Z", "fetched_at": "2025-07-16T01:10:49.569990+00:00", "symbol": "ADA-USD"}, {"trade_id": 143791578, "side": "sell", "size": "30.35190600", "price": "0.74950000", "time": "2025-07-16T01:07:06.700401Z", "fetched_at": "2025-07-16T01:10:49.569990+00:00", "symbol": "ADA-USD"}, {"trade_id": 143791577, "side": "buy", "size": "0.00005882", "price": "0.74950000", "time": "2025-07-16T01:07:02.669137Z", "fetched_at": "2025-07-16T01:10:49.569990+00:00", "symbol": "ADA-USD"}, {"trade_id": 143791576, "side": "buy", "size": "12.76260000", "price": "0.74950000", "time": "2025-07-16T01:07:02.666208Z", "fetched_at": "2025-07-16T01:10:49.569990+00:00", "symbol": "ADA-USD"}, {"trade_id": 143791575, "side": "buy", "size": "1.50000000", "price": "0.74950000", "time": "2025-07-16T01:07:02.666208Z", "fetched_at": "2025-07-16T01:10:49.569990+00:00", "symbol": "ADA-USD"}, {"trade_id": 143791574, "side": "buy", "size": "14.74758398", "price": "0.74960000", "time": "2025-07-16T01:07:02.383790Z", "fetched_at": "2025-07-16T01:10:49.569990+00:00", "symbol": "ADA-USD"}, {"trade_id": 143791573, "side": "buy", "size": "1.50000000", "price": "0.74960000", "time": "2025-07-16T01:07:02.383790Z", "fetched_at": "2025-07-16T01:10:49.569990+00:00", "symbol": "ADA-USD"}, {"trade_id": 143791572, "side": "buy", "size": "23.13767425", "price": "0.74970000", "time": "2025-07-16T01:07:01.750255Z", "fetched_at": "2025-07-16T01:10:49.569990+00:00", "symbol": "ADA-USD"}, {"trade_id": 143791571, "side": "buy", "size": "1.50000000", "price": "0.74970000", "time": "2025-07-16T01:07:01.750255Z", "fetched_at": "2025-07-16T01:10:49.569990+00:00", "symbol": "ADA-USD"}, {"trade_id": 143791570, "side": "buy", "size": "1.50000000", "price": "0.74980000", "time": "2025-07-16T01:07:01.709329Z", "fetched_at": "2025-07-16T01:10:49.569990+00:00", "symbol": "ADA-USD"}, {"trade_id": 143791569, "side": "buy", "size": "1.50000000", "price": "0.74990000", "time": "2025-07-16T01:07:00.874786Z", "fetched_at": "2025-07-16T01:10:49.569990+00:00", "symbol": "ADA-USD"}, {"trade_id": 143791568, "side": "buy", "size": "9.14000000", "price": "0.75000000", "time": "2025-07-16T01:06:55.383534Z", "fetched_at": "2025-07-16T01:10:49.569990+00:00", "symbol": "ADA-USD"}, {"trade_id": 143791567, "side": "buy", "size": "143.92788296", "price": "0.75000000", "time": "2025-07-16T01:06:55.383534Z", "fetched_at": "2025-07-16T01:10:49.569990+00:00", "symbol": "ADA-USD"}, {"trade_id": 143791566, "side": "buy", "size": "136.29000000", "price": "0.75000000", "time": "2025-07-16T01:06:55.383534Z", "fetched_at": "2025-07-16T01:10:49.569990+00:00", "symbol": "ADA-USD"}, {"trade_id": 143791565, "side": "buy", "size": "1.50000000", "price": "0.75000000", "time": "2025-07-16T01:06:55.383534Z", "fetched_at": "2025-07-16T01:10:49.569990+00:00", "symbol": "ADA-USD"}, {"trade_id": 143791564, "side": "buy", "size": "148.12477619", "price": "0.75010000", "time": "2025-07-16T01:06:52.986299Z", "fetched_at": "2025-07-16T01:10:49.569990+00:00", "symbol": "ADA-USD"}, {"trade_id": 143791563, "side": "buy", "size": "148.13000000", "price": "0.75010000", "time": "2025-07-16T01:06:52.986299Z", "fetched_at": "2025-07-16T01:10:49.569990+00:00", "symbol": "ADA-USD"}, {"trade_id": 143791562, "side": "sell", "size": "6.31858800", "price": "0.75020000", "time": "2025-07-16T01:06:48.982362Z", "fetched_at": "2025-07-16T01:10:49.569990+00:00", "symbol": "ADA-USD"}, {"trade_id": 143791561, "side": "buy", "size": "157.29960300", "price": "0.75010000", "time": "2025-07-16T01:06:44.199361Z", "fetched_at": "2025-07-16T01:10:49.569990+00:00", "symbol": "ADA-USD"}, {"trade_id": 143791560, "side": "buy", "size": "1.50000000", "price": "0.75010000", "time": "2025-07-16T01:06:44.199361Z", "fetched_at": "2025-07-16T01:10:49.569990+00:00", "symbol": "ADA-USD"}, {"trade_id": 143791559, "side": "buy", "size": "594.00000000", "price": "0.75010000", "time": "2025-07-16T01:06:44.199361Z", "fetched_at": "2025-07-16T01:10:49.569990+00:00", "symbol": "ADA-USD"}, {"trade_id": 143791558, "side": "sell", "size": "0.83872100", "price": "0.75030000", "time": "2025-07-16T01:06:42.741482Z", "fetched_at": "2025-07-16T01:10:49.569990+00:00", "symbol": "ADA-USD"}, {"trade_id": 143791557, "side": "sell", "size": "168.69758100", "price": "0.75030000", "time": "2025-07-16T01:06:42.722554Z", "fetched_at": "2025-07-16T01:10:49.569990+00:00", "symbol": "ADA-USD"}, {"trade_id": 143791556, "side": "sell", "size": "234.01546000", "price": "0.75030000", "time": "2025-07-16T01:06:42.722554Z", "fetched_at": "2025-07-16T01:10:49.569990+00:00", "symbol": "ADA-USD"}, {"trade_id": 143791555, "side": "sell", "size": "244.71134300", "price": "0.75030000", "time": "2025-07-16T01:06:42.722554Z", "fetched_at": "2025-07-16T01:10:49.569990+00:00", "symbol": "ADA-USD"}, {"trade_id": 143791554, "side": "sell", "size": "3.95841700", "price": "0.75030000", "time": "2025-07-16T01:06:42.571887Z", "fetched_at": "2025-07-16T01:10:49.569990+00:00", "symbol": "ADA-USD"}, {"trade_id": 143791553, "side": "sell", "size": "23.38217500", "price": "0.75030000", "time": "2025-07-16T01:06:36.897490Z", "fetched_at": "2025-07-16T01:10:49.569990+00:00", "symbol": "ADA-USD"}, {"trade_id": 143791552, "side": "buy", "size": "305.22272200", "price": "0.75020000", "time": "2025-07-16T01:06:36.374584Z", "fetched_at": "2025-07-16T01:10:49.569990+00:00", "symbol": "ADA-USD"}, {"trade_id": 143791551, "side": "buy", "size": "1.50000000", "price": "0.75020000", "time": "2025-07-16T01:06:36.374584Z", "fetched_at": "2025-07-16T01:10:49.569990+00:00", "symbol": "ADA-USD"}, {"trade_id": 143791550, "side": "buy", "size": "5285.28039268", "price": "0.75030000", "time": "2025-07-16T01:06:30.612009Z", "fetched_at": "2025-07-16T01:10:49.569990+00:00", "symbol": "ADA-USD"}, {"trade_id": 143791549, "side": "buy", "size": "500.00000000", "price": "0.75030000", "time": "2025-07-16T01:06:30.612009Z", "fetched_at": "2025-07-16T01:10:49.569990+00:00", "symbol": "ADA-USD"}, {"trade_id": 143791548, "side": "buy", "size": "4811.10000000", "price": "0.75030000", "time": "2025-07-16T01:06:30.612009Z", "fetched_at": "2025-07-16T01:10:49.569990+00:00", "symbol": "ADA-USD"}, {"trade_id": 143791547, "side": "buy", "size": "1.50000000", "price": "0.75030000", "time": "2025-07-16T01:06:30.612009Z", "fetched_at": "2025-07-16T01:10:49.569990+00:00", "symbol": "ADA-USD"}, {"trade_id": 143791546, "side": "buy", "size": "590.64164087", "price": "0.75040000", "time": "2025-07-16T01:06:24.661339Z", "fetched_at": "2025-07-16T01:10:49.569990+00:00", "symbol": "ADA-USD"}, {"trade_id": 143791545, "side": "buy", "size": "110.68000000", "price": "0.75050000", "time": "2025-07-16T01:06:24.661339Z", "fetched_at": "2025-07-16T01:10:49.569990+00:00", "symbol": "ADA-USD"}, {"trade_id": 143791544, "side": "buy", "size": "594.00000000", "price": "0.75050000", "time": "2025-07-16T01:06:24.661339Z", "fetched_at": "2025-07-16T01:10:49.569990+00:00", "symbol": "ADA-USD"}, {"trade_id": 143791543, "side": "buy", "size": "704.67835913", "price": "0.75050000", "time": "2025-07-16T01:06:24.661339Z", "fetched_at": "2025-07-16T01:10:49.569990+00:00", "symbol": "ADA-USD"}, {"trade_id": 143791542, "side": "sell", "size": "47.00000000", "price": "0.75070000", "time": "2025-07-16T01:06:23.652525Z", "fetched_at": "2025-07-16T01:10:49.569990+00:00", "symbol": "ADA-USD"}, {"trade_id": 143791541, "side": "sell", "size": "1.50000000", "price": "0.75070000", "time": "2025-07-16T01:06:23.652525Z", "fetched_at": "2025-07-16T01:10:49.569990+00:00", "symbol": "ADA-USD"}, {"trade_id": 143791540, "side": "sell", "size": "1.50000000", "price": "0.75060000", "time": "2025-07-16T01:06:23.652525Z", "fetched_at": "2025-07-16T01:10:49.569990+00:00", "symbol": "ADA-USD"}, {"trade_id": 143791539, "side": "sell", "size": "2.63824100", "price": "0.75050000", "time": "2025-07-16T01:06:22.698276Z", "fetched_at": "2025-07-16T01:10:49.569990+00:00", "symbol": "ADA-USD"}, {"trade_id": 143791538, "side": "sell", "size": "60.81537666", "price": "0.75050000", "time": "2025-07-16T01:06:21.951923Z", "fetched_at": "2025-07-16T01:10:49.569990+00:00", "symbol": "ADA-USD"}, {"trade_id": 143791537, "side": "sell", "size": "1.50000000", "price": "0.75050000", "time": "2025-07-16T01:06:21.951923Z", "fetched_at": "2025-07-16T01:10:49.569990+00:00", "symbol": "ADA-USD"}, {"trade_id": 143791536, "side": "sell", "size": "2.42706134", "price": "0.75040000", "time": "2025-07-16T01:06:21.951923Z", "fetched_at": "2025-07-16T01:10:49.569990+00:00", "symbol": "ADA-USD"}, {"trade_id": 143791535, "side": "buy", "size": "17.99020000", "price": "0.75040000", "time": "2025-07-16T01:06:20.373227Z", "fetched_at": "2025-07-16T01:10:49.569990+00:00", "symbol": "ADA-USD"}, {"trade_id": 143791534, "side": "buy", "size": "50.00000000", "price": "0.75040000", "time": "2025-07-16T01:06:20.373227Z", "fetched_at": "2025-07-16T01:10:49.569990+00:00", "symbol": "ADA-USD"}, {"trade_id": 143791533, "side": "sell", "size": "1.50000000", "price": "0.75040000", "time": "2025-07-16T01:06:20.312800Z", "fetched_at": "2025-07-16T01:10:49.569990+00:00", "symbol": "ADA-USD"}, {"trade_id": 143791532, "side": "sell", "size": "31.55711694", "price": "0.75030000", "time": "2025-07-16T01:06:20.037915Z", "fetched_at": "2025-07-16T01:10:49.569990+00:00", "symbol": "ADA-USD"}, {"trade_id": 143791531, "side": "sell", "size": "1.50000000", "price": "0.75030000", "time": "2025-07-16T01:06:20.037915Z", "fetched_at": "2025-07-16T01:10:49.569990+00:00", "symbol": "ADA-USD"}, {"trade_id": 143791530, "side": "sell", "size": "16.53137056", "price": "0.75020000", "time": "2025-07-16T01:06:18.037185Z", "fetched_at": "2025-07-16T01:10:49.569990+00:00", "symbol": "ADA-USD"}, {"trade_id": 143791529, "side": "sell", "size": "15.84847744", "price": "0.75020000", "time": "2025-07-16T01:06:18.037185Z", "fetched_at": "2025-07-16T01:10:49.569990+00:00", "symbol": "ADA-USD"}, {"trade_id": 143791528, "side": "sell", "size": "166.05299294", "price": "0.75010000", "time": "2025-07-16T01:06:16.197335Z", "fetched_at": "2025-07-16T01:10:49.569990+00:00", "symbol": "ADA-USD"}, {"trade_id": 143791527, "side": "sell", "size": "166.05299294", "price": "0.75010000", "time": "2025-07-16T01:06:16.185011Z", "fetched_at": "2025-07-16T01:10:49.569990+00:00", "symbol": "ADA-USD"}, {"trade_id": 143791526, "side": "buy", "size": "17.42715812", "price": "0.75000000", "time": "2025-07-16T01:06:15.098048Z", "fetched_at": "2025-07-16T01:10:49.569990+00:00", "symbol": "ADA-USD"}, {"trade_id": 143791525, "side": "buy", "size": "3.23868105", "price": "0.75000000", "time": "2025-07-16T01:06:14.923987Z", "fetched_at": "2025-07-16T01:10:49.569990+00:00", "symbol": "ADA-USD"}, {"trade_id": 143791524, "side": "buy", "size": "8.72439595", "price": "0.75000000", "time": "2025-07-16T01:06:14.923987Z", "fetched_at": "2025-07-16T01:10:49.569990+00:00", "symbol": "ADA-USD"}, {"trade_id": 143791523, "side": "buy", "size": "1.50000000", "price": "0.75000000", "time": "2025-07-16T01:06:14.923987Z", "fetched_at": "2025-07-16T01:10:49.569990+00:00", "symbol": "ADA-USD"}, {"trade_id": 143791522, "side": "buy", "size": "12.72711713", "price": "0.75010000", "time": "2025-07-16T01:06:13.231504Z", "fetched_at": "2025-07-16T01:10:49.569990+00:00", "symbol": "ADA-USD"}, {"trade_id": 143791521, "side": "buy", "size": "12.72711713", "price": "0.75010000", "time": "2025-07-16T01:06:13.217845Z", "fetched_at": "2025-07-16T01:10:49.569990+00:00", "symbol": "ADA-USD"}, {"trade_id": 143791520, "side": "buy", "size": "4845.07619117", "price": "0.75010000", "time": "2025-07-16T01:06:13.199626Z", "fetched_at": "2025-07-16T01:10:49.569990+00:00", "symbol": "ADA-USD"}, {"trade_id": 143791519, "side": "buy", "size": "607.44000000", "price": "0.75010000", "time": "2025-07-16T01:06:13.199626Z", "fetched_at": "2025-07-16T01:10:49.569990+00:00", "symbol": "ADA-USD"}, {"trade_id": 143791518, "side": "buy", "size": "10382.34166000", "price": "0.75010000", "time": "2025-07-16T01:06:13.199626Z", "fetched_at": "2025-07-16T01:10:49.569990+00:00", "symbol": "ADA-USD"}, {"trade_id": 143791517, "side": "buy", "size": "1.50000000", "price": "0.75010000", "time": "2025-07-16T01:06:13.199626Z", "fetched_at": "2025-07-16T01:10:49.569990+00:00", "symbol": "ADA-USD"}, {"trade_id": 143791516, "side": "buy", "size": "13.43366210", "price": "0.75020000", "time": "2025-07-16T01:06:13.035461Z", "fetched_at": "2025-07-16T01:10:49.569990+00:00", "symbol": "ADA-USD"}, {"trade_id": 143791515, "side": "sell", "size": "730.25090192", "price": "0.75040000", "time": "2025-07-16T01:06:10.505109Z", "fetched_at": "2025-07-16T01:10:49.569990+00:00", "symbol": "ADA-USD"}, {"trade_id": 143791514, "side": "sell", "size": "4812.20000000", "price": "0.75040000", "time": "2025-07-16T01:06:10.505109Z", "fetched_at": "2025-07-16T01:10:49.569990+00:00", "symbol": "ADA-USD"}, {"trade_id": 143791513, "side": "sell", "size": "978.67715797", "price": "0.75040000", "time": "2025-07-16T01:06:10.505109Z", "fetched_at": "2025-07-16T01:10:49.569990+00:00", "symbol": "ADA-USD"}, {"trade_id": 143791512, "side": "sell", "size": "1700.74214000", "price": "0.75040000", "time": "2025-07-16T01:06:10.505109Z", "fetched_at": "2025-07-16T01:10:49.569990+00:00", "symbol": "ADA-USD"}, {"trade_id": 143791511, "side": "sell", "size": "868.90673172", "price": "0.75040000", "time": "2025-07-16T01:06:10.505109Z", "fetched_at": "2025-07-16T01:10:49.569990+00:00", "symbol": "ADA-USD"}, {"trade_id": 143791510, "side": "sell", "size": "16.42022171", "price": "0.75040000", "time": "2025-07-16T01:06:10.505109Z", "fetched_at": "2025-07-16T01:10:49.569990+00:00", "symbol": "ADA-USD"}, {"trade_id": 143791509, "side": "sell", "size": "4725.54011280", "price": "0.75030000", "time": "2025-07-16T01:06:10.505109Z", "fetched_at": "2025-07-16T01:10:49.569990+00:00", "symbol": "ADA-USD"}, {"trade_id": 143791508, "side": "sell", "size": "670.04036660", "price": "0.75030000", "time": "2025-07-16T01:06:10.505109Z", "fetched_at": "2025-07-16T01:10:49.569990+00:00", "symbol": "ADA-USD"}, {"trade_id": 143791507, "side": "sell", "size": "2310.28542000", "price": "0.75030000", "time": "2025-07-16T01:06:10.505109Z", "fetched_at": "2025-07-16T01:10:49.569990+00:00", "symbol": "ADA-USD"}, {"trade_id": 143791506, "side": "sell", "size": "2306.47280000", "price": "0.75030000", "time": "2025-07-16T01:06:10.505109Z", "fetched_at": "2025-07-16T01:10:49.569990+00:00", "symbol": "ADA-USD"}, {"trade_id": 143791505, "side": "sell", "size": "2311.10759000", "price": "0.75030000", "time": "2025-07-16T01:06:10.505109Z", "fetched_at": "2025-07-16T01:10:49.569990+00:00", "symbol": "ADA-USD"}, {"trade_id": 143791504, "side": "sell", "size": "1701.19552000", "price": "0.75030000", "time": "2025-07-16T01:06:10.505109Z", "fetched_at": "2025-07-16T01:10:49.569990+00:00", "symbol": "ADA-USD"}, {"trade_id": 143791503, "side": "sell", "size": "868.90673172", "price": "0.75030000", "time": "2025-07-16T01:06:10.505109Z", "fetched_at": "2025-07-16T01:10:49.569990+00:00", "symbol": "ADA-USD"}, {"trade_id": 143791502, "side": "sell", "size": "275.69095044", "price": "0.75030000", "time": "2025-07-16T01:06:10.505109Z", "fetched_at": "2025-07-16T01:10:49.569990+00:00", "symbol": "ADA-USD"}, {"trade_id": 143791501, "side": "sell", "size": "166.00879659", "price": "0.75030000", "time": "2025-07-16T01:06:10.505109Z", "fetched_at": "2025-07-16T01:10:49.569990+00:00", "symbol": "ADA-USD"}, {"trade_id": 143791500, "side": "sell", "size": "1332.76852000", "price": "0.75020000", "time": "2025-07-16T01:06:10.505109Z", "fetched_at": "2025-07-16T01:10:49.569990+00:00", "symbol": "ADA-USD"}, {"trade_id": 143791499, "side": "sell", "size": "248.66976000", "price": "0.75020000", "time": "2025-07-16T01:06:10.505109Z", "fetched_at": "2025-07-16T01:10:49.569990+00:00", "symbol": "ADA-USD"}, {"trade_id": 143791498, "side": "sell", "size": "234.01546000", "price": "0.75020000", "time": "2025-07-16T01:06:10.505109Z", "fetched_at": "2025-07-16T01:10:49.569990+00:00", "symbol": "ADA-USD"}, {"trade_id": 143791497, "side": "sell", "size": "354.59900000", "price": "0.75020000", "time": "2025-07-16T01:06:10.505109Z", "fetched_at": "2025-07-16T01:10:49.569990+00:00", "symbol": "ADA-USD"}, {"trade_id": 143791496, "side": "buy", "size": "185.57000000", "price": "0.75020000", "time": "2025-07-16T01:06:09.944164Z", "fetched_at": "2025-07-16T01:10:49.569990+00:00", "symbol": "ADA-USD"}, {"trade_id": 143791495, "side": "buy", "size": "685.65778446", "price": "0.75020000", "time": "2025-07-16T01:06:09.944164Z", "fetched_at": "2025-07-16T01:10:49.569990+00:00", "symbol": "ADA-USD"}, {"trade_id": 143791494, "side": "buy", "size": "3.81049249", "price": "0.75020000", "time": "2025-07-16T01:06:09.944164Z", "fetched_at": "2025-07-16T01:10:49.569990+00:00", "symbol": "ADA-USD"}, {"trade_id": 143791493, "side": "buy", "size": "505.41000000", "price": "0.75020000", "time": "2025-07-16T01:06:09.944164Z", "fetched_at": "2025-07-16T01:10:49.569990+00:00", "symbol": "ADA-USD"}, {"trade_id": 143791492, "side": "buy", "size": "1.50000000", "price": "0.75020000", "time": "2025-07-16T01:06:09.944164Z", "fetched_at": "2025-07-16T01:10:49.569990+00:00", "symbol": "ADA-USD"}, {"trade_id": 143791491, "side": "buy", "size": "8642.23375445", "price": "0.75030000", "time": "2025-07-16T01:06:06.997221Z", "fetched_at": "2025-07-16T01:10:49.569990+00:00", "symbol": "ADA-USD"}, {"trade_id": 143791490, "side": "buy", "size": "1925.05624555", "price": "0.75030000", "time": "2025-07-16T01:06:06.995796Z", "fetched_at": "2025-07-16T01:10:49.569990+00:00", "symbol": "ADA-USD"}, {"trade_id": 143791489, "side": "buy", "size": "163.67438529", "price": "0.75030000", "time": "2025-07-16T01:06:06.995796Z", "fetched_at": "2025-07-16T01:10:49.569990+00:00", "symbol": "ADA-USD"}, {"trade_id": 143791488, "side": "buy", "size": "10382.34166000", "price": "0.75030000", "time": "2025-07-16T01:06:06.995796Z", "fetched_at": "2025-07-16T01:10:49.569990+00:00", "symbol": "ADA-USD"}, {"trade_id": 143791487, "side": "buy", "size": "19.75209916", "price": "0.75030000", "time": "2025-07-16T01:06:06.995796Z", "fetched_at": "2025-07-16T01:10:49.569990+00:00", "symbol": "ADA-USD"}, {"trade_id": 143791486, "side": "buy", "size": "1.50000000", "price": "0.75030000", "time": "2025-07-16T01:06:06.995796Z", "fetched_at": "2025-07-16T01:10:49.569990+00:00", "symbol": "ADA-USD"}, {"trade_id": 143791485, "side": "buy", "size": "0.00000708", "price": "0.75040000", "time": "2025-07-16T01:06:06.910545Z", "fetched_at": "2025-07-16T01:10:49.569990+00:00", "symbol": "ADA-USD"}, {"trade_id": 143791484, "side": "buy", "size": "150.24714000", "price": "0.75040000", "time": "2025-07-16T01:06:06.908602Z", "fetched_at": "2025-07-16T01:10:49.569990+00:00", "symbol": "ADA-USD"}, {"trade_id": 143791483, "side": "buy", "size": "150.25000000", "price": "0.75040000", "time": "2025-07-16T01:06:06.908602Z", "fetched_at": "2025-07-16T01:10:49.569990+00:00", "symbol": "ADA-USD"}, {"trade_id": 143791482, "side": "sell", "size": "133.28729888", "price": "0.75050000", "time": "2025-07-16T01:06:03.726351Z", "fetched_at": "2025-07-16T01:10:49.569990+00:00", "symbol": "ADA-USD"}, {"trade_id": 143791481, "side": "buy", "size": "7300.73532191", "price": "0.75040000", "time": "2025-07-16T01:06:03.704432Z", "fetched_at": "2025-07-16T01:10:49.569990+00:00", "symbol": "ADA-USD"}, {"trade_id": 143791480, "side": "buy", "size": "1.50000000", "price": "0.75040000", "time": "2025-07-16T01:06:03.704432Z", "fetched_at": "2025-07-16T01:10:49.569990+00:00", "symbol": "ADA-USD"}, {"trade_id": 143791479, "side": "buy", "size": "165.99766841", "price": "0.75050000", "time": "2025-07-16T01:06:03.018543Z", "fetched_at": "2025-07-16T01:10:49.569990+00:00", "symbol": "ADA-USD"}, {"trade_id": 143791478, "side": "buy", "size": "532.42000000", "price": "0.75050000", "time": "2025-07-16T01:06:03.018543Z", "fetched_at": "2025-07-16T01:10:49.569990+00:00", "symbol": "ADA-USD"}, {"trade_id": 143791477, "side": "buy", "size": "133.58000000", "price": "0.75050000", "time": "2025-07-16T01:06:03.018543Z", "fetched_at": "2025-07-16T01:10:49.569990+00:00", "symbol": "ADA-USD"}, {"trade_id": 143791476, "side": "buy", "size": "500.00000000", "price": "0.75050000", "time": "2025-07-16T01:06:03.018543Z", "fetched_at": "2025-07-16T01:10:49.569990+00:00", "symbol": "ADA-USD"}, {"trade_id": 143791475, "side": "sell", "size": "248.66976000", "price": "0.75060000", "time": "2025-07-16T01:05:59.856839Z", "fetched_at": "2025-07-16T01:10:49.569990+00:00", "symbol": "ADA-USD"}, {"trade_id": 143791474, "side": "sell", "size": "373.00464000", "price": "0.75060000", "time": "2025-07-16T01:05:59.807610Z", "fetched_at": "2025-07-16T01:10:49.569990+00:00", "symbol": "ADA-USD"}, {"trade_id": 143791473, "side": "sell", "size": "234.01546000", "price": "0.75060000", "time": "2025-07-16T01:05:58.781576Z", "fetched_at": "2025-07-16T01:10:49.569990+00:00", "symbol": "ADA-USD"}, {"trade_id": 143791472, "side": "sell", "size": "12.33342977", "price": "0.75060000", "time": "2025-07-16T01:05:58.570408Z", "fetched_at": "2025-07-16T01:10:49.569990+00:00", "symbol": "ADA-USD"}, {"trade_id": 143791471, "side": "buy", "size": "273.50000000", "price": "0.75050000", "time": "2025-07-16T01:05:57.030885Z", "fetched_at": "2025-07-16T01:10:49.569990+00:00", "symbol": "ADA-USD"}, {"trade_id": 143791470, "side": "buy", "size": "1.50000000", "price": "0.75050000", "time": "2025-07-16T01:05:57.030885Z", "fetched_at": "2025-07-16T01:10:49.569990+00:00", "symbol": "ADA-USD"}, {"trade_id": 143791469, "side": "sell", "size": "411.18163880", "price": "0.75060000", "time": "2025-07-16T01:05:56.823533Z", "fetched_at": "2025-07-16T01:10:49.569990+00:00", "symbol": "ADA-USD"}, {"trade_id": 143791468, "side": "sell", "size": "248.04080000", "price": "0.75060000", "time": "2025-07-16T01:05:56.823533Z", "fetched_at": "2025-07-16T01:10:49.569990+00:00", "symbol": "ADA-USD"}, {"trade_id": 143791467, "side": "sell", "size": "234.01546000", "price": "0.75060000", "time": "2025-07-16T01:05:56.823533Z", "fetched_at": "2025-07-16T01:10:49.569990+00:00", "symbol": "ADA-USD"}, {"trade_id": 143791466, "side": "sell", "size": "152.70650520", "price": "0.75060000", "time": "2025-07-16T01:05:56.823533Z", "fetched_at": "2025-07-16T01:10:49.569990+00:00", "symbol": "ADA-USD"}, {"trade_id": 143791465, "side": "sell", "size": "248.66976000", "price": "0.75060000", "time": "2025-07-16T01:05:56.823533Z", "fetched_at": "2025-07-16T01:10:49.569990+00:00", "symbol": "ADA-USD"}, {"trade_id": 143791464, "side": "buy", "size": "165.95344364", "price": "0.75070000", "time": "2025-07-16T01:05:55.841976Z", "fetched_at": "2025-07-16T01:10:49.569990+00:00", "symbol": "ADA-USD"}, {"trade_id": 143791463, "side": "buy", "size": "165.96000000", "price": "0.75070000", "time": "2025-07-16T01:05:55.841976Z", "fetched_at": "2025-07-16T01:10:49.569990+00:00", "symbol": "ADA-USD"}, {"trade_id": 143791462, "side": "sell", "size": "62.59160356", "price": "0.75090000", "time": "2025-07-16T01:05:52.841748Z", "fetched_at": "2025-07-16T01:10:49.569990+00:00", "symbol": "ADA-USD"}, {"trade_id": 143791461, "side": "sell", "size": "275.69095044", "price": "0.75090000", "time": "2025-07-16T01:05:52.841748Z", "fetched_at": "2025-07-16T01:10:49.569990+00:00", "symbol": "ADA-USD"}, {"trade_id": 143791460, "side": "sell", "size": "234.01546000", "price": "0.75090000", "time": "2025-07-16T01:05:52.841748Z", "fetched_at": "2025-07-16T01:10:49.569990+00:00", "symbol": "ADA-USD"}, {"trade_id": 143791459, "side": "sell", "size": "248.04080000", "price": "0.75090000", "time": "2025-07-16T01:05:52.841748Z", "fetched_at": "2025-07-16T01:10:49.569990+00:00", "symbol": "ADA-USD"}, {"trade_id": 143791458, "side": "sell", "size": "248.66976000", "price": "0.75090000", "time": "2025-07-16T01:05:52.841748Z", "fetched_at": "2025-07-16T01:10:49.569990+00:00", "symbol": "ADA-USD"}, {"trade_id": 143791457, "side": "sell", "size": "671.17359800", "price": "0.75080000", "time": "2025-07-16T01:05:52.841748Z", "fetched_at": "2025-07-16T01:10:49.569990+00:00", "symbol": "ADA-USD"}, {"trade_id": 143791456, "side": "sell", "size": "248.04080000", "price": "0.75080000", "time": "2025-07-16T01:05:52.841748Z", "fetched_at": "2025-07-16T01:10:49.569990+00:00", "symbol": "ADA-USD"}, {"trade_id": 143791455, "side": "sell", "size": "234.01546000", "price": "0.75080000", "time": "2025-07-16T01:05:52.841748Z", "fetched_at": "2025-07-16T01:10:49.569990+00:00", "symbol": "ADA-USD"}, {"trade_id": 143791454, "side": "sell", "size": "248.66976000", "price": "0.75080000", "time": "2025-07-16T01:05:52.841748Z", "fetched_at": "2025-07-16T01:10:49.569990+00:00", "symbol": "ADA-USD"}, {"trade_id": 143791453, "side": "buy", "size": "17.99020000", "price": "0.75090000", "time": "2025-07-16T01:05:52.309709Z", "fetched_at": "2025-07-16T01:10:49.569990+00:00", "symbol": "ADA-USD"}, {"trade_id": 143791452, "side": "buy", "size": "50.00000000", "price": "0.75090000", "time": "2025-07-16T01:05:52.309709Z", "fetched_at": "2025-07-16T01:10:49.569990+00:00", "symbol": "ADA-USD"}, {"trade_id": 143791451, "side": "sell", "size": "275.69095044", "price": "0.75080000", "time": "2025-07-16T01:05:52.297339Z", "fetched_at": "2025-07-16T01:10:49.569990+00:00", "symbol": "ADA-USD"}, {"trade_id": 143791450, "side": "sell", "size": "836.90000000", "price": "0.75080000", "time": "2025-07-16T01:05:52.293869Z", "fetched_at": "2025-07-16T01:10:49.569990+00:00", "symbol": "ADA-USD"}, {"trade_id": 143791449, "side": "sell", "size": "275.69095044", "price": "0.75080000", "time": "2025-07-16T01:05:52.293869Z", "fetched_at": "2025-07-16T01:10:49.569990+00:00", "symbol": "ADA-USD"}, {"trade_id": 143791448, "side": "sell", "size": "8590.73972291", "price": "0.75120000", "time": "2025-07-16T01:05:52.163538Z", "fetched_at": "2025-07-16T01:10:49.569990+00:00", "symbol": "ADA-USD"}, {"trade_id": 143791447, "side": "sell", "size": "385.57832662", "price": "0.75120000", "time": "2025-07-16T01:05:52.163538Z", "fetched_at": "2025-07-16T01:10:49.569990+00:00", "symbol": "ADA-USD"}, {"trade_id": 143791446, "side": "sell", "size": "1.50000000", "price": "0.75120000", "time": "2025-07-16T01:05:52.163538Z", "fetched_at": "2025-07-16T01:10:49.569990+00:00", "symbol": "ADA-USD"}, {"trade_id": 143791445, "side": "sell", "size": "594.00000000", "price": "0.75120000", "time": "2025-07-16T01:05:52.163538Z", "fetched_at": "2025-07-16T01:10:49.569990+00:00", "symbol": "ADA-USD"}, {"trade_id": 143791444, "side": "sell", "size": "1717.91091000", "price": "0.75120000", "time": "2025-07-16T01:05:52.163538Z", "fetched_at": "2025-07-16T01:10:49.569990+00:00", "symbol": "ADA-USD"}, {"trade_id": 143791443, "side": "sell", "size": "0.05621489", "price": "0.75120000", "time": "2025-07-16T01:05:52.163538Z", "fetched_at": "2025-07-16T01:10:49.569990+00:00", "symbol": "ADA-USD"}, {"trade_id": 143791442, "side": "sell", "size": "1.44431308", "price": "0.75120000", "time": "2025-07-16T01:05:52.163538Z", "fetched_at": "2025-07-16T01:10:49.569990+00:00", "symbol": "ADA-USD"}, {"trade_id": 143791441, "side": "sell", "size": "0.09617089", "price": "0.75120000", "time": "2025-07-16T01:05:52.163538Z", "fetched_at": "2025-07-16T01:10:49.569990+00:00", "symbol": "ADA-USD"}, {"trade_id": 143791440, "side": "sell", "size": "959.00186368", "price": "0.75120000", "time": "2025-07-16T01:05:52.163538Z", "fetched_at": "2025-07-16T01:10:49.569990+00:00", "symbol": "ADA-USD"}, {"trade_id": 143791439, "side": "sell", "size": "0.07476844", "price": "0.75120000", "time": "2025-07-16T01:05:52.163538Z", "fetched_at": "2025-07-16T01:10:49.569990+00:00", "symbol": "ADA-USD"}, {"trade_id": 143791438, "side": "sell", "size": "0.11235194", "price": "0.75120000", "time": "2025-07-16T01:05:52.163538Z", "fetched_at": "2025-07-16T01:10:49.569990+00:00", "symbol": "ADA-USD"}, {"trade_id": 143791437, "side": "sell", "size": "52109.93408000", "price": "0.75110000", "time": "2025-07-16T01:05:52.163538Z", "fetched_at": "2025-07-16T01:10:49.569990+00:00", "symbol": "ADA-USD"}, {"trade_id": 143791436, "side": "sell", "size": "3996.53633517", "price": "0.75110000", "time": "2025-07-16T01:05:52.163538Z", "fetched_at": "2025-07-16T01:10:49.569990+00:00", "symbol": "ADA-USD"}, {"trade_id": 143791435, "side": "sell", "size": "8355.02901439", "price": "0.75110000", "time": "2025-07-16T01:05:52.163538Z", "fetched_at": "2025-07-16T01:10:49.569990+00:00", "symbol": "ADA-USD"}, {"trade_id": 143791434, "side": "sell", "size": "868.90673172", "price": "0.75110000", "time": "2025-07-16T01:05:52.163538Z", "fetched_at": "2025-07-16T01:10:49.569990+00:00", "symbol": "ADA-USD"}, {"trade_id": 143791433, "side": "sell", "size": "1.50000000", "price": "0.75110000", "time": "2025-07-16T01:05:52.163538Z", "fetched_at": "2025-07-16T01:10:49.569990+00:00", "symbol": "ADA-USD"}, {"trade_id": 143791432, "side": "sell", "size": "275.69095044", "price": "0.75110000", "time": "2025-07-16T01:05:52.163538Z", "fetched_at": "2025-07-16T01:10:49.569990+00:00", "symbol": "ADA-USD"}, {"trade_id": 143791431, "side": "sell", "size": "594.00000000", "price": "0.75110000", "time": "2025-07-16T01:05:52.163538Z", "fetched_at": "2025-07-16T01:10:49.569990+00:00", "symbol": "ADA-USD"}, {"trade_id": 143791430, "side": "sell", "size": "1717.91091000", "price": "0.75110000", "time": "2025-07-16T01:05:52.163538Z", "fetched_at": "2025-07-16T01:10:49.569990+00:00", "symbol": "ADA-USD"}, {"trade_id": 143791429, "side": "sell", "size": "0.08432233", "price": "0.75110000", "time": "2025-07-16T01:05:52.163538Z", "fetched_at": "2025-07-16T01:10:49.569990+00:00", "symbol": "ADA-USD"}, {"trade_id": 143791428, "side": "sell", "size": "4.40917108", "price": "0.75110000", "time": "2025-07-16T01:05:52.163538Z", "fetched_at": "2025-07-16T01:10:49.569990+00:00", "symbol": "ADA-USD"}, {"trade_id": 143791427, "side": "sell", "size": "1.44873047", "price": "0.75110000", "time": "2025-07-16T01:05:52.163538Z", "fetched_at": "2025-07-16T01:10:49.569990+00:00", "symbol": "ADA-USD"}, {"trade_id": 143791426, "side": "sell", "size": "23.00000000", "price": "0.75110000", "time": "2025-07-16T01:05:52.163538Z", "fetched_at": "2025-07-16T01:10:49.569990+00:00", "symbol": "ADA-USD"}, {"trade_id": 143791425, "side": "sell", "size": "32.89821479", "price": "0.75110000", "time": "2025-07-16T01:05:52.163538Z", "fetched_at": "2025-07-16T01:10:49.569990+00:00", "symbol": "ADA-USD"}, {"trade_id": 143791424, "side": "sell", "size": "1728.96942100", "price": "0.75110000", "time": "2025-07-16T01:05:52.163538Z", "fetched_at": "2025-07-16T01:10:49.569990+00:00", "symbol": "ADA-USD"}, {"trade_id": 143791423, "side": "sell", "size": "0.10000000", "price": "0.75110000", "time": "2025-07-16T01:05:52.163538Z", "fetched_at": "2025-07-16T01:10:49.569990+00:00", "symbol": "ADA-USD"}, {"trade_id": 143791422, "side": "sell", "size": "7.66006693", "price": "0.75110000", "time": "2025-07-16T01:05:52.163538Z", "fetched_at": "2025-07-16T01:10:49.569990+00:00", "symbol": "ADA-USD"}, {"trade_id": 143791421, "side": "sell", "size": "0.15912648", "price": "0.75110000", "time": "2025-07-16T01:05:52.163538Z", "fetched_at": "2025-07-16T01:10:49.569990+00:00", "symbol": "ADA-USD"}, {"trade_id": 143791420, "side": "sell", "size": "159.01243900", "price": "0.75110000", "time": "2025-07-16T01:05:52.163538Z", "fetched_at": "2025-07-16T01:10:49.569990+00:00", "symbol": "ADA-USD"}, {"trade_id": 143791419, "side": "sell", "size": "2179.09855881", "price": "0.75100000", "time": "2025-07-16T01:05:52.163538Z", "fetched_at": "2025-07-16T01:10:49.569990+00:00", "symbol": "ADA-USD"}, {"trade_id": 143791418, "side": "sell", "size": "385.57832662", "price": "0.75100000", "time": "2025-07-16T01:05:52.163538Z", "fetched_at": "2025-07-16T01:10:49.569990+00:00", "symbol": "ADA-USD"}, {"trade_id": 143791417, "side": "sell", "size": "1750.58593833", "price": "0.75100000", "time": "2025-07-16T01:05:52.163538Z", "fetched_at": "2025-07-16T01:10:49.569990+00:00", "symbol": "ADA-USD"}, {"trade_id": 143791416, "side": "sell", "size": "868.90673172", "price": "0.75100000", "time": "2025-07-16T01:05:52.163538Z", "fetched_at": "2025-07-16T01:10:49.569990+00:00", "symbol": "ADA-USD"}, {"trade_id": 143791415, "side": "sell", "size": "658.11648453", "price": "0.75100000", "time": "2025-07-16T01:05:52.163538Z", "fetched_at": "2025-07-16T01:10:49.569990+00:00", "symbol": "ADA-USD"}, {"trade_id": 143791414, "side": "sell", "size": "4160.47328615", "price": "0.75100000", "time": "2025-07-16T01:05:52.163538Z", "fetched_at": "2025-07-16T01:10:49.569990+00:00", "symbol": "ADA-USD"}, {"trade_id": 143791413, "side": "sell", "size": "1701.64928000", "price": "0.75100000", "time": "2025-07-16T01:05:52.163538Z", "fetched_at": "2025-07-16T01:10:49.569990+00:00", "symbol": "ADA-USD"}, {"trade_id": 143791412, "side": "sell", "size": "24.88135086", "price": "0.75100000", "time": "2025-07-16T01:05:52.163538Z", "fetched_at": "2025-07-16T01:10:49.569990+00:00", "symbol": "ADA-USD"}, {"trade_id": 143791411, "side": "sell", "size": "1.50000000", "price": "0.75100000", "time": "2025-07-16T01:05:52.163538Z", "fetched_at": "2025-07-16T01:10:49.569990+00:00", "symbol": "ADA-USD"}, {"trade_id": 143791410, "side": "sell", "size": "594.00000000", "price": "0.75100000", "time": "2025-07-16T01:05:52.163538Z", "fetched_at": "2025-07-16T01:10:49.569990+00:00", "symbol": "ADA-USD"}, {"trade_id": 143791409, "side": "sell", "size": "27.96271637", "price": "0.75100000", "time": "2025-07-16T01:05:52.163538Z", "fetched_at": "2025-07-16T01:10:49.569990+00:00", "symbol": "ADA-USD"}, {"trade_id": 143791408, "side": "sell", "size": "5353.63589928", "price": "0.75100000", "time": "2025-07-16T01:05:52.163538Z", "fetched_at": "2025-07-16T01:10:49.569990+00:00", "symbol": "ADA-USD"}, {"trade_id": 143791407, "side": "sell", "size": "118.11006391", "price": "0.75100000", "time": "2025-07-16T01:05:52.163538Z", "fetched_at": "2025-07-16T01:10:49.569990+00:00", "symbol": "ADA-USD"}, {"trade_id": 143791406, "side": "sell", "size": "0.00591237", "price": "0.75100000", "time": "2025-07-16T01:05:52.163538Z", "fetched_at": "2025-07-16T01:10:49.569990+00:00", "symbol": "ADA-USD"}, {"trade_id": 143791405, "side": "sell", "size": "76.76832665", "price": "0.75100000", "time": "2025-07-16T01:05:52.163538Z", "fetched_at": "2025-07-16T01:10:49.569990+00:00", "symbol": "ADA-USD"}, {"trade_id": 143791404, "side": "sell", "size": "70.00000000", "price": "0.75100000", "time": "2025-07-16T01:05:52.163538Z", "fetched_at": "2025-07-16T01:10:49.569990+00:00", "symbol": "ADA-USD"}, {"trade_id": 143791403, "side": "sell", "size": "831.35494620", "price": "0.75090000", "time": "2025-07-16T01:05:52.163538Z", "fetched_at": "2025-07-16T01:10:49.569990+00:00", "symbol": "ADA-USD"}, {"trade_id": 143791402, "side": "sell", "size": "665.90318783", "price": "0.75090000", "time": "2025-07-16T01:05:52.163538Z", "fetched_at": "2025-07-16T01:10:49.569990+00:00", "symbol": "ADA-USD"}, {"trade_id": 143791401, "side": "sell", "size": "7773.40305742", "price": "0.75090000", "time": "2025-07-16T01:05:52.163538Z", "fetched_at": "2025-07-16T01:10:49.569990+00:00", "symbol": "ADA-USD"}, {"trade_id": 143791400, "side": "sell", "size": "868.90673172", "price": "0.75090000", "time": "2025-07-16T01:05:52.163538Z", "fetched_at": "2025-07-16T01:10:49.569990+00:00", "symbol": "ADA-USD"}, {"trade_id": 143791399, "side": "sell", "size": "275.69095044", "price": "0.75090000", "time": "2025-07-16T01:05:52.163538Z", "fetched_at": "2025-07-16T01:10:49.569990+00:00", "symbol": "ADA-USD"}, {"trade_id": 143791398, "side": "sell", "size": "1701.64928000", "price": "0.75090000", "time": "2025-07-16T01:05:52.163538Z", "fetched_at": "2025-07-16T01:10:49.569990+00:00", "symbol": "ADA-USD"}, {"trade_id": 143791397, "side": "sell", "size": "1.50000000", "price": "0.75090000", "time": "2025-07-16T01:05:52.163538Z", "fetched_at": "2025-07-16T01:10:49.569990+00:00", "symbol": "ADA-USD"}, {"trade_id": 143791396, "side": "sell", "size": "594.00000000", "price": "0.75090000", "time": "2025-07-16T01:05:52.163538Z", "fetched_at": "2025-07-16T01:10:49.569990+00:00", "symbol": "ADA-USD"}, {"trade_id": 143791395, "side": "sell", "size": "2305.78722000", "price": "0.75080000", "time": "2025-07-16T01:05:52.163538Z", "fetched_at": "2025-07-16T01:10:49.569990+00:00", "symbol": "ADA-USD"}, {"trade_id": 143791394, "side": "sell", "size": "2309.52524000", "price": "0.75080000", "time": "2025-07-16T01:05:52.163538Z", "fetched_at": "2025-07-16T01:10:49.569990+00:00", "symbol": "ADA-USD"}, {"trade_id": 143791393, "side": "sell", "size": "2310.84542000", "price": "0.75080000", "time": "2025-07-16T01:05:52.163538Z", "fetched_at": "2025-07-16T01:10:49.569990+00:00", "symbol": "ADA-USD"}, {"trade_id": 143791392, "side": "sell", "size": "4814.90000000", "price": "0.75080000", "time": "2025-07-16T01:05:52.163538Z", "fetched_at": "2025-07-16T01:10:49.569990+00:00", "symbol": "ADA-USD"}, {"trade_id": 143791391, "side": "sell", "size": "906.14440252", "price": "0.75080000", "time": "2025-07-16T01:05:52.163538Z", "fetched_at": "2025-07-16T01:10:49.569990+00:00", "symbol": "ADA-USD"}, {"trade_id": 143791390, "side": "sell", "size": "868.90673172", "price": "0.75080000", "time": "2025-07-16T01:05:52.163538Z", "fetched_at": "2025-07-16T01:10:49.569990+00:00", "symbol": "ADA-USD"}, {"trade_id": 143791389, "side": "sell", "size": "1700.74214000", "price": "0.75080000", "time": "2025-07-16T01:05:52.163538Z", "fetched_at": "2025-07-16T01:10:49.569990+00:00", "symbol": "ADA-USD"}, {"trade_id": 143791388, "side": "sell", "size": "1.50000000", "price": "0.75080000", "time": "2025-07-16T01:05:52.163538Z", "fetched_at": "2025-07-16T01:10:49.569990+00:00", "symbol": "ADA-USD"}, {"trade_id": 143791387, "side": "sell", "size": "594.00000000", "price": "0.75080000", "time": "2025-07-16T01:05:52.163538Z", "fetched_at": "2025-07-16T01:10:49.569990+00:00", "symbol": "ADA-USD"}, {"trade_id": 143791386, "side": "sell", "size": "579.26159289", "price": "0.75070000", "time": "2025-07-16T01:05:52.163538Z", "fetched_at": "2025-07-16T01:10:49.569990+00:00", "symbol": "ADA-USD"}, {"trade_id": 143791385, "side": "sell", "size": "192.42700041", "price": "0.75070000", "time": "2025-07-16T01:05:52.163538Z", "fetched_at": "2025-07-16T01:10:49.569990+00:00", "symbol": "ADA-USD"}, {"trade_id": 143791384, "side": "sell", "size": "0.27270295", "price": "0.75070000", "time": "2025-07-16T01:05:50.786364Z", "fetched_at": "2025-07-16T01:10:49.569990+00:00", "symbol": "ADA-USD"}, {"trade_id": 143791383, "side": "sell", "size": "399.40346907", "price": "0.75070000", "time": "2025-07-16T01:05:50.770852Z", "fetched_at": "2025-07-16T01:10:49.569990+00:00", "symbol": "ADA-USD"}, {"trade_id": 143791382, "side": "sell", "size": "1.50000000", "price": "0.75070000", "time": "2025-07-16T01:05:50.770852Z", "fetched_at": "2025-07-16T01:10:49.569990+00:00", "symbol": "ADA-USD"}, {"trade_id": 143791381, "side": "sell", "size": "248.66976000", "price": "0.75060000", "time": "2025-07-16T01:05:50.770852Z", "fetched_at": "2025-07-16T01:10:49.569990+00:00", "symbol": "ADA-USD"}, {"trade_id": 143791380, "side": "sell", "size": "1.56422042", "price": "0.75050000", "time": "2025-07-16T01:05:49.370618Z", "fetched_at": "2025-07-16T01:10:49.569990+00:00", "symbol": "ADA-USD"}, {"trade_id": 143791379, "side": "buy", "size": "66.64001100", "price": "0.75040000", "time": "2025-07-16T01:05:48.283911Z", "fetched_at": "2025-07-16T01:10:49.569990+00:00", "symbol": "ADA-USD"}, {"trade_id": 143791378, "side": "sell", "size": "0.84418670", "price": "0.75060000", "time": "2025-07-16T01:05:47.984810Z", "fetched_at": "2025-07-16T01:10:49.569990+00:00", "symbol": "ADA-USD"}, {"trade_id": 143791377, "side": "sell", "size": "583.48579287", "price": "0.75060000", "time": "2025-07-16T01:05:47.959891Z", "fetched_at": "2025-07-16T01:10:49.569990+00:00", "symbol": "ADA-USD"}, {"trade_id": 143791376, "side": "sell", "size": "594.00000000", "price": "0.75060000", "time": "2025-07-16T01:05:47.959891Z", "fetched_at": "2025-07-16T01:10:49.569990+00:00", "symbol": "ADA-USD"}, {"trade_id": 143791375, "side": "sell", "size": "654.96062850", "price": "0.75060000", "time": "2025-07-16T01:05:47.959891Z", "fetched_at": "2025-07-16T01:10:49.569990+00:00", "symbol": "ADA-USD"}, {"trade_id": 143791374, "side": "sell", "size": "1.50000000", "price": "0.75060000", "time": "2025-07-16T01:05:47.959891Z", "fetched_at": "2025-07-16T01:10:49.569990+00:00", "symbol": "ADA-USD"}, {"trade_id": 143791373, "side": "sell", "size": "16.02528409", "price": "0.75050000", "time": "2025-07-16T01:05:47.959891Z", "fetched_at": "2025-07-16T01:10:49.569990+00:00", "symbol": "ADA-USD"}, {"trade_id": 143791372, "side": "sell", "size": "248.66976000", "price": "0.75050000", "time": "2025-07-16T01:05:47.959891Z", "fetched_at": "2025-07-16T01:10:49.569990+00:00", "symbol": "ADA-USD"}, {"trade_id": 143791371, "side": "sell", "size": "593.76243050", "price": "0.75050000", "time": "2025-07-16T01:05:45.343504Z", "fetched_at": "2025-07-16T01:10:49.569990+00:00", "symbol": "ADA-USD"}, {"trade_id": 143791370, "side": "sell", "size": "0.00059725", "price": "0.75050000", "time": "2025-07-16T01:05:45.343504Z", "fetched_at": "2025-07-16T01:10:49.569990+00:00", "symbol": "ADA-USD"}, {"trade_id": 143791369, "side": "sell", "size": "1.26145411", "price": "0.75050000", "time": "2025-07-16T01:05:45.324683Z", "fetched_at": "2025-07-16T01:10:49.569990+00:00", "symbol": "ADA-USD"}, {"trade_id": 143791368, "side": "sell", "size": "631.99776123", "price": "0.75050000", "time": "2025-07-16T01:05:45.298047Z", "fetched_at": "2025-07-16T01:10:49.569990+00:00", "symbol": "ADA-USD"}, {"trade_id": 143791367, "side": "sell", "size": "1332.76852000", "price": "0.75050000", "time": "2025-07-16T01:05:45.298047Z", "fetched_at": "2025-07-16T01:10:49.569990+00:00", "symbol": "ADA-USD"}, {"trade_id": 143791366, "side": "sell", "size": "50.00000000", "price": "0.75050000", "time": "2025-07-16T01:05:45.298047Z", "fetched_at": "2025-07-16T01:10:49.569990+00:00", "symbol": "ADA-USD"}, {"trade_id": 143791365, "side": "sell", "size": "378.70188510", "price": "0.75050000", "time": "2025-07-16T01:05:45.298047Z", "fetched_at": "2025-07-16T01:10:49.569990+00:00", "symbol": "ADA-USD"}, {"trade_id": 143791364, "side": "sell", "size": "166.05296977", "price": "0.75050000", "time": "2025-07-16T01:05:45.298047Z", "fetched_at": "2025-07-16T01:10:49.569990+00:00", "symbol": "ADA-USD"}, {"trade_id": 143791363, "side": "sell", "size": "594.00000000", "price": "0.75050000", "time": "2025-07-16T01:05:45.298047Z", "fetched_at": "2025-07-16T01:10:49.569990+00:00", "symbol": "ADA-USD"}, {"trade_id": 143791362, "side": "sell", "size": "1.50000000", "price": "0.75050000", "time": "2025-07-16T01:05:45.298047Z", "fetched_at": "2025-07-16T01:10:49.569990+00:00", "symbol": "ADA-USD"}, {"trade_id": 143791361, "side": "sell", "size": "593.40830635", "price": "0.75040000", "time": "2025-07-16T01:05:41.639468Z", "fetched_at": "2025-07-16T01:10:49.569990+00:00", "symbol": "ADA-USD"}, {"trade_id": 143791360, "side": "sell", "size": "275.69095044", "price": "0.75040000", "time": "2025-07-16T01:05:41.639468Z", "fetched_at": "2025-07-16T01:10:49.569990+00:00", "symbol": "ADA-USD"}, {"trade_id": 143791359, "side": "sell", "size": "2057.59886000", "price": "0.75040000", "time": "2025-07-16T01:05:41.639468Z", "fetched_at": "2025-07-16T01:10:49.569990+00:00", "symbol": "ADA-USD"}, {"trade_id": 143791358, "side": "sell", "size": "2075.80138000", "price": "0.75040000", "time": "2025-07-16T01:05:41.639468Z", "fetched_at": "2025-07-16T01:10:49.569990+00:00", "symbol": "ADA-USD"}, {"trade_id": 143791357, "side": "sell", "size": "234.01546000", "price": "0.75040000", "time": "2025-07-16T01:05:41.639468Z", "fetched_at": "2025-07-16T01:10:49.569990+00:00", "symbol": "ADA-USD"}, {"trade_id": 143791356, "side": "sell", "size": "248.66976000", "price": "0.75040000", "time": "2025-07-16T01:05:41.639468Z", "fetched_at": "2025-07-16T01:10:49.569990+00:00", "symbol": "ADA-USD"}, {"trade_id": 143791355, "side": "sell", "size": "166.03085809", "price": "0.75030000", "time": "2025-07-16T01:05:41.637557Z", "fetched_at": "2025-07-16T01:10:49.569990+00:00", "symbol": "ADA-USD"}, {"trade_id": 143791354, "side": "sell", "size": "4815.80000000", "price": "0.75030000", "time": "2025-07-16T01:05:41.637557Z", "fetched_at": "2025-07-16T01:10:49.569990+00:00", "symbol": "ADA-USD"}, {"trade_id": 143791353, "side": "buy", "size": "500.00000000", "price": "0.75030000", "time": "2025-07-16T01:05:35.237396Z", "fetched_at": "2025-07-16T01:10:49.569990+00:00", "symbol": "ADA-USD"}, {"trade_id": 143791352, "side": "buy", "size": "524.03000000", "price": "0.75030000", "time": "2025-07-16T01:05:35.237396Z", "fetched_at": "2025-07-16T01:10:49.569990+00:00", "symbol": "ADA-USD"}, {"trade_id": 143791351, "side": "buy", "size": "22.52129994", "price": "0.75030000", "time": "2025-07-16T01:05:35.237396Z", "fetched_at": "2025-07-16T01:10:49.569990+00:00", "symbol": "ADA-USD"}, {"trade_id": 143791350, "side": "buy", "size": "1.50000000", "price": "0.75030000", "time": "2025-07-16T01:05:35.237396Z", "fetched_at": "2025-07-16T01:10:49.569990+00:00", "symbol": "ADA-USD"}, {"trade_id": 143791349, "side": "buy", "size": "6757.63000000", "price": "0.75040000", "time": "2025-07-16T01:05:31.513044Z", "fetched_at": "2025-07-16T01:10:49.569990+00:00", "symbol": "ADA-USD"}, {"trade_id": 143791348, "side": "buy", "size": "36.31526071", "price": "0.75040000", "time": "2025-07-16T01:05:31.513044Z", "fetched_at": "2025-07-16T01:10:49.569990+00:00", "symbol": "ADA-USD"}, {"trade_id": 143791347, "side": "buy", "size": "1.50000000", "price": "0.75040000", "time": "2025-07-16T01:05:31.513044Z", "fetched_at": "2025-07-16T01:10:49.569990+00:00", "symbol": "ADA-USD"}, {"trade_id": 143791346, "side": "buy", "size": "301.02638000", "price": "0.75050000", "time": "2025-07-16T01:05:31.373800Z", "fetched_at": "2025-07-16T01:10:49.569990+00:00", "symbol": "ADA-USD"}, {"trade_id": 143791345, "side": "buy", "size": "79.49362000", "price": "0.75050000", "time": "2025-07-16T01:05:31.370440Z", "fetched_at": "2025-07-16T01:10:49.569990+00:00", "symbol": "ADA-USD"}, {"trade_id": 143791344, "side": "buy", "size": "73.08654000", "price": "0.75050000", "time": "2025-07-16T01:05:31.363696Z", "fetched_at": "2025-07-16T01:10:49.569990+00:00", "symbol": "ADA-USD"}, {"trade_id": 143791343, "side": "buy", "size": "87.20478000", "price": "0.75050000", "time": "2025-07-16T01:05:31.360354Z", "fetched_at": "2025-07-16T01:10:49.569990+00:00", "symbol": "ADA-USD"}, {"trade_id": 143791342, "side": "buy", "size": "119.48504000", "price": "0.75050000", "time": "2025-07-16T01:05:31.042319Z", "fetched_at": "2025-07-16T01:10:49.569990+00:00", "symbol": "ADA-USD"}, {"trade_id": 143791341, "side": "sell", "size": "40.43346200", "price": "0.75050000", "time": "2025-07-16T01:05:24.875793Z", "fetched_at": "2025-07-16T01:10:49.569990+00:00", "symbol": "ADA-USD"}, {"trade_id": 143791340, "side": "sell", "size": "0.10000000", "price": "0.75050000", "time": "2025-07-16T01:05:24.686204Z", "fetched_at": "2025-07-16T01:10:49.569990+00:00", "symbol": "ADA-USD"}, {"trade_id": 143791339, "side": "sell", "size": "258.90075900", "price": "0.75050000", "time": "2025-07-16T01:05:21.697548Z", "fetched_at": "2025-07-16T01:10:49.569990+00:00", "symbol": "ADA-USD"}, {"trade_id": 143791338, "side": "sell", "size": "19.41745500", "price": "0.75050000", "time": "2025-07-16T01:05:21.653842Z", "fetched_at": "2025-07-16T01:10:49.569990+00:00", "symbol": "ADA-USD"}, {"trade_id": 143791337, "side": "buy", "size": "404.12000000", "price": "0.75050000", "time": "2025-07-16T01:05:17.971642Z", "fetched_at": "2025-07-16T01:10:49.569990+00:00", "symbol": "ADA-USD"}, {"trade_id": 143791336, "side": "buy", "size": "404.11553000", "price": "0.75050000", "time": "2025-07-16T01:05:17.971642Z", "fetched_at": "2025-07-16T01:10:49.569990+00:00", "symbol": "ADA-USD"}, {"trade_id": 143791335, "side": "sell", "size": "570.55945500", "price": "0.75060000", "time": "2025-07-16T01:05:17.473369Z", "fetched_at": "2025-07-16T01:10:49.569990+00:00", "symbol": "ADA-USD"}, {"trade_id": 143791334, "side": "sell", "size": "248.04080000", "price": "0.75060000", "time": "2025-07-16T01:05:17.473369Z", "fetched_at": "2025-07-16T01:10:49.569990+00:00", "symbol": "ADA-USD"}, {"trade_id": 143791333, "side": "sell", "size": "248.66976000", "price": "0.75060000", "time": "2025-07-16T01:05:17.473369Z", "fetched_at": "2025-07-16T01:10:49.569990+00:00", "symbol": "ADA-USD"}, {"trade_id": 143791332, "side": "sell", "size": "227.75130700", "price": "0.75060000", "time": "2025-07-16T01:05:17.473369Z", "fetched_at": "2025-07-16T01:10:49.569990+00:00", "symbol": "ADA-USD"}, {"trade_id": 143791331, "side": "sell", "size": "6.26415300", "price": "0.75060000", "time": "2025-07-16T01:05:17.292389Z", "fetched_at": "2025-07-16T01:10:49.569990+00:00", "symbol": "ADA-USD"}, {"trade_id": 143791330, "side": "buy", "size": "95.88447000", "price": "0.75050000", "time": "2025-07-16T01:05:17.272037Z", "fetched_at": "2025-07-16T01:10:49.569990+00:00", "symbol": "ADA-USD"}, {"trade_id": 143791329, "side": "buy", "size": "500.00000000", "price": "0.75060000", "time": "2025-07-16T01:05:14.943449Z", "fetched_at": "2025-07-16T01:10:49.569990+00:00", "symbol": "ADA-USD"}, {"trade_id": 143791328, "side": "buy", "size": "500.00000000", "price": "0.75060000", "time": "2025-07-16T01:05:14.943449Z", "fetched_at": "2025-07-16T01:10:49.569990+00:00", "symbol": "ADA-USD"}, {"trade_id": 143791327, "side": "sell", "size": "1.50000000", "price": "0.75060000", "time": "2025-07-16T01:05:12.987042Z", "fetched_at": "2025-07-16T01:10:49.569990+00:00", "symbol": "ADA-USD"}, {"trade_id": 143791326, "side": "sell", "size": "56.86728800", "price": "0.75050000", "time": "2025-07-16T01:05:11.237946Z", "fetched_at": "2025-07-16T01:10:49.569990+00:00", "symbol": "ADA-USD"}, {"trade_id": 143791325, "side": "sell", "size": "373.00464000", "price": "0.75040000", "time": "2025-07-16T01:05:08.880602Z", "fetched_at": "2025-07-16T01:10:49.569990+00:00", "symbol": "ADA-USD"}, {"trade_id": 143791324, "side": "sell", "size": "29.19150526", "price": "0.75050000", "time": "2025-07-16T01:05:08.878671Z", "fetched_at": "2025-07-16T01:10:49.569990+00:00", "symbol": "ADA-USD"}, {"trade_id": 143791323, "side": "sell", "size": "21.89362895", "price": "0.75040000", "time": "2025-07-16T01:05:08.878671Z", "fetched_at": "2025-07-16T01:10:49.569990+00:00", "symbol": "ADA-USD"}, {"trade_id": 143791322, "side": "buy", "size": "666.29620377", "price": "0.75040000", "time": "2025-07-16T01:05:08.875384Z", "fetched_at": "2025-07-16T01:10:49.569990+00:00", "symbol": "ADA-USD"}, {"trade_id": 143791321, "side": "buy", "size": "1.50000000", "price": "0.75040000", "time": "2025-07-16T01:05:08.875384Z", "fetched_at": "2025-07-16T01:10:49.569990+00:00", "symbol": "ADA-USD"}, {"trade_id": 143791320, "side": "buy", "size": "5333.58000000", "price": "0.75050000", "time": "2025-07-16T01:05:08.869952Z", "fetched_at": "2025-07-16T01:10:49.569990+00:00", "symbol": "ADA-USD"}, {"trade_id": 143791319, "side": "buy", "size": "1487.96000000", "price": "0.75050000", "time": "2025-07-16T01:05:08.869952Z", "fetched_at": "2025-07-16T01:10:49.569990+00:00", "symbol": "ADA-USD"}, {"trade_id": 143791318, "side": "buy", "size": "6000.00000000", "price": "0.75050000", "time": "2025-07-16T01:05:08.869952Z", "fetched_at": "2025-07-16T01:10:49.569990+00:00", "symbol": "ADA-USD"}, {"trade_id": 143791317, "side": "buy", "size": "160.25289963", "price": "0.75050000", "time": "2025-07-16T01:05:08.869952Z", "fetched_at": "2025-07-16T01:10:49.569990+00:00", "symbol": "ADA-USD"}, {"trade_id": 143791316, "side": "buy", "size": "385.57832662", "price": "0.75050000", "time": "2025-07-16T01:05:08.869952Z", "fetched_at": "2025-07-16T01:10:49.569990+00:00", "symbol": "ADA-USD"}, {"trade_id": 143791315, "side": "buy", "size": "165.97555308", "price": "0.75060000", "time": "2025-07-16T01:05:08.737916Z", "fetched_at": "2025-07-16T01:10:49.569990+00:00", "symbol": "ADA-USD"}, {"trade_id": 143791314, "side": "buy", "size": "500.00000000", "price": "0.75060000", "time": "2025-07-16T01:05:08.737916Z", "fetched_at": "2025-07-16T01:10:49.569990+00:00", "symbol": "ADA-USD"}, {"trade_id": 143791313, "side": "buy", "size": "807.01848770", "price": "0.75060000", "time": "2025-07-16T01:05:08.737916Z", "fetched_at": "2025-07-16T01:10:49.569990+00:00", "symbol": "ADA-USD"}, {"trade_id": 143791312, "side": "buy", "size": "1446.56000000", "price": "0.75060000", "time": "2025-07-16T01:05:08.737916Z", "fetched_at": "2025-07-16T01:10:49.569990+00:00", "symbol": "ADA-USD"}, {"trade_id": 143791311, "side": "sell", "size": "1.50000000", "price": "0.75060000", "time": "2025-07-16T01:05:05.307353Z", "fetched_at": "2025-07-16T01:10:49.569990+00:00", "symbol": "ADA-USD"}, {"trade_id": 143791310, "side": "sell", "size": "332.98706248", "price": "0.75060000", "time": "2025-07-16T01:05:05.307353Z", "fetched_at": "2025-07-16T01:10:49.569990+00:00", "symbol": "ADA-USD"}, {"trade_id": 143791309, "side": "sell", "size": "667.01293752", "price": "0.75060000", "time": "2025-07-16T01:05:05.294916Z", "fetched_at": "2025-07-16T01:10:49.569990+00:00", "symbol": "ADA-USD"}, {"trade_id": 143791308, "side": "sell", "size": "562.08797563", "price": "0.75050000", "time": "2025-07-16T01:05:04.666421Z", "fetched_at": "2025-07-16T01:10:49.569990+00:00", "symbol": "ADA-USD"}, {"trade_id": 143791307, "side": "sell", "size": "31.91202437", "price": "0.75050000", "time": "2025-07-16T01:05:04.666280Z", "fetched_at": "2025-07-16T01:10:49.569990+00:00", "symbol": "ADA-USD"}, {"trade_id": 143791306, "side": "sell", "size": "36.07817563", "price": "0.75050000", "time": "2025-07-16T01:05:04.666280Z", "fetched_at": "2025-07-16T01:10:49.569990+00:00", "symbol": "ADA-USD"}, {"trade_id": 143791305, "side": "sell", "size": "55.76334267", "price": "0.75050000", "time": "2025-07-16T01:05:03.866113Z", "fetched_at": "2025-07-16T01:10:49.569990+00:00", "symbol": "ADA-USD"}, {"trade_id": 143791304, "side": "sell", "size": "110.26737000", "price": "0.75050000", "time": "2025-07-16T01:05:03.847438Z", "fetched_at": "2025-07-16T01:10:49.569990+00:00", "symbol": "ADA-USD"}, {"trade_id": 143791303, "side": "sell", "size": "5.73741000", "price": "0.75050000", "time": "2025-07-16T01:05:00.036906Z", "fetched_at": "2025-07-16T01:10:49.569990+00:00", "symbol": "ADA-USD"}, {"trade_id": 143791302, "side": "buy", "size": "166.01978963", "price": "0.75040000", "time": "2025-07-16T01:04:59.114898Z", "fetched_at": "2025-07-16T01:10:49.569990+00:00", "symbol": "ADA-USD"}, {"trade_id": 143791301, "side": "buy", "size": "629.14000000", "price": "0.75040000", "time": "2025-07-16T01:04:59.114898Z", "fetched_at": "2025-07-16T01:10:49.569990+00:00", "symbol": "ADA-USD"}, {"trade_id": 143791300, "side": "buy", "size": "500.00000000", "price": "0.75040000", "time": "2025-07-16T01:04:59.114898Z", "fetched_at": "2025-07-16T01:10:49.569990+00:00", "symbol": "ADA-USD"}, {"trade_id": 143791299, "side": "sell", "size": "31.58872900", "price": "0.75050000", "time": "2025-07-16T01:04:57.199358Z", "fetched_at": "2025-07-16T01:10:49.569990+00:00", "symbol": "ADA-USD"}, {"trade_id": 143791298, "side": "sell", "size": "12.85971200", "price": "0.75050000", "time": "2025-07-16T01:04:56.956373Z", "fetched_at": "2025-07-16T01:10:49.569990+00:00", "symbol": "ADA-USD"}