[{"trade_id": 143812832, "side": "sell", "size": "85.62765522", "price": "0.74930000", "time": "2025-07-16T07:46:30.186652Z", "fetched_at": "2025-07-16T07:46:31.604315+00:00", "symbol": "ADA-USD"}, {"trade_id": 143812831, "side": "sell", "size": "903.27486213", "price": "0.74930000", "time": "2025-07-16T07:46:30.186652Z", "fetched_at": "2025-07-16T07:46:31.604315+00:00", "symbol": "ADA-USD"}, {"trade_id": 143812830, "side": "sell", "size": "1.50000000", "price": "0.74930000", "time": "2025-07-16T07:46:30.186652Z", "fetched_at": "2025-07-16T07:46:31.604315+00:00", "symbol": "ADA-USD"}, {"trade_id": 143812829, "side": "sell", "size": "0.10000000", "price": "0.74930000", "time": "2025-07-16T07:46:30.186652Z", "fetched_at": "2025-07-16T07:46:31.604315+00:00", "symbol": "ADA-USD"}, {"trade_id": 143812828, "side": "sell", "size": "939.13636300", "price": "0.74930000", "time": "2025-07-16T07:46:30.186652Z", "fetched_at": "2025-07-16T07:46:31.604315+00:00", "symbol": "ADA-USD"}, {"trade_id": 143812827, "side": "sell", "size": "68.86116785", "price": "0.74920000", "time": "2025-07-16T07:46:30.186652Z", "fetched_at": "2025-07-16T07:46:31.604315+00:00", "symbol": "ADA-USD"}, {"trade_id": 143812826, "side": "sell", "size": "1.50000000", "price": "0.74920000", "time": "2025-07-16T07:46:30.186652Z", "fetched_at": "2025-07-16T07:46:31.604315+00:00", "symbol": "ADA-USD"}, {"trade_id": 143812825, "side": "sell", "size": "1.91740413", "price": "0.74910000", "time": "2025-07-16T07:46:26.081109Z", "fetched_at": "2025-07-16T07:46:31.604315+00:00", "symbol": "ADA-USD"}, {"trade_id": 143812824, "side": "sell", "size": "1.50000000", "price": "0.74910000", "time": "2025-07-16T07:46:26.081109Z", "fetched_at": "2025-07-16T07:46:31.604315+00:00", "symbol": "ADA-USD"}, {"trade_id": 143812823, "side": "sell", "size": "66.49020000", "price": "0.74900000", "time": "2025-07-16T07:46:23.259231Z", "fetched_at": "2025-07-16T07:46:31.604315+00:00", "symbol": "ADA-USD"}, {"trade_id": 143812822, "side": "sell", "size": "1.50000000", "price": "0.74900000", "time": "2025-07-16T07:46:23.259231Z", "fetched_at": "2025-07-16T07:46:31.604315+00:00", "symbol": "ADA-USD"}, {"trade_id": 143812821, "side": "buy", "size": "67.99020000", "price": "0.74890000", "time": "2025-07-16T07:46:21.600329Z", "fetched_at": "2025-07-16T07:46:31.604315+00:00", "symbol": "ADA-USD"}, {"trade_id": 143812820, "side": "buy", "size": "44.54015906", "price": "0.74890000", "time": "2025-07-16T07:46:18.596553Z", "fetched_at": "2025-07-16T07:46:31.604315+00:00", "symbol": "ADA-USD"}, {"trade_id": 143812819, "side": "buy", "size": "661.11191852", "price": "0.74890000", "time": "2025-07-16T07:46:18.596553Z", "fetched_at": "2025-07-16T07:46:31.604315+00:00", "symbol": "ADA-USD"}, {"trade_id": 143812818, "side": "buy", "size": "83.54792242", "price": "0.74890000", "time": "2025-07-16T07:46:18.596553Z", "fetched_at": "2025-07-16T07:46:31.604315+00:00", "symbol": "ADA-USD"}, {"trade_id": 143812817, "side": "sell", "size": "173.59403024", "price": "0.74890000", "time": "2025-07-16T07:46:18.294630Z", "fetched_at": "2025-07-16T07:46:31.604315+00:00", "symbol": "ADA-USD"}, {"trade_id": 143812816, "side": "buy", "size": "38.64389500", "price": "0.74880000", "time": "2025-07-16T07:46:18.192222Z", "fetched_at": "2025-07-16T07:46:31.604315+00:00", "symbol": "ADA-USD"}, {"trade_id": 143812815, "side": "buy", "size": "50.00000000", "price": "0.74880000", "time": "2025-07-16T07:46:18.192222Z", "fetched_at": "2025-07-16T07:46:31.604315+00:00", "symbol": "ADA-USD"}, {"trade_id": 143812814, "side": "buy", "size": "90.08711500", "price": "0.74880000", "time": "2025-07-16T07:46:18.192222Z", "fetched_at": "2025-07-16T07:46:31.604315+00:00", "symbol": "ADA-USD"}, {"trade_id": 143812813, "side": "sell", "size": "173.59403500", "price": "0.74880000", "time": "2025-07-16T07:46:18.107401Z", "fetched_at": "2025-07-16T07:46:31.604315+00:00", "symbol": "ADA-USD"}, {"trade_id": 143812812, "side": "sell", "size": "17.99020000", "price": "0.74880000", "time": "2025-07-16T07:46:12.241262Z", "fetched_at": "2025-07-16T07:46:31.604315+00:00", "symbol": "ADA-USD"}, {"trade_id": 143812811, "side": "sell", "size": "50.00000000", "price": "0.74880000", "time": "2025-07-16T07:46:12.241262Z", "fetched_at": "2025-07-16T07:46:31.604315+00:00", "symbol": "ADA-USD"}, {"trade_id": 143812810, "side": "buy", "size": "12.93212102", "price": "0.74880000", "time": "2025-07-16T07:46:11.709798Z", "fetched_at": "2025-07-16T07:46:31.604315+00:00", "symbol": "ADA-USD"}, {"trade_id": 143812809, "side": "buy", "size": "14.28120991", "price": "0.74890000", "time": "2025-07-16T07:46:10.660774Z", "fetched_at": "2025-07-16T07:46:31.604315+00:00", "symbol": "ADA-USD"}, {"trade_id": 143812808, "side": "buy", "size": "302.24922427", "price": "0.74890000", "time": "2025-07-16T07:46:10.255436Z", "fetched_at": "2025-07-16T07:46:31.604315+00:00", "symbol": "ADA-USD"}, {"trade_id": 143812807, "side": "buy", "size": "15.48525573", "price": "0.74890000", "time": "2025-07-16T07:46:10.255436Z", "fetched_at": "2025-07-16T07:46:31.604315+00:00", "symbol": "ADA-USD"}, {"trade_id": 143812806, "side": "buy", "size": "22.27680197", "price": "0.74890000", "time": "2025-07-16T07:46:05.798532Z", "fetched_at": "2025-07-16T07:46:31.604315+00:00", "symbol": "ADA-USD"}, {"trade_id": 143812805, "side": "buy", "size": "173.55922149", "price": "0.74900000", "time": "2025-07-16T07:46:04.507904Z", "fetched_at": "2025-07-16T07:46:31.604315+00:00", "symbol": "ADA-USD"}, {"trade_id": 143812804, "side": "buy", "size": "1.95357018", "price": "0.74900000", "time": "2025-07-16T07:46:04.507904Z", "fetched_at": "2025-07-16T07:46:31.604315+00:00", "symbol": "ADA-USD"}, {"trade_id": 143812803, "side": "buy", "size": "629.82857138", "price": "0.74900000", "time": "2025-07-16T07:46:00.185720Z", "fetched_at": "2025-07-16T07:46:31.604315+00:00", "symbol": "ADA-USD"}, {"trade_id": 143812802, "side": "buy", "size": "173.55922149", "price": "0.74900000", "time": "2025-07-16T07:46:00.185720Z", "fetched_at": "2025-07-16T07:46:31.604315+00:00", "symbol": "ADA-USD"}, {"trade_id": 143812801, "side": "buy", "size": "359.54316000", "price": "0.74900000", "time": "2025-07-16T07:45:50.017162Z", "fetched_at": "2025-07-16T07:46:31.604315+00:00", "symbol": "ADA-USD"}, {"trade_id": 143812800, "side": "buy", "size": "166.27569000", "price": "0.74900000", "time": "2025-07-16T07:45:50.017162Z", "fetched_at": "2025-07-16T07:46:31.604315+00:00", "symbol": "ADA-USD"}, {"trade_id": 143812799, "side": "buy", "size": "263.68115000", "price": "0.74900000", "time": "2025-07-16T07:45:50.017162Z", "fetched_at": "2025-07-16T07:46:31.604315+00:00", "symbol": "ADA-USD"}, {"trade_id": 143812798, "side": "sell", "size": "0.00000340", "price": "0.74900000", "time": "2025-07-16T07:45:49.916484Z", "fetched_at": "2025-07-16T07:46:31.604315+00:00", "symbol": "ADA-USD"}, {"trade_id": 143812797, "side": "sell", "size": "151.10197000", "price": "0.74900000", "time": "2025-07-16T07:45:49.916090Z", "fetched_at": "2025-07-16T07:46:31.604315+00:00", "symbol": "ADA-USD"}, {"trade_id": 143812796, "side": "sell", "size": "0.00002063", "price": "0.74900000", "time": "2025-07-16T07:45:48.297107Z", "fetched_at": "2025-07-16T07:46:31.604315+00:00", "symbol": "ADA-USD"}, {"trade_id": 143812795, "side": "sell", "size": "3902.36280462", "price": "0.74900000", "time": "2025-07-16T07:45:48.297046Z", "fetched_at": "2025-07-16T07:46:31.604315+00:00", "symbol": "ADA-USD"}, {"trade_id": 143812794, "side": "sell", "size": "653.98106971", "price": "0.74900000", "time": "2025-07-16T07:45:48.297046Z", "fetched_at": "2025-07-16T07:46:31.604315+00:00", "symbol": "ADA-USD"}, {"trade_id": 143812793, "side": "sell", "size": "1536.92764354", "price": "0.74900000", "time": "2025-07-16T07:45:48.297046Z", "fetched_at": "2025-07-16T07:46:31.604315+00:00", "symbol": "ADA-USD"}, {"trade_id": 143812792, "side": "sell", "size": "903.27486213", "price": "0.74900000", "time": "2025-07-16T07:45:48.297046Z", "fetched_at": "2025-07-16T07:46:31.604315+00:00", "symbol": "ADA-USD"}, {"trade_id": 143812791, "side": "sell", "size": "1.50000000", "price": "0.74900000", "time": "2025-07-16T07:45:48.297046Z", "fetched_at": "2025-07-16T07:46:31.604315+00:00", "symbol": "ADA-USD"}, {"trade_id": 143812790, "side": "sell", "size": "109.04552403", "price": "0.74890000", "time": "2025-07-16T07:45:48.293333Z", "fetched_at": "2025-07-16T07:46:31.604315+00:00", "symbol": "ADA-USD"}, {"trade_id": 143812789, "side": "sell", "size": "64.57176694", "price": "0.74890000", "time": "2025-07-16T07:45:48.293263Z", "fetched_at": "2025-07-16T07:46:31.604315+00:00", "symbol": "ADA-USD"}, {"trade_id": 143812788, "side": "sell", "size": "1.50000000", "price": "0.74890000", "time": "2025-07-16T07:45:48.293263Z", "fetched_at": "2025-07-16T07:46:31.604315+00:00", "symbol": "ADA-USD"}, {"trade_id": 143812787, "side": "sell", "size": "1.91843306", "price": "0.74890000", "time": "2025-07-16T07:45:48.293263Z", "fetched_at": "2025-07-16T07:46:31.604315+00:00", "symbol": "ADA-USD"}, {"trade_id": 143812786, "side": "sell", "size": "173.64019564", "price": "0.74880000", "time": "2025-07-16T07:45:48.085128Z", "fetched_at": "2025-07-16T07:46:31.604315+00:00", "symbol": "ADA-USD"}, {"trade_id": 143812785, "side": "buy", "size": "62.71870908", "price": "0.74870000", "time": "2025-07-16T07:45:42.247321Z", "fetched_at": "2025-07-16T07:46:31.604315+00:00", "symbol": "ADA-USD"}, {"trade_id": 143812784, "side": "buy", "size": "5.27149092", "price": "0.74870000", "time": "2025-07-16T07:45:42.247321Z", "fetched_at": "2025-07-16T07:46:31.604315+00:00", "symbol": "ADA-USD"}, {"trade_id": 143812783, "side": "buy", "size": "6.76440426", "price": "0.74870000", "time": "2025-07-16T07:45:37.314404Z", "fetched_at": "2025-07-16T07:46:31.604315+00:00", "symbol": "ADA-USD"}, {"trade_id": 143812782, "side": "buy", "size": "6.76440426", "price": "0.74870000", "time": "2025-07-16T07:45:37.303456Z", "fetched_at": "2025-07-16T07:46:31.604315+00:00", "symbol": "ADA-USD"}, {"trade_id": 143812781, "side": "buy", "size": "6.76440426", "price": "0.74870000", "time": "2025-07-16T07:45:37.293424Z", "fetched_at": "2025-07-16T07:46:31.604315+00:00", "symbol": "ADA-USD"}, {"trade_id": 143812780, "side": "buy", "size": "6.46524725", "price": "0.74870000", "time": "2025-07-16T07:45:37.269329Z", "fetched_at": "2025-07-16T07:46:31.604315+00:00", "symbol": "ADA-USD"}, {"trade_id": 143812779, "side": "sell", "size": "63.55435686", "price": "0.74870000", "time": "2025-07-16T07:45:34.938562Z", "fetched_at": "2025-07-16T07:46:31.604315+00:00", "symbol": "ADA-USD"}, {"trade_id": 143812778, "side": "sell", "size": "15.18653314", "price": "0.74870000", "time": "2025-07-16T07:45:34.938562Z", "fetched_at": "2025-07-16T07:46:31.604315+00:00", "symbol": "ADA-USD"}, {"trade_id": 143812777, "side": "buy", "size": "5652.22860281", "price": "0.74870000", "time": "2025-07-16T07:45:34.848638Z", "fetched_at": "2025-07-16T07:46:31.604315+00:00", "symbol": "ADA-USD"}, {"trade_id": 143812776, "side": "buy", "size": "7.03744679", "price": "0.74880000", "time": "2025-07-16T07:45:34.848638Z", "fetched_at": "2025-07-16T07:46:31.604315+00:00", "symbol": "ADA-USD"}, {"trade_id": 143812775, "side": "sell", "size": "67.99020000", "price": "0.74880000", "time": "2025-07-16T07:45:33.813135Z", "fetched_at": "2025-07-16T07:46:31.604315+00:00", "symbol": "ADA-USD"}, {"trade_id": 143812774, "side": "sell", "size": "12.89579200", "price": "0.74890000", "time": "2025-07-16T07:45:28.497215Z", "fetched_at": "2025-07-16T07:46:31.604315+00:00", "symbol": "ADA-USD"}, {"trade_id": 143812773, "side": "sell", "size": "54.51943900", "price": "0.74890000", "time": "2025-07-16T07:45:24.625982Z", "fetched_at": "2025-07-16T07:46:31.604315+00:00", "symbol": "ADA-USD"}, {"trade_id": 143812772, "side": "sell", "size": "0.00000576", "price": "0.74880000", "time": "2025-07-16T07:45:21.891456Z", "fetched_at": "2025-07-16T07:46:31.604315+00:00", "symbol": "ADA-USD"}, {"trade_id": 143812771, "side": "sell", "size": "1.49999424", "price": "0.74880000", "time": "2025-07-16T07:45:21.891435Z", "fetched_at": "2025-07-16T07:46:31.604315+00:00", "symbol": "ADA-USD"}, {"trade_id": 143812770, "side": "sell", "size": "209.48208576", "price": "0.74880000", "time": "2025-07-16T07:45:21.891435Z", "fetched_at": "2025-07-16T07:46:31.604315+00:00", "symbol": "ADA-USD"}, {"trade_id": 143812769, "side": "sell", "size": "1.50000000", "price": "0.74860000", "time": "2025-07-16T07:45:19.553320Z", "fetched_at": "2025-07-16T07:46:31.604315+00:00", "symbol": "ADA-USD"}, {"trade_id": 143812768, "side": "sell", "size": "67.99020000", "price": "0.74850000", "time": "2025-07-16T07:45:19.177969Z", "fetched_at": "2025-07-16T07:46:31.604315+00:00", "symbol": "ADA-USD"}, {"trade_id": 143812767, "side": "sell", "size": "47.34445560", "price": "0.74840000", "time": "2025-07-16T07:45:18.118138Z", "fetched_at": "2025-07-16T07:46:31.604315+00:00", "symbol": "ADA-USD"}, {"trade_id": 143812766, "side": "sell", "size": "20.64574440", "price": "0.74840000", "time": "2025-07-16T07:45:18.118138Z", "fetched_at": "2025-07-16T07:46:31.604315+00:00", "symbol": "ADA-USD"}, {"trade_id": 143812765, "side": "buy", "size": "6.98068924", "price": "0.74840000", "time": "2025-07-16T07:45:16.572616Z", "fetched_at": "2025-07-16T07:46:31.604315+00:00", "symbol": "ADA-USD"}, {"trade_id": 143812764, "side": "buy", "size": "1.50000000", "price": "0.74840000", "time": "2025-07-16T07:45:16.572616Z", "fetched_at": "2025-07-16T07:46:31.604315+00:00", "symbol": "ADA-USD"}, {"trade_id": 143812763, "side": "buy", "size": "7.96417222", "price": "0.74850000", "time": "2025-07-16T07:45:12.645651Z", "fetched_at": "2025-07-16T07:46:31.604315+00:00", "symbol": "ADA-USD"}, {"trade_id": 143812762, "side": "buy", "size": "1.50000000", "price": "0.74850000", "time": "2025-07-16T07:45:12.645651Z", "fetched_at": "2025-07-16T07:46:31.604315+00:00", "symbol": "ADA-USD"}, {"trade_id": 143812761, "side": "buy", "size": "7.96310835", "price": "0.74860000", "time": "2025-07-16T07:45:12.570893Z", "fetched_at": "2025-07-16T07:46:31.604315+00:00", "symbol": "ADA-USD"}, {"trade_id": 143812760, "side": "buy", "size": "1.50000000", "price": "0.74860000", "time": "2025-07-16T07:45:12.570893Z", "fetched_at": "2025-07-16T07:46:31.604315+00:00", "symbol": "ADA-USD"}, {"trade_id": 143812759, "side": "buy", "size": "8.56402832", "price": "0.74870000", "time": "2025-07-16T07:45:12.137784Z", "fetched_at": "2025-07-16T07:46:31.604315+00:00", "symbol": "ADA-USD"}, {"trade_id": 143812758, "side": "sell", "size": "6.21505138", "price": "0.74880000", "time": "2025-07-16T07:45:11.065919Z", "fetched_at": "2025-07-16T07:46:31.604315+00:00", "symbol": "ADA-USD"}, {"trade_id": 143812757, "side": "buy", "size": "67.99020000", "price": "0.74880000", "time": "2025-07-16T07:45:06.470044Z", "fetched_at": "2025-07-16T07:46:31.604315+00:00", "symbol": "ADA-USD"}, {"trade_id": 143812756, "side": "sell", "size": "1.32229200", "price": "0.74850000", "time": "2025-07-16T07:45:02.377896Z", "fetched_at": "2025-07-16T07:46:31.604315+00:00", "symbol": "ADA-USD"}, {"trade_id": 143812755, "side": "buy", "size": "500.00000000", "price": "0.74850000", "time": "2025-07-16T07:45:00.158988Z", "fetched_at": "2025-07-16T07:46:31.604315+00:00", "symbol": "ADA-USD"}, {"trade_id": 143812754, "side": "buy", "size": "1.50000000", "price": "0.74850000", "time": "2025-07-16T07:45:00.158988Z", "fetched_at": "2025-07-16T07:46:31.604315+00:00", "symbol": "ADA-USD"}, {"trade_id": 143812753, "side": "buy", "size": "10.88967184", "price": "0.74870000", "time": "2025-07-16T07:44:55.660285Z", "fetched_at": "2025-07-16T07:46:31.604315+00:00", "symbol": "ADA-USD"}, {"trade_id": 143812752, "side": "buy", "size": "10.88967184", "price": "0.74870000", "time": "2025-07-16T07:44:54.893577Z", "fetched_at": "2025-07-16T07:46:31.604315+00:00", "symbol": "ADA-USD"}, {"trade_id": 143812751, "side": "buy", "size": "57.10052816", "price": "0.74870000", "time": "2025-07-16T07:44:52.531728Z", "fetched_at": "2025-07-16T07:46:31.604315+00:00", "symbol": "ADA-USD"}, {"trade_id": 143812750, "side": "buy", "size": "10.88967184", "price": "0.74870000", "time": "2025-07-16T07:44:52.531728Z", "fetched_at": "2025-07-16T07:46:31.604315+00:00", "symbol": "ADA-USD"}, {"trade_id": 143812749, "side": "sell", "size": "4373.29832526", "price": "0.74880000", "time": "2025-07-16T07:44:52.471435Z", "fetched_at": "2025-07-16T07:46:31.604315+00:00", "symbol": "ADA-USD"}, {"trade_id": 143812748, "side": "sell", "size": "594.00000000", "price": "0.74870000", "time": "2025-07-16T07:44:52.471435Z", "fetched_at": "2025-07-16T07:46:31.604315+00:00", "symbol": "ADA-USD"}, {"trade_id": 143812747, "side": "sell", "size": "27.03998174", "price": "0.74870000", "time": "2025-07-16T07:44:52.471435Z", "fetched_at": "2025-07-16T07:46:31.604315+00:00", "symbol": "ADA-USD"}, {"trade_id": 143812746, "side": "buy", "size": "10.88967184", "price": "0.74870000", "time": "2025-07-16T07:44:50.524598Z", "fetched_at": "2025-07-16T07:46:31.604315+00:00", "symbol": "ADA-USD"}, {"trade_id": 143812745, "side": "buy", "size": "10.88967184", "price": "0.74870000", "time": "2025-07-16T07:44:49.699606Z", "fetched_at": "2025-07-16T07:46:31.604315+00:00", "symbol": "ADA-USD"}, {"trade_id": 143812744, "side": "sell", "size": "67.99020000", "price": "0.74880000", "time": "2025-07-16T07:44:49.696784Z", "fetched_at": "2025-07-16T07:46:31.604315+00:00", "symbol": "ADA-USD"}, {"trade_id": 143812743, "side": "buy", "size": "10.88967184", "price": "0.74870000", "time": "2025-07-16T07:44:47.687169Z", "fetched_at": "2025-07-16T07:46:31.604315+00:00", "symbol": "ADA-USD"}, {"trade_id": 143812742, "side": "buy", "size": "57.10052816", "price": "0.74870000", "time": "2025-07-16T07:44:44.804978Z", "fetched_at": "2025-07-16T07:46:31.604315+00:00", "symbol": "ADA-USD"}, {"trade_id": 143812741, "side": "buy", "size": "10.88967184", "price": "0.74870000", "time": "2025-07-16T07:44:44.804978Z", "fetched_at": "2025-07-16T07:46:31.604315+00:00", "symbol": "ADA-USD"}, {"trade_id": 143812740, "side": "buy", "size": "10.89112651", "price": "0.74860000", "time": "2025-07-16T07:44:39.170577Z", "fetched_at": "2025-07-16T07:46:31.604315+00:00", "symbol": "ADA-USD"}, {"trade_id": 143812739, "side": "buy", "size": "1.50000000", "price": "0.74860000", "time": "2025-07-16T07:44:39.170577Z", "fetched_at": "2025-07-16T07:46:31.604315+00:00", "symbol": "ADA-USD"}, {"trade_id": 143812738, "side": "sell", "size": "11.39803600", "price": "0.74870000", "time": "2025-07-16T07:44:39.055440Z", "fetched_at": "2025-07-16T07:46:31.604315+00:00", "symbol": "ADA-USD"}, {"trade_id": 143812737, "side": "sell", "size": "112.16141113", "price": "0.74870000", "time": "2025-07-16T07:44:38.840808Z", "fetched_at": "2025-07-16T07:46:31.604315+00:00", "symbol": "ADA-USD"}, {"trade_id": 143812736, "side": "sell", "size": "683.89894287", "price": "0.74870000", "time": "2025-07-16T07:44:38.840808Z", "fetched_at": "2025-07-16T07:46:31.604315+00:00", "symbol": "ADA-USD"}, {"trade_id": 143812735, "side": "sell", "size": "167.05914000", "price": "0.74870000", "time": "2025-07-16T07:44:38.840808Z", "fetched_at": "2025-07-16T07:46:31.604315+00:00", "symbol": "ADA-USD"}, {"trade_id": 143812734, "side": "sell", "size": "594.00000000", "price": "0.74870000", "time": "2025-07-16T07:44:38.840808Z", "fetched_at": "2025-07-16T07:46:31.604315+00:00", "symbol": "ADA-USD"}, {"trade_id": 143812733, "side": "buy", "size": "10.91679161", "price": "0.74870000", "time": "2025-07-16T07:44:36.529849Z", "fetched_at": "2025-07-16T07:46:31.604315+00:00", "symbol": "ADA-USD"}, {"trade_id": 143812732, "side": "sell", "size": "6.27585700", "price": "0.74880000", "time": "2025-07-16T07:44:34.311365Z", "fetched_at": "2025-07-16T07:46:31.604315+00:00", "symbol": "ADA-USD"}, {"trade_id": 143812731, "side": "buy", "size": "12.14693201", "price": "0.74880000", "time": "2025-07-16T07:44:32.668403Z", "fetched_at": "2025-07-16T07:46:31.604315+00:00", "symbol": "ADA-USD"}, {"trade_id": 143812730, "side": "buy", "size": "70.20217731", "price": "0.74870000", "time": "2025-07-16T07:44:29.085191Z", "fetched_at": "2025-07-16T07:46:31.604315+00:00", "symbol": "ADA-USD"}, {"trade_id": 143812729, "side": "buy", "size": "1.50000000", "price": "0.74870000", "time": "2025-07-16T07:44:29.085191Z", "fetched_at": "2025-07-16T07:46:31.604315+00:00", "symbol": "ADA-USD"}, {"trade_id": 143812728, "side": "buy", "size": "44.04887450", "price": "0.74870000", "time": "2025-07-16T07:44:29.085191Z", "fetched_at": "2025-07-16T07:46:31.604315+00:00", "symbol": "ADA-USD"}, {"trade_id": 143812727, "side": "buy", "size": "15.99597512", "price": "0.74880000", "time": "2025-07-16T07:44:29.085191Z", "fetched_at": "2025-07-16T07:46:31.604315+00:00", "symbol": "ADA-USD"}, {"trade_id": 143812726, "side": "buy", "size": "0.58822207", "price": "0.74880000", "time": "2025-07-16T07:44:29.085191Z", "fetched_at": "2025-07-16T07:46:31.604315+00:00", "symbol": "ADA-USD"}, {"trade_id": 143812725, "side": "buy", "size": "0.91177793", "price": "0.74880000", "time": "2025-07-16T07:44:29.021467Z", "fetched_at": "2025-07-16T07:46:31.604315+00:00", "symbol": "ADA-USD"}, {"trade_id": 143812724, "side": "buy", "size": "16.07350355", "price": "0.74890000", "time": "2025-07-16T07:44:29.021467Z", "fetched_at": "2025-07-16T07:46:31.604315+00:00", "symbol": "ADA-USD"}, {"trade_id": 143812723, "side": "sell", "size": "12.88374300", "price": "0.74900000", "time": "2025-07-16T07:44:28.841407Z", "fetched_at": "2025-07-16T07:46:31.604315+00:00", "symbol": "ADA-USD"}, {"trade_id": 143812722, "side": "sell", "size": "47.02556621", "price": "0.74900000", "time": "2025-07-16T07:44:25.142454Z", "fetched_at": "2025-07-16T07:46:31.604315+00:00", "symbol": "ADA-USD"}, {"trade_id": 143812721, "side": "sell", "size": "20.96463379", "price": "0.74900000", "time": "2025-07-16T07:44:25.142454Z", "fetched_at": "2025-07-16T07:46:31.604315+00:00", "symbol": "ADA-USD"}, {"trade_id": 143812720, "side": "buy", "size": "0.00006798", "price": "0.74890000", "time": "2025-07-16T07:44:21.023908Z", "fetched_at": "2025-07-16T07:46:31.604315+00:00", "symbol": "ADA-USD"}, {"trade_id": 143812719, "side": "buy", "size": "19.59798425", "price": "0.74890000", "time": "2025-07-16T07:44:21.019900Z", "fetched_at": "2025-07-16T07:46:31.604315+00:00", "symbol": "ADA-USD"}, {"trade_id": 143812718, "side": "buy", "size": "1.50000000", "price": "0.74890000", "time": "2025-07-16T07:44:21.019900Z", "fetched_at": "2025-07-16T07:46:31.604315+00:00", "symbol": "ADA-USD"}, {"trade_id": 143812717, "side": "buy", "size": "79.99571575", "price": "0.74890000", "time": "2025-07-16T07:44:21.019900Z", "fetched_at": "2025-07-16T07:46:31.604315+00:00", "symbol": "ADA-USD"}, {"trade_id": 143812716, "side": "buy", "size": "82.53760845", "price": "0.74890000", "time": "2025-07-16T07:44:19.858029Z", "fetched_at": "2025-07-16T07:46:31.604315+00:00", "symbol": "ADA-USD"}, {"trade_id": 143812715, "side": "buy", "size": "82.53760845", "price": "0.74890000", "time": "2025-07-16T07:44:19.847147Z", "fetched_at": "2025-07-16T07:46:31.604315+00:00", "symbol": "ADA-USD"}, {"trade_id": 143812714, "side": "buy", "size": "82.53760845", "price": "0.74890000", "time": "2025-07-16T07:44:19.831086Z", "fetched_at": "2025-07-16T07:46:31.604315+00:00", "symbol": "ADA-USD"}, {"trade_id": 143812713, "side": "buy", "size": "26.36182238", "price": "0.74900000", "time": "2025-07-16T07:44:19.440298Z", "fetched_at": "2025-07-16T07:46:31.604315+00:00", "symbol": "ADA-USD"}, {"trade_id": 143812712, "side": "buy", "size": "1.50000000", "price": "0.74900000", "time": "2025-07-16T07:44:19.440298Z", "fetched_at": "2025-07-16T07:46:31.604315+00:00", "symbol": "ADA-USD"}, {"trade_id": 143812711, "side": "sell", "size": "21.35611319", "price": "0.74910000", "time": "2025-07-16T07:44:18.480113Z", "fetched_at": "2025-07-16T07:46:31.604315+00:00", "symbol": "ADA-USD"}, {"trade_id": 143812710, "side": "buy", "size": "45.27644477", "price": "0.74910000", "time": "2025-07-16T07:44:18.433054Z", "fetched_at": "2025-07-16T07:46:31.604315+00:00", "symbol": "ADA-USD"}, {"trade_id": 143812709, "side": "sell", "size": "0.40564600", "price": "0.74930000", "time": "2025-07-16T07:44:09.365209Z", "fetched_at": "2025-07-16T07:46:31.604315+00:00", "symbol": "ADA-USD"}, {"trade_id": 143812708, "side": "sell", "size": "10.31382550", "price": "0.74930000", "time": "2025-07-16T07:44:09.365209Z", "fetched_at": "2025-07-16T07:46:31.604315+00:00", "symbol": "ADA-USD"}, {"trade_id": 143812707, "side": "sell", "size": "30.71973993", "price": "0.74920000", "time": "2025-07-16T07:44:07.275705Z", "fetched_at": "2025-07-16T07:46:31.604315+00:00", "symbol": "ADA-USD"}, {"trade_id": 143812706, "side": "sell", "size": "37.27046007", "price": "0.74920000", "time": "2025-07-16T07:44:07.275705Z", "fetched_at": "2025-07-16T07:46:31.604315+00:00", "symbol": "ADA-USD"}, {"trade_id": 143812705, "side": "sell", "size": "67.99020000", "price": "0.74910000", "time": "2025-07-16T07:44:06.419161Z", "fetched_at": "2025-07-16T07:46:31.604315+00:00", "symbol": "ADA-USD"}, {"trade_id": 143812704, "side": "buy", "size": "173.51288961", "price": "0.74920000", "time": "2025-07-16T07:44:06.393029Z", "fetched_at": "2025-07-16T07:46:31.604315+00:00", "symbol": "ADA-USD"}, {"trade_id": 143812703, "side": "sell", "size": "0.10000000", "price": "0.74930000", "time": "2025-07-16T07:44:00.847660Z", "fetched_at": "2025-07-16T07:46:31.604315+00:00", "symbol": "ADA-USD"}, {"trade_id": 143812702, "side": "sell", "size": "1.50000000", "price": "0.74920000", "time": "2025-07-16T07:43:57.756543Z", "fetched_at": "2025-07-16T07:46:31.604315+00:00", "symbol": "ADA-USD"}, {"trade_id": 143812701, "side": "sell", "size": "12.57289098", "price": "0.74920000", "time": "2025-07-16T07:43:57.756543Z", "fetched_at": "2025-07-16T07:46:31.604315+00:00", "symbol": "ADA-USD"}, {"trade_id": 143812700, "side": "sell", "size": "1.28590496", "price": "0.74920000", "time": "2025-07-16T07:43:57.756543Z", "fetched_at": "2025-07-16T07:46:31.604315+00:00", "symbol": "ADA-USD"}, {"trade_id": 143812699, "side": "sell", "size": "0.00007363", "price": "0.74920000", "time": "2025-07-16T07:43:57.756543Z", "fetched_at": "2025-07-16T07:46:31.604315+00:00", "symbol": "ADA-USD"}, {"trade_id": 143812698, "side": "sell", "size": "0.10071010", "price": "0.74920000", "time": "2025-07-16T07:43:57.756543Z", "fetched_at": "2025-07-16T07:46:31.604315+00:00", "symbol": "ADA-USD"}, {"trade_id": 143812697, "side": "buy", "size": "540.38646000", "price": "0.74910000", "time": "2025-07-16T07:43:56.771717Z", "fetched_at": "2025-07-16T07:46:31.604315+00:00", "symbol": "ADA-USD"}, {"trade_id": 143812696, "side": "buy", "size": "249.41354000", "price": "0.74910000", "time": "2025-07-16T07:43:56.771717Z", "fetched_at": "2025-07-16T07:46:31.604315+00:00", "symbol": "ADA-USD"}, {"trade_id": 143812695, "side": "sell", "size": "173.55914894", "price": "0.74910000", "time": "2025-07-16T07:43:56.670461Z", "fetched_at": "2025-07-16T07:46:31.604315+00:00", "symbol": "ADA-USD"}, {"trade_id": 143812694, "side": "sell", "size": "236.07706996", "price": "0.74910000", "time": "2025-07-16T07:43:56.670461Z", "fetched_at": "2025-07-16T07:46:31.604315+00:00", "symbol": "ADA-USD"}, {"trade_id": 143812693, "side": "sell", "size": "1.50000000", "price": "0.74910000", "time": "2025-07-16T07:43:56.670461Z", "fetched_at": "2025-07-16T07:46:31.604315+00:00", "symbol": "ADA-USD"}, {"trade_id": 143812692, "side": "sell", "size": "7.27802183", "price": "0.74910000", "time": "2025-07-16T07:43:56.670461Z", "fetched_at": "2025-07-16T07:46:31.604315+00:00", "symbol": "ADA-USD"}, {"trade_id": 143812691, "side": "sell", "size": "1.33679199", "price": "0.74910000", "time": "2025-07-16T07:43:56.670461Z", "fetched_at": "2025-07-16T07:46:31.604315+00:00", "symbol": "ADA-USD"}, {"trade_id": 143812690, "side": "sell", "size": "0.23412267", "price": "0.74910000", "time": "2025-07-16T07:43:56.670461Z", "fetched_at": "2025-07-16T07:46:31.604315+00:00", "symbol": "ADA-USD"}, {"trade_id": 143812689, "side": "sell", "size": "0.10000000", "price": "0.74910000", "time": "2025-07-16T07:43:56.670461Z", "fetched_at": "2025-07-16T07:46:31.604315+00:00", "symbol": "ADA-USD"}, {"trade_id": 143812688, "side": "buy", "size": "20.88696864", "price": "0.74900000", "time": "2025-07-16T07:43:48.704835Z", "fetched_at": "2025-07-16T07:46:31.604315+00:00", "symbol": "ADA-USD"}, {"trade_id": 143812687, "side": "sell", "size": "107.14999141", "price": "0.74900000", "time": "2025-07-16T07:43:47.981100Z", "fetched_at": "2025-07-16T07:46:31.604315+00:00", "symbol": "ADA-USD"}, {"trade_id": 143812686, "side": "sell", "size": "66.49020000", "price": "0.74900000", "time": "2025-07-16T07:43:47.979047Z", "fetched_at": "2025-07-16T07:46:31.604315+00:00", "symbol": "ADA-USD"}, {"trade_id": 143812685, "side": "sell", "size": "1.50000000", "price": "0.74900000", "time": "2025-07-16T07:43:47.979047Z", "fetched_at": "2025-07-16T07:46:31.604315+00:00", "symbol": "ADA-USD"}, {"trade_id": 143812684, "side": "sell", "size": "173.64019141", "price": "0.74890000", "time": "2025-07-16T07:43:44.482644Z", "fetched_at": "2025-07-16T07:46:31.604315+00:00", "symbol": "ADA-USD"}, {"trade_id": 143812683, "side": "sell", "size": "3344.86100863", "price": "0.74890000", "time": "2025-07-16T07:43:44.476332Z", "fetched_at": "2025-07-16T07:46:31.604315+00:00", "symbol": "ADA-USD"}, {"trade_id": 143812682, "side": "sell", "size": "1.50000000", "price": "0.74890000", "time": "2025-07-16T07:43:44.476332Z", "fetched_at": "2025-07-16T07:46:31.604315+00:00", "symbol": "ADA-USD"}, {"trade_id": 143812681, "side": "sell", "size": "790.10000000", "price": "0.74880000", "time": "2025-07-16T07:43:44.449042Z", "fetched_at": "2025-07-16T07:46:31.604315+00:00", "symbol": "ADA-USD"}, {"trade_id": 143812680, "side": "sell", "size": "1.50000000", "price": "0.74880000", "time": "2025-07-16T07:43:44.449042Z", "fetched_at": "2025-07-16T07:46:31.604315+00:00", "symbol": "ADA-USD"}, {"trade_id": 143812679, "side": "sell", "size": "4852.40000000", "price": "0.74870000", "time": "2025-07-16T07:43:44.101867Z", "fetched_at": "2025-07-16T07:46:31.604315+00:00", "symbol": "ADA-USD"}, {"trade_id": 143812678, "side": "sell", "size": "45.41268785", "price": "0.74870000", "time": "2025-07-16T07:43:44.101867Z", "fetched_at": "2025-07-16T07:46:31.604315+00:00", "symbol": "ADA-USD"}, {"trade_id": 143812677, "side": "sell", "size": "66.49020000", "price": "0.74870000", "time": "2025-07-16T07:43:43.809072Z", "fetched_at": "2025-07-16T07:46:31.604315+00:00", "symbol": "ADA-USD"}, {"trade_id": 143812676, "side": "sell", "size": "1.50000000", "price": "0.74870000", "time": "2025-07-16T07:43:43.809072Z", "fetched_at": "2025-07-16T07:46:31.604315+00:00", "symbol": "ADA-USD"}, {"trade_id": 143812675, "side": "sell", "size": "1.50000000", "price": "0.74860000", "time": "2025-07-16T07:43:39.811099Z", "fetched_at": "2025-07-16T07:46:31.604315+00:00", "symbol": "ADA-USD"}, {"trade_id": 143812674, "side": "buy", "size": "594.00000000", "price": "0.74840000", "time": "2025-07-16T07:43:31.794985Z", "fetched_at": "2025-07-16T07:46:31.604315+00:00", "symbol": "ADA-USD"}, {"trade_id": 143812673, "side": "buy", "size": "7.09994021", "price": "0.74850000", "time": "2025-07-16T07:43:31.794985Z", "fetched_at": "2025-07-16T07:46:31.604315+00:00", "symbol": "ADA-USD"}, {"trade_id": 143812672, "side": "sell", "size": "1.50000000", "price": "0.74850000", "time": "2025-07-16T07:43:26.450064Z", "fetched_at": "2025-07-16T07:46:31.604315+00:00", "symbol": "ADA-USD"}, {"trade_id": 143812671, "side": "buy", "size": "8.26041795", "price": "0.74840000", "time": "2025-07-16T07:43:21.640618Z", "fetched_at": "2025-07-16T07:46:31.604315+00:00", "symbol": "ADA-USD"}, {"trade_id": 143812670, "side": "buy", "size": "8.58968354", "price": "0.74840000", "time": "2025-07-16T07:43:11.453206Z", "fetched_at": "2025-07-16T07:46:31.604315+00:00", "symbol": "ADA-USD"}, {"trade_id": 143812669, "side": "buy", "size": "9.58375789", "price": "0.74840000", "time": "2025-07-16T07:43:00.989715Z", "fetched_at": "2025-07-16T07:46:31.604315+00:00", "symbol": "ADA-USD"}, {"trade_id": 143812668, "side": "buy", "size": "9.83083311", "price": "0.74850000", "time": "2025-07-16T07:43:00.580367Z", "fetched_at": "2025-07-16T07:46:31.604315+00:00", "symbol": "ADA-USD"}, {"trade_id": 143812667, "side": "buy", "size": "504.30379497", "price": "0.74820000", "time": "2025-07-16T07:42:59.348110Z", "fetched_at": "2025-07-16T07:46:31.604315+00:00", "symbol": "ADA-USD"}, {"trade_id": 143812666, "side": "buy", "size": "275.69095044", "price": "0.74820000", "time": "2025-07-16T07:42:59.348110Z", "fetched_at": "2025-07-16T07:46:31.604315+00:00", "symbol": "ADA-USD"}, {"trade_id": 143812665, "side": "buy", "size": "594.00000000", "price": "0.74820000", "time": "2025-07-16T07:42:59.348110Z", "fetched_at": "2025-07-16T07:46:31.604315+00:00", "symbol": "ADA-USD"}, {"trade_id": 143812664, "side": "buy", "size": "1.50000000", "price": "0.74820000", "time": "2025-07-16T07:42:59.348110Z", "fetched_at": "2025-07-16T07:46:31.604315+00:00", "symbol": "ADA-USD"}, {"trade_id": 143812663, "side": "buy", "size": "1705.28691000", "price": "0.74830000", "time": "2025-07-16T07:42:59.348110Z", "fetched_at": "2025-07-16T07:46:31.604315+00:00", "symbol": "ADA-USD"}, {"trade_id": 143812662, "side": "buy", "size": "2416.01452000", "price": "0.74830000", "time": "2025-07-16T07:42:59.348110Z", "fetched_at": "2025-07-16T07:46:31.604315+00:00", "symbol": "ADA-USD"}, {"trade_id": 143812661, "side": "buy", "size": "660.62997195", "price": "0.74830000", "time": "2025-07-16T07:42:59.348110Z", "fetched_at": "2025-07-16T07:46:31.604315+00:00", "symbol": "ADA-USD"}, {"trade_id": 143812660, "side": "buy", "size": "717.03366242", "price": "0.74830000", "time": "2025-07-16T07:42:59.348110Z", "fetched_at": "2025-07-16T07:46:31.604315+00:00", "symbol": "ADA-USD"}, {"trade_id": 143812659, "side": "buy", "size": "1.50000000", "price": "0.74830000", "time": "2025-07-16T07:42:59.348110Z", "fetched_at": "2025-07-16T07:46:31.604315+00:00", "symbol": "ADA-USD"}, {"trade_id": 143812658, "side": "buy", "size": "9.82714322", "price": "0.74840000", "time": "2025-07-16T07:42:59.348110Z", "fetched_at": "2025-07-16T07:46:31.604315+00:00", "symbol": "ADA-USD"}, {"trade_id": 143812657, "side": "buy", "size": "50.00000000", "price": "0.74840000", "time": "2025-07-16T07:42:58.911137Z", "fetched_at": "2025-07-16T07:46:31.604315+00:00", "symbol": "ADA-USD"}, {"trade_id": 143812656, "side": "buy", "size": "10.43396641", "price": "0.74840000", "time": "2025-07-16T07:42:58.911137Z", "fetched_at": "2025-07-16T07:46:31.604315+00:00", "symbol": "ADA-USD"}, {"trade_id": 143812655, "side": "buy", "size": "11.88167210", "price": "0.74840000", "time": "2025-07-16T07:42:55.492398Z", "fetched_at": "2025-07-16T07:46:31.604315+00:00", "symbol": "ADA-USD"}, {"trade_id": 143812654, "side": "buy", "size": "1.50000000", "price": "0.74840000", "time": "2025-07-16T07:42:55.492398Z", "fetched_at": "2025-07-16T07:46:31.604315+00:00", "symbol": "ADA-USD"}, {"trade_id": 143812653, "side": "buy", "size": "15.82355307", "price": "0.74850000", "time": "2025-07-16T07:42:50.124663Z", "fetched_at": "2025-07-16T07:46:31.604315+00:00", "symbol": "ADA-USD"}, {"trade_id": 143812652, "side": "buy", "size": "15.82355307", "price": "0.74850000", "time": "2025-07-16T07:42:50.113507Z", "fetched_at": "2025-07-16T07:46:31.604315+00:00", "symbol": "ADA-USD"}, {"trade_id": 143812651, "side": "buy", "size": "15.82354622", "price": "0.74850000", "time": "2025-07-16T07:42:50.087523Z", "fetched_at": "2025-07-16T07:46:31.604315+00:00", "symbol": "ADA-USD"}, {"trade_id": 143812650, "side": "buy", "size": "47.89392378", "price": "0.74850000", "time": "2025-07-16T07:42:50.087523Z", "fetched_at": "2025-07-16T07:46:31.604315+00:00", "symbol": "ADA-USD"}, {"trade_id": 143812649, "side": "buy", "size": "175.97967311", "price": "0.74850000", "time": "2025-07-16T07:42:50.082597Z", "fetched_at": "2025-07-16T07:46:31.604315+00:00", "symbol": "ADA-USD"}, {"trade_id": 143812648, "side": "buy", "size": "1.50000000", "price": "0.74850000", "time": "2025-07-16T07:42:50.082597Z", "fetched_at": "2025-07-16T07:46:31.604315+00:00", "symbol": "ADA-USD"}, {"trade_id": 143812647, "side": "buy", "size": "13.21371216", "price": "0.74860000", "time": "2025-07-16T07:42:47.319434Z", "fetched_at": "2025-07-16T07:46:31.604315+00:00", "symbol": "ADA-USD"}, {"trade_id": 143812646, "side": "sell", "size": "1.29532700", "price": "0.74870000", "time": "2025-07-16T07:42:46.287413Z", "fetched_at": "2025-07-16T07:46:31.604315+00:00", "symbol": "ADA-USD"}, {"trade_id": 143812645, "side": "buy", "size": "19.56128137", "price": "0.74860000", "time": "2025-07-16T07:42:40.052876Z", "fetched_at": "2025-07-16T07:46:31.604315+00:00", "symbol": "ADA-USD"}, {"trade_id": 143812644, "side": "buy", "size": "136.32330000", "price": "0.74860000", "time": "2025-07-16T07:42:40.006558Z", "fetched_at": "2025-07-16T07:46:31.604315+00:00", "symbol": "ADA-USD"}, {"trade_id": 143812643, "side": "buy", "size": "594.00000000", "price": "0.74870000", "time": "2025-07-16T07:42:39.969600Z", "fetched_at": "2025-07-16T07:46:31.604315+00:00", "symbol": "ADA-USD"}, {"trade_id": 143812642, "side": "buy", "size": "19.54419498", "price": "0.74890000", "time": "2025-07-16T07:42:39.959260Z", "fetched_at": "2025-07-16T07:46:31.604315+00:00", "symbol": "ADA-USD"}, {"trade_id": 143812641, "side": "buy", "size": "67.99020000", "price": "0.74890000", "time": "2025-07-16T07:42:37.357385Z", "fetched_at": "2025-07-16T07:46:31.604315+00:00", "symbol": "ADA-USD"}, {"trade_id": 143812640, "side": "buy", "size": "77.58567000", "price": "0.74890000", "time": "2025-07-16T07:42:36.967585Z", "fetched_at": "2025-07-16T07:46:31.604315+00:00", "symbol": "ADA-USD"}, {"trade_id": 143812639, "side": "sell", "size": "23.76946187", "price": "0.74890000", "time": "2025-07-16T07:42:22.487174Z", "fetched_at": "2025-07-16T07:46:31.604315+00:00", "symbol": "ADA-USD"}, {"trade_id": 143812638, "side": "sell", "size": "1.50000000", "price": "0.74890000", "time": "2025-07-16T07:42:22.487174Z", "fetched_at": "2025-07-16T07:46:31.604315+00:00", "symbol": "ADA-USD"}, {"trade_id": 143812637, "side": "buy", "size": "67.99020000", "price": "0.74880000", "time": "2025-07-16T07:42:21.425717Z", "fetched_at": "2025-07-16T07:46:31.604315+00:00", "symbol": "ADA-USD"}, {"trade_id": 143812636, "side": "sell", "size": "50.00000000", "price": "0.74880000", "time": "2025-07-16T07:42:21.416948Z", "fetched_at": "2025-07-16T07:46:31.604315+00:00", "symbol": "ADA-USD"}, {"trade_id": 143812635, "side": "sell", "size": "173.66329336", "price": "0.74880000", "time": "2025-07-16T07:42:21.416948Z", "fetched_at": "2025-07-16T07:46:31.604315+00:00", "symbol": "ADA-USD"}, {"trade_id": 143812634, "side": "sell", "size": "1.50000000", "price": "0.74880000", "time": "2025-07-16T07:42:21.416948Z", "fetched_at": "2025-07-16T07:46:31.604315+00:00", "symbol": "ADA-USD"}, {"trade_id": 143812633, "side": "sell", "size": "1.50000000", "price": "0.74870000", "time": "2025-07-16T07:42:21.414628Z", "fetched_at": "2025-07-16T07:46:31.604315+00:00", "symbol": "ADA-USD"}, {"trade_id": 143812632, "side": "buy", "size": "429.38629393", "price": "0.74860000", "time": "2025-07-16T07:42:19.434731Z", "fetched_at": "2025-07-16T07:46:31.604315+00:00", "symbol": "ADA-USD"}, {"trade_id": 143812631, "side": "buy", "size": "15.63014113", "price": "0.74860000", "time": "2025-07-16T07:42:19.434731Z", "fetched_at": "2025-07-16T07:46:31.604315+00:00", "symbol": "ADA-USD"}, {"trade_id": 143812630, "side": "sell", "size": "1.50000000", "price": "0.74860000", "time": "2025-07-16T07:42:15.512537Z", "fetched_at": "2025-07-16T07:46:31.604315+00:00", "symbol": "ADA-USD"}, {"trade_id": 143812629, "side": "sell", "size": "331.01973818", "price": "0.74860000", "time": "2025-07-16T07:42:03.919908Z", "fetched_at": "2025-07-16T07:46:31.604315+00:00", "symbol": "ADA-USD"}, {"trade_id": 143812628, "side": "sell", "size": "168.98026182", "price": "0.74850000", "time": "2025-07-16T07:42:03.919908Z", "fetched_at": "2025-07-16T07:46:31.604315+00:00", "symbol": "ADA-USD"}, {"trade_id": 143812627, "side": "sell", "size": "424.37498200", "price": "0.74850000", "time": "2025-07-16T07:42:03.914525Z", "fetched_at": "2025-07-16T07:46:31.604315+00:00", "symbol": "ADA-USD"}, {"trade_id": 143812626, "side": "sell", "size": "631.88067900", "price": "0.74850000", "time": "2025-07-16T07:42:00.693281Z", "fetched_at": "2025-07-16T07:46:31.604315+00:00", "symbol": "ADA-USD"}, {"trade_id": 143812625, "side": "sell", "size": "61.86317500", "price": "0.74850000", "time": "2025-07-16T07:41:59.159448Z", "fetched_at": "2025-07-16T07:46:31.604315+00:00", "symbol": "ADA-USD"}, {"trade_id": 143812624, "side": "sell", "size": "1.50000000", "price": "0.74850000", "time": "2025-07-16T07:41:59.159448Z", "fetched_at": "2025-07-16T07:46:31.604315+00:00", "symbol": "ADA-USD"}, {"trade_id": 143812623, "side": "sell", "size": "1.91972077", "price": "0.74840000", "time": "2025-07-16T07:41:55.923324Z", "fetched_at": "2025-07-16T07:46:31.604315+00:00", "symbol": "ADA-USD"}, {"trade_id": 143812622, "side": "buy", "size": "19.84522820", "price": "0.74840000", "time": "2025-07-16T07:41:45.934251Z", "fetched_at": "2025-07-16T07:46:31.604315+00:00", "symbol": "ADA-USD"}, {"trade_id": 143812621, "side": "sell", "size": "0.01349005", "price": "0.74840000", "time": "2025-07-16T07:41:41.167953Z", "fetched_at": "2025-07-16T07:46:31.604315+00:00", "symbol": "ADA-USD"}, {"trade_id": 143812620, "side": "sell", "size": "6.57152958", "price": "0.74840000", "time": "2025-07-16T07:41:41.151080Z", "fetched_at": "2025-07-16T07:46:31.604315+00:00", "symbol": "ADA-USD"}, {"trade_id": 143812619, "side": "sell", "size": "1.50000000", "price": "0.74830000", "time": "2025-07-16T07:41:33.796502Z", "fetched_at": "2025-07-16T07:46:31.604315+00:00", "symbol": "ADA-USD"}, {"trade_id": 143812618, "side": "sell", "size": "1.91997852", "price": "0.74810000", "time": "2025-07-16T07:41:32.618312Z", "fetched_at": "2025-07-16T07:46:31.604315+00:00", "symbol": "ADA-USD"}, {"trade_id": 143812617, "side": "sell", "size": "33.06171500", "price": "0.74830000", "time": "2025-07-16T07:41:27.537294Z", "fetched_at": "2025-07-16T07:46:31.604315+00:00", "symbol": "ADA-USD"}, {"trade_id": 143812616, "side": "buy", "size": "67.99020000", "price": "0.74820000", "time": "2025-07-16T07:41:27.198288Z", "fetched_at": "2025-07-16T07:46:31.604315+00:00", "symbol": "ADA-USD"}, {"trade_id": 143812615, "side": "buy", "size": "269.49279390", "price": "0.74820000", "time": "2025-07-16T07:41:26.627507Z", "fetched_at": "2025-07-16T07:46:31.604315+00:00", "symbol": "ADA-USD"}, {"trade_id": 143812614, "side": "sell", "size": "473.10135844", "price": "0.74840000", "time": "2025-07-16T07:41:25.836910Z", "fetched_at": "2025-07-16T07:46:31.604315+00:00", "symbol": "ADA-USD"}, {"trade_id": 143812613, "side": "sell", "size": "594.00000000", "price": "0.74840000", "time": "2025-07-16T07:41:25.836910Z", "fetched_at": "2025-07-16T07:46:31.604315+00:00", "symbol": "ADA-USD"}, {"trade_id": 143812612, "side": "sell", "size": "594.00000000", "price": "0.74830000", "time": "2025-07-16T07:41:25.836910Z", "fetched_at": "2025-07-16T07:46:31.604315+00:00", "symbol": "ADA-USD"}, {"trade_id": 143812611, "side": "sell", "size": "76.34967856", "price": "0.74830000", "time": "2025-07-16T07:41:25.836910Z", "fetched_at": "2025-07-16T07:46:31.604315+00:00", "symbol": "ADA-USD"}, {"trade_id": 143812610, "side": "buy", "size": "666.50219578", "price": "0.74810000", "time": "2025-07-16T07:41:23.482152Z", "fetched_at": "2025-07-16T07:46:31.604315+00:00", "symbol": "ADA-USD"}, {"trade_id": 143812609, "side": "buy", "size": "1.50000000", "price": "0.74810000", "time": "2025-07-16T07:41:23.482152Z", "fetched_at": "2025-07-16T07:46:31.604315+00:00", "symbol": "ADA-USD"}, {"trade_id": 143812608, "side": "buy", "size": "1.50000000", "price": "0.74820000", "time": "2025-07-16T07:41:23.459045Z", "fetched_at": "2025-07-16T07:46:31.604315+00:00", "symbol": "ADA-USD"}, {"trade_id": 143812607, "side": "sell", "size": "13.22115400", "price": "0.74840000", "time": "2025-07-16T07:41:23.431490Z", "fetched_at": "2025-07-16T07:46:31.604315+00:00", "symbol": "ADA-USD"}, {"trade_id": 143812606, "side": "buy", "size": "76.34967856", "price": "0.74830000", "time": "2025-07-16T07:41:23.407545Z", "fetched_at": "2025-07-16T07:46:31.604315+00:00", "symbol": "ADA-USD"}, {"trade_id": 143812605, "side": "buy", "size": "5.34287100", "price": "0.74830000", "time": "2025-07-16T07:41:23.407545Z", "fetched_at": "2025-07-16T07:46:31.604315+00:00", "symbol": "ADA-USD"}, {"trade_id": 143812604, "side": "buy", "size": "181.98860044", "price": "0.74840000", "time": "2025-07-16T07:41:23.407545Z", "fetched_at": "2025-07-16T07:46:31.604315+00:00", "symbol": "ADA-USD"}, {"trade_id": 143812603, "side": "buy", "size": "263.68115000", "price": "0.74840000", "time": "2025-07-16T07:41:23.392544Z", "fetched_at": "2025-07-16T07:46:31.604315+00:00", "symbol": "ADA-USD"}, {"trade_id": 143812602, "side": "buy", "size": "148.33024956", "price": "0.74840000", "time": "2025-07-16T07:41:23.385917Z", "fetched_at": "2025-07-16T07:46:31.604315+00:00", "symbol": "ADA-USD"}, {"trade_id": 143812601, "side": "buy", "size": "12.00980044", "price": "0.74840000", "time": "2025-07-16T07:41:23.385917Z", "fetched_at": "2025-07-16T07:46:31.604315+00:00", "symbol": "ADA-USD"}, {"trade_id": 143812600, "side": "buy", "size": "263.68115000", "price": "0.74840000", "time": "2025-07-16T07:41:23.382556Z", "fetched_at": "2025-07-16T07:46:31.604315+00:00", "symbol": "ADA-USD"}, {"trade_id": 143812599, "side": "buy", "size": "788.27799462", "price": "0.74830000", "time": "2025-07-16T07:41:23.379421Z", "fetched_at": "2025-07-16T07:46:31.604315+00:00", "symbol": "ADA-USD"}, {"trade_id": 143812598, "side": "buy", "size": "758.79439647", "price": "0.74830000", "time": "2025-07-16T07:41:23.377752Z", "fetched_at": "2025-07-16T07:46:31.604315+00:00", "symbol": "ADA-USD"}, {"trade_id": 143812597, "side": "buy", "size": "310.91133864", "price": "0.74830000", "time": "2025-07-16T07:41:23.377752Z", "fetched_at": "2025-07-16T07:46:31.604315+00:00", "symbol": "ADA-USD"}, {"trade_id": 143812596, "side": "buy", "size": "1705.28691000", "price": "0.74830000", "time": "2025-07-16T07:41:23.377752Z", "fetched_at": "2025-07-16T07:46:31.604315+00:00", "symbol": "ADA-USD"}, {"trade_id": 143812595, "side": "buy", "size": "821.08205176", "price": "0.74830000", "time": "2025-07-16T07:41:23.377752Z", "fetched_at": "2025-07-16T07:46:31.604315+00:00", "symbol": "ADA-USD"}, {"trade_id": 143812594, "side": "buy", "size": "668.15003643", "price": "0.74830000", "time": "2025-07-16T07:41:23.377752Z", "fetched_at": "2025-07-16T07:46:31.604315+00:00", "symbol": "ADA-USD"}, {"trade_id": 143812593, "side": "buy", "size": "1044.74338095", "price": "0.74830000", "time": "2025-07-16T07:41:23.377752Z", "fetched_at": "2025-07-16T07:46:31.604315+00:00", "symbol": "ADA-USD"}, {"trade_id": 143812592, "side": "buy", "size": "3750.05661905", "price": "0.74830000", "time": "2025-07-16T07:41:23.376826Z", "fetched_at": "2025-07-16T07:46:31.604315+00:00", "symbol": "ADA-USD"}, {"trade_id": 143812591, "side": "buy", "size": "1.50000000", "price": "0.74830000", "time": "2025-07-16T07:41:23.376826Z", "fetched_at": "2025-07-16T07:46:31.604315+00:00", "symbol": "ADA-USD"}, {"trade_id": 143812590, "side": "buy", "size": "594.00000000", "price": "0.74830000", "time": "2025-07-16T07:41:23.376826Z", "fetched_at": "2025-07-16T07:46:31.604315+00:00", "symbol": "ADA-USD"}, {"trade_id": 143812589, "side": "buy", "size": "244.60522848", "price": "0.74840000", "time": "2025-07-16T07:41:23.376826Z", "fetched_at": "2025-07-16T07:46:31.604315+00:00", "symbol": "ADA-USD"}, {"trade_id": 143812588, "side": "buy", "size": "4414.57911999", "price": "0.74840000", "time": "2025-07-16T07:41:23.369120Z", "fetched_at": "2025-07-16T07:46:31.604315+00:00", "symbol": "ADA-USD"}, {"trade_id": 143812587, "side": "buy", "size": "905.47603844", "price": "0.74840000", "time": "2025-07-16T07:41:23.369120Z", "fetched_at": "2025-07-16T07:46:31.604315+00:00", "symbol": "ADA-USD"}, {"trade_id": 143812586, "side": "buy", "size": "500.00000000", "price": "0.74840000", "time": "2025-07-16T07:41:23.369120Z", "fetched_at": "2025-07-16T07:46:31.604315+00:00", "symbol": "ADA-USD"}, {"trade_id": 143812585, "side": "buy", "size": "275.69095044", "price": "0.74840000", "time": "2025-07-16T07:41:23.369120Z", "fetched_at": "2025-07-16T07:46:31.604315+00:00", "symbol": "ADA-USD"}, {"trade_id": 143812584, "side": "buy", "size": "1.50000000", "price": "0.74840000", "time": "2025-07-16T07:41:23.369120Z", "fetched_at": "2025-07-16T07:46:31.604315+00:00", "symbol": "ADA-USD"}, {"trade_id": 143812583, "side": "buy", "size": "67.28853856", "price": "0.74850000", "time": "2025-07-16T07:41:21.975018Z", "fetched_at": "2025-07-16T07:46:31.604315+00:00", "symbol": "ADA-USD"}, {"trade_id": 143812582, "side": "buy", "size": "500.00000000", "price": "0.74850000", "time": "2025-07-16T07:41:16.551192Z", "fetched_at": "2025-07-16T07:46:31.604315+00:00", "symbol": "ADA-USD"}, {"trade_id": 143812581, "side": "buy", "size": "1.50000000", "price": "0.74850000", "time": "2025-07-16T07:41:16.551192Z", "fetched_at": "2025-07-16T07:46:31.604315+00:00", "symbol": "ADA-USD"}, {"trade_id": 143812580, "side": "sell", "size": "67.99020000", "price": "0.74860000", "time": "2025-07-16T07:41:12.773146Z", "fetched_at": "2025-07-16T07:46:31.604315+00:00", "symbol": "ADA-USD"}, {"trade_id": 143812579, "side": "buy", "size": "1.50000000", "price": "0.74860000", "time": "2025-07-16T07:41:12.764415Z", "fetched_at": "2025-07-16T07:46:31.604315+00:00", "symbol": "ADA-USD"}, {"trade_id": 143812578, "side": "buy", "size": "5.30563986", "price": "0.74860000", "time": "2025-07-16T07:41:05.405936Z", "fetched_at": "2025-07-16T07:46:31.604315+00:00", "symbol": "ADA-USD"}, {"trade_id": 143812577, "side": "buy", "size": "0.00000414", "price": "0.74880000", "time": "2025-07-16T07:41:05.405936Z", "fetched_at": "2025-07-16T07:46:31.604315+00:00", "symbol": "ADA-USD"}, {"trade_id": 143812576, "side": "buy", "size": "53.66796000", "price": "0.74880000", "time": "2025-07-16T07:41:04.689140Z", "fetched_at": "2025-07-16T07:46:31.604315+00:00", "symbol": "ADA-USD"}, {"trade_id": 143812575, "side": "sell", "size": "6.48319700", "price": "0.74890000", "time": "2025-07-16T07:41:01.001589Z", "fetched_at": "2025-07-16T07:46:31.604315+00:00", "symbol": "ADA-USD"}, {"trade_id": 143812574, "side": "sell", "size": "1.40205635", "price": "0.74890000", "time": "2025-07-16T07:40:58.688093Z", "fetched_at": "2025-07-16T07:46:31.604315+00:00", "symbol": "ADA-USD"}, {"trade_id": 143812573, "side": "sell", "size": "31.66889300", "price": "0.74890000", "time": "2025-07-16T07:40:58.672554Z", "fetched_at": "2025-07-16T07:46:31.604315+00:00", "symbol": "ADA-USD"}, {"trade_id": 143812572, "side": "buy", "size": "834.83688338", "price": "0.74860000", "time": "2025-07-16T07:40:53.510439Z", "fetched_at": "2025-07-16T07:46:31.604315+00:00", "symbol": "ADA-USD"}, {"trade_id": 143812571, "side": "buy", "size": "125.55158000", "price": "0.74860000", "time": "2025-07-16T07:40:53.510439Z", "fetched_at": "2025-07-16T07:46:31.604315+00:00", "symbol": "ADA-USD"}, {"trade_id": 143812570, "side": "buy", "size": "45.64647418", "price": "0.74860000", "time": "2025-07-16T07:40:53.510439Z", "fetched_at": "2025-07-16T07:46:31.604315+00:00", "symbol": "ADA-USD"}, {"trade_id": 143812569, "side": "buy", "size": "275.69095044", "price": "0.74860000", "time": "2025-07-16T07:40:53.510439Z", "fetched_at": "2025-07-16T07:46:31.604315+00:00", "symbol": "ADA-USD"}, {"trade_id": 143812568, "side": "buy", "size": "594.00000000", "price": "0.74850000", "time": "2025-07-16T07:40:50.202357Z", "fetched_at": "2025-07-16T07:46:31.604315+00:00", "symbol": "ADA-USD"}, {"trade_id": 143812567, "side": "buy", "size": "1.50000000", "price": "0.74850000", "time": "2025-07-16T07:40:50.202357Z", "fetched_at": "2025-07-16T07:46:31.604315+00:00", "symbol": "ADA-USD"}, {"trade_id": 143812566, "side": "buy", "size": "594.00000000", "price": "0.74860000", "time": "2025-07-16T07:40:50.202357Z", "fetched_at": "2025-07-16T07:46:31.604315+00:00", "symbol": "ADA-USD"}, {"trade_id": 143812565, "side": "sell", "size": "92.97827300", "price": "0.74870000", "time": "2025-07-16T07:40:47.989680Z", "fetched_at": "2025-07-16T07:46:31.604315+00:00", "symbol": "ADA-USD"}, {"trade_id": 143812564, "side": "sell", "size": "67.99020000", "price": "0.74880000", "time": "2025-07-16T07:40:46.872230Z", "fetched_at": "2025-07-16T07:46:31.604315+00:00", "symbol": "ADA-USD"}, {"trade_id": 143812563, "side": "sell", "size": "304.31324650", "price": "0.74880000", "time": "2025-07-16T07:40:41.887526Z", "fetched_at": "2025-07-16T07:46:31.604315+00:00", "symbol": "ADA-USD"}, {"trade_id": 143812562, "side": "sell", "size": "20.03205128", "price": "0.74880000", "time": "2025-07-16T07:40:41.887526Z", "fetched_at": "2025-07-16T07:46:31.604315+00:00", "symbol": "ADA-USD"}, {"trade_id": 143812561, "side": "sell", "size": "18.25295429", "price": "0.74880000", "time": "2025-07-16T07:40:41.887526Z", "fetched_at": "2025-07-16T07:46:31.604315+00:00", "symbol": "ADA-USD"}, {"trade_id": 143812560, "side": "sell", "size": "1.91894793", "price": "0.74870000", "time": "2025-07-16T07:40:41.887526Z", "fetched_at": "2025-07-16T07:46:31.604315+00:00", "symbol": "ADA-USD"}, {"trade_id": 143812559, "side": "buy", "size": "1.50000000", "price": "0.74860000", "time": "2025-07-16T07:40:39.678033Z", "fetched_at": "2025-07-16T07:46:31.604315+00:00", "symbol": "ADA-USD"}, {"trade_id": 143812558, "side": "buy", "size": "526.89784385", "price": "0.74860000", "time": "2025-07-16T07:40:39.678033Z", "fetched_at": "2025-07-16T07:46:31.604315+00:00", "symbol": "ADA-USD"}, {"trade_id": 143812557, "side": "buy", "size": "50.00000000", "price": "0.74860000", "time": "2025-07-16T07:40:37.351303Z", "fetched_at": "2025-07-16T07:46:31.604315+00:00", "symbol": "ADA-USD"}, {"trade_id": 143812556, "side": "sell", "size": "26.70940171", "price": "0.74880000", "time": "2025-07-16T07:40:36.670402Z", "fetched_at": "2025-07-16T07:46:31.604315+00:00", "symbol": "ADA-USD"}, {"trade_id": 143812555, "side": "buy", "size": "46.12791800", "price": "0.74870000", "time": "2025-07-16T07:40:33.774730Z", "fetched_at": "2025-07-16T07:46:31.604315+00:00", "symbol": "ADA-USD"}, {"trade_id": 143812554, "side": "sell", "size": "67.99020000", "price": "0.74880000", "time": "2025-07-16T07:40:25.414327Z", "fetched_at": "2025-07-16T07:46:31.604315+00:00", "symbol": "ADA-USD"}, {"trade_id": 143812553, "side": "buy", "size": "1.50000000", "price": "0.74880000", "time": "2025-07-16T07:40:25.405088Z", "fetched_at": "2025-07-16T07:46:31.604315+00:00", "symbol": "ADA-USD"}, {"trade_id": 143812552, "side": "buy", "size": "399.41459956", "price": "0.74900000", "time": "2025-07-16T07:40:24.358009Z", "fetched_at": "2025-07-16T07:46:31.604315+00:00", "symbol": "ADA-USD"}, {"trade_id": 143812551, "side": "buy", "size": "65.19445000", "price": "0.74900000", "time": "2025-07-16T07:40:24.358009Z", "fetched_at": "2025-07-16T07:46:31.604315+00:00", "symbol": "ADA-USD"}, {"trade_id": 143812550, "side": "buy", "size": "50.00000000", "price": "0.74900000", "time": "2025-07-16T07:40:24.358009Z", "fetched_at": "2025-07-16T07:46:31.604315+00:00", "symbol": "ADA-USD"}, {"trade_id": 143812549, "side": "buy", "size": "275.69095044", "price": "0.74900000", "time": "2025-07-16T07:40:24.358009Z", "fetched_at": "2025-07-16T07:46:31.604315+00:00", "symbol": "ADA-USD"}, {"trade_id": 143812548, "side": "sell", "size": "1.50000000", "price": "0.74900000", "time": "2025-07-16T07:40:24.024620Z", "fetched_at": "2025-07-16T07:46:31.604315+00:00", "symbol": "ADA-USD"}, {"trade_id": 143812547, "side": "sell", "size": "0.96435246", "price": "0.74900000", "time": "2025-07-16T07:40:24.024620Z", "fetched_at": "2025-07-16T07:46:31.604315+00:00", "symbol": "ADA-USD"}, {"trade_id": 143812546, "side": "sell", "size": "0.00817562", "price": "0.74900000", "time": "2025-07-16T07:40:24.024620Z", "fetched_at": "2025-07-16T07:46:31.604315+00:00", "symbol": "ADA-USD"}, {"trade_id": 143812545, "side": "sell", "size": "120.91854452", "price": "0.74900000", "time": "2025-07-16T07:40:24.024620Z", "fetched_at": "2025-07-16T07:46:31.604315+00:00", "symbol": "ADA-USD"}, {"trade_id": 143812544, "side": "sell", "size": "12.59280394", "price": "0.74900000", "time": "2025-07-16T07:40:18.965764Z", "fetched_at": "2025-07-16T07:46:31.604315+00:00", "symbol": "ADA-USD"}, {"trade_id": 143812543, "side": "sell", "size": "0.63188206", "price": "0.74900000", "time": "2025-07-16T07:40:18.965764Z", "fetched_at": "2025-07-16T07:46:31.604315+00:00", "symbol": "ADA-USD"}, {"trade_id": 143812542, "side": "buy", "size": "5646.76000000", "price": "0.74880000", "time": "2025-07-16T07:40:16.082329Z", "fetched_at": "2025-07-16T07:46:31.604315+00:00", "symbol": "ADA-USD"}, {"trade_id": 143812541, "side": "buy", "size": "6000.00000000", "price": "0.74880000", "time": "2025-07-16T07:40:16.082329Z", "fetched_at": "2025-07-16T07:46:31.604315+00:00", "symbol": "ADA-USD"}, {"trade_id": 143812540, "side": "buy", "size": "594.00000000", "price": "0.74880000", "time": "2025-07-16T07:40:16.082329Z", "fetched_at": "2025-07-16T07:46:31.604315+00:00", "symbol": "ADA-USD"}, {"trade_id": 143812539, "side": "buy", "size": "275.69095044", "price": "0.74880000", "time": "2025-07-16T07:40:16.082329Z", "fetched_at": "2025-07-16T07:46:31.604315+00:00", "symbol": "ADA-USD"}, {"trade_id": 143812538, "side": "sell", "size": "1.50000000", "price": "0.74890000", "time": "2025-07-16T07:40:14.117285Z", "fetched_at": "2025-07-16T07:46:31.604315+00:00", "symbol": "ADA-USD"}, {"trade_id": 143812537, "side": "sell", "size": "24.00000000", "price": "0.74890000", "time": "2025-07-16T07:40:14.117285Z", "fetched_at": "2025-07-16T07:46:31.604315+00:00", "symbol": "ADA-USD"}, {"trade_id": 143812536, "side": "sell", "size": "59.94980800", "price": "0.74880000", "time": "2025-07-16T07:40:12.970936Z", "fetched_at": "2025-07-16T07:46:31.604315+00:00", "symbol": "ADA-USD"}, {"trade_id": 143812535, "side": "buy", "size": "171.41000000", "price": "0.74880000", "time": "2025-07-16T07:40:12.420613Z", "fetched_at": "2025-07-16T07:46:31.604315+00:00", "symbol": "ADA-USD"}, {"trade_id": 143812534, "side": "buy", "size": "171.40791608", "price": "0.74880000", "time": "2025-07-16T07:40:12.420613Z", "fetched_at": "2025-07-16T07:46:31.604315+00:00", "symbol": "ADA-USD"}, {"trade_id": 143812533, "side": "buy", "size": "148.73235935", "price": "0.74880000", "time": "2025-07-16T07:40:11.795430Z", "fetched_at": "2025-07-16T07:46:31.604315+00:00", "symbol": "ADA-USD"}, {"trade_id": 143812532, "side": "sell", "size": "725.06937997", "price": "0.74880000", "time": "2025-07-16T07:40:11.786195Z", "fetched_at": "2025-07-16T07:46:31.604315+00:00", "symbol": "ADA-USD"}, {"trade_id": 143812531, "side": "sell", "size": "65.53062003", "price": "0.74880000", "time": "2025-07-16T07:40:11.785774Z", "fetched_at": "2025-07-16T07:46:31.604315+00:00", "symbol": "ADA-USD"}, {"trade_id": 143812530, "side": "sell", "size": "1.50000000", "price": "0.74880000", "time": "2025-07-16T07:40:11.785774Z", "fetched_at": "2025-07-16T07:46:31.604315+00:00", "symbol": "ADA-USD"}, {"trade_id": 143812529, "side": "sell", "size": "0.72329059", "price": "0.74880000", "time": "2025-07-16T07:40:11.785774Z", "fetched_at": "2025-07-16T07:46:31.604315+00:00", "symbol": "ADA-USD"}, {"trade_id": 143812528, "side": "sell", "size": "0.00015666", "price": "0.74880000", "time": "2025-07-16T07:40:11.785774Z", "fetched_at": "2025-07-16T07:46:31.604315+00:00", "symbol": "ADA-USD"}, {"trade_id": 143812527, "side": "sell", "size": "0.23613272", "price": "0.74880000", "time": "2025-07-16T07:40:11.785774Z", "fetched_at": "2025-07-16T07:46:31.604315+00:00", "symbol": "ADA-USD"}, {"trade_id": 143812526, "side": "sell", "size": "526.00980000", "price": "0.74870000", "time": "2025-07-16T07:40:11.785652Z", "fetched_at": "2025-07-16T07:46:31.604315+00:00", "symbol": "ADA-USD"}, {"trade_id": 143812525, "side": "sell", "size": "67.99020000", "price": "0.74870000", "time": "2025-07-16T07:40:11.785637Z", "fetched_at": "2025-07-16T07:46:31.604315+00:00", "symbol": "ADA-USD"}, {"trade_id": 143812524, "side": "sell", "size": "39.52289824", "price": "0.74870000", "time": "2025-07-16T07:40:08.170009Z", "fetched_at": "2025-07-16T07:46:31.604315+00:00", "symbol": "ADA-USD"}, {"trade_id": 143812523, "side": "sell", "size": "1.50000000", "price": "0.74870000", "time": "2025-07-16T07:40:08.170009Z", "fetched_at": "2025-07-16T07:46:31.604315+00:00", "symbol": "ADA-USD"}, {"trade_id": 143812522, "side": "sell", "size": "13.47209592", "price": "0.74870000", "time": "2025-07-16T07:40:08.170009Z", "fetched_at": "2025-07-16T07:46:31.604315+00:00", "symbol": "ADA-USD"}, {"trade_id": 143812521, "side": "sell", "size": "13.47254968", "price": "0.74870000", "time": "2025-07-16T07:40:08.170009Z", "fetched_at": "2025-07-16T07:46:31.604315+00:00", "symbol": "ADA-USD"}, {"trade_id": 143812520, "side": "sell", "size": "0.02265616", "price": "0.74870000", "time": "2025-07-16T07:40:08.170009Z", "fetched_at": "2025-07-16T07:46:31.604315+00:00", "symbol": "ADA-USD"}, {"trade_id": 143812519, "side": "sell", "size": "1.50000000", "price": "0.74860000", "time": "2025-07-16T07:40:08.122557Z", "fetched_at": "2025-07-16T07:46:31.604315+00:00", "symbol": "ADA-USD"}, {"trade_id": 143812518, "side": "sell", "size": "0.09558739", "price": "0.74860000", "time": "2025-07-16T07:40:08.122557Z", "fetched_at": "2025-07-16T07:46:31.604315+00:00", "symbol": "ADA-USD"}, {"trade_id": 143812517, "side": "sell", "size": "0.13610998", "price": "0.74860000", "time": "2025-07-16T07:40:08.122557Z", "fetched_at": "2025-07-16T07:46:31.604315+00:00", "symbol": "ADA-USD"}, {"trade_id": 143812516, "side": "sell", "size": "137.34901608", "price": "0.74860000", "time": "2025-07-16T07:40:08.122557Z", "fetched_at": "2025-07-16T07:46:31.604315+00:00", "symbol": "ADA-USD"}, {"trade_id": 143812515, "side": "sell", "size": "790.90000000", "price": "0.74850000", "time": "2025-07-16T07:40:06.025212Z", "fetched_at": "2025-07-16T07:46:31.604315+00:00", "symbol": "ADA-USD"}, {"trade_id": 143812514, "side": "sell", "size": "1.50000000", "price": "0.74850000", "time": "2025-07-16T07:40:06.025212Z", "fetched_at": "2025-07-16T07:46:31.604315+00:00", "symbol": "ADA-USD"}, {"trade_id": 143812513, "side": "sell", "size": "1.50000000", "price": "0.74840000", "time": "2025-07-16T07:40:02.032989Z", "fetched_at": "2025-07-16T07:46:31.604315+00:00", "symbol": "ADA-USD"}, {"trade_id": 143812512, "side": "sell", "size": "1.50000000", "price": "0.74830000", "time": "2025-07-16T07:39:48.796814Z", "fetched_at": "2025-07-16T07:46:31.604315+00:00", "symbol": "ADA-USD"}, {"trade_id": 143812511, "side": "sell", "size": "0.13625835", "price": "0.74830000", "time": "2025-07-16T07:39:48.796814Z", "fetched_at": "2025-07-16T07:46:31.604315+00:00", "symbol": "ADA-USD"}, {"trade_id": 143812510, "side": "sell", "size": "69.44695167", "price": "0.74820000", "time": "2025-07-16T07:39:46.718222Z", "fetched_at": "2025-07-16T07:46:31.604315+00:00", "symbol": "ADA-USD"}, {"trade_id": 143812509, "side": "sell", "size": "79.93307733", "price": "0.74820000", "time": "2025-07-16T07:39:46.718222Z", "fetched_at": "2025-07-16T07:46:31.604315+00:00", "symbol": "ADA-USD"}, {"trade_id": 143812508, "side": "sell", "size": "14.94252874", "price": "0.74820000", "time": "2025-07-16T07:39:45.662950Z", "fetched_at": "2025-07-16T07:46:31.604315+00:00", "symbol": "ADA-USD"}, {"trade_id": 143812507, "side": "sell", "size": "1.50000000", "price": "0.74820000", "time": "2025-07-16T07:39:45.662950Z", "fetched_at": "2025-07-16T07:46:31.604315+00:00", "symbol": "ADA-USD"}, {"trade_id": 143812506, "side": "sell", "size": "0.54250200", "price": "0.74820000", "time": "2025-07-16T07:39:45.662950Z", "fetched_at": "2025-07-16T07:46:31.604315+00:00", "symbol": "ADA-USD"}, {"trade_id": 143812505, "side": "sell", "size": "791.30000000", "price": "0.74810000", "time": "2025-07-16T07:39:39.529807Z", "fetched_at": "2025-07-16T07:46:31.604315+00:00", "symbol": "ADA-USD"}, {"trade_id": 143812504, "side": "sell", "size": "1.50000000", "price": "0.74810000", "time": "2025-07-16T07:39:39.529807Z", "fetched_at": "2025-07-16T07:46:31.604315+00:00", "symbol": "ADA-USD"}, {"trade_id": 143812503, "side": "sell", "size": "151.08659196", "price": "0.74810000", "time": "2025-07-16T07:39:39.529807Z", "fetched_at": "2025-07-16T07:46:31.604315+00:00", "symbol": "ADA-USD"}, {"trade_id": 143812502, "side": "sell", "size": "3132.98754100", "price": "0.74800000", "time": "2025-07-16T07:39:36.012609Z", "fetched_at": "2025-07-16T07:46:31.604315+00:00", "symbol": "ADA-USD"}, {"trade_id": 143812501, "side": "sell", "size": "1.50000000", "price": "0.74800000", "time": "2025-07-16T07:39:36.012609Z", "fetched_at": "2025-07-16T07:46:31.604315+00:00", "symbol": "ADA-USD"}, {"trade_id": 143812500, "side": "sell", "size": "24.69270807", "price": "0.74800000", "time": "2025-07-16T07:39:36.012609Z", "fetched_at": "2025-07-16T07:46:31.604315+00:00", "symbol": "ADA-USD"}, {"trade_id": 143812499, "side": "sell", "size": "1.34069825", "price": "0.74800000", "time": "2025-07-16T07:39:36.012609Z", "fetched_at": "2025-07-16T07:46:31.604315+00:00", "symbol": "ADA-USD"}, {"trade_id": 143812498, "side": "sell", "size": "0.09514307", "price": "0.74800000", "time": "2025-07-16T07:39:36.012609Z", "fetched_at": "2025-07-16T07:46:31.604315+00:00", "symbol": "ADA-USD"}, {"trade_id": 143812497, "side": "sell", "size": "10.00000000", "price": "0.74800000", "time": "2025-07-16T07:39:36.012609Z", "fetched_at": "2025-07-16T07:46:31.604315+00:00", "symbol": "ADA-USD"}, {"trade_id": 143812496, "side": "sell", "size": "23.17901688", "price": "0.74800000", "time": "2025-07-16T07:39:36.012609Z", "fetched_at": "2025-07-16T07:46:31.604315+00:00", "symbol": "ADA-USD"}, {"trade_id": 143812495, "side": "sell", "size": "115.38627779", "price": "0.74800000", "time": "2025-07-16T07:39:36.012609Z", "fetched_at": "2025-07-16T07:46:31.604315+00:00", "symbol": "ADA-USD"}, {"trade_id": 143812494, "side": "sell", "size": "0.01512045", "price": "0.74800000", "time": "2025-07-16T07:39:36.012609Z", "fetched_at": "2025-07-16T07:46:31.604315+00:00", "symbol": "ADA-USD"}, {"trade_id": 143812493, "side": "sell", "size": "7.69115486", "price": "0.74800000", "time": "2025-07-16T07:39:36.012609Z", "fetched_at": "2025-07-16T07:46:31.604315+00:00", "symbol": "ADA-USD"}, {"trade_id": 143812492, "side": "sell", "size": "358.30512606", "price": "0.74800000", "time": "2025-07-16T07:39:36.012609Z", "fetched_at": "2025-07-16T07:46:31.604315+00:00", "symbol": "ADA-USD"}, {"trade_id": 143812491, "side": "sell", "size": "215.99831394", "price": "0.74800000", "time": "2025-07-16T07:39:35.939128Z", "fetched_at": "2025-07-16T07:46:31.604315+00:00", "symbol": "ADA-USD"}, {"trade_id": 143812490, "side": "sell", "size": "1.50000000", "price": "0.74790000", "time": "2025-07-16T07:39:35.939128Z", "fetched_at": "2025-07-16T07:46:31.604315+00:00", "symbol": "ADA-USD"}, {"trade_id": 143812489, "side": "sell", "size": "42.03357153", "price": "0.74790000", "time": "2025-07-16T07:39:35.939128Z", "fetched_at": "2025-07-16T07:46:31.604315+00:00", "symbol": "ADA-USD"}, {"trade_id": 143812488, "side": "sell", "size": "0.02127389", "price": "0.74790000", "time": "2025-07-16T07:39:35.939128Z", "fetched_at": "2025-07-16T07:46:31.604315+00:00", "symbol": "ADA-USD"}, {"trade_id": 143812487, "side": "sell", "size": "0.23239464", "price": "0.74790000", "time": "2025-07-16T07:39:35.939128Z", "fetched_at": "2025-07-16T07:46:31.604315+00:00", "symbol": "ADA-USD"}, {"trade_id": 143812486, "side": "sell", "size": "240.20904956", "price": "0.74780000", "time": "2025-07-16T07:39:31.500272Z", "fetched_at": "2025-07-16T07:46:31.604315+00:00", "symbol": "ADA-USD"}, {"trade_id": 143812485, "side": "buy", "size": "275.70000000", "price": "0.74780000", "time": "2025-07-16T07:39:24.620298Z", "fetched_at": "2025-07-16T07:46:31.604315+00:00", "symbol": "ADA-USD"}, {"trade_id": 143812484, "side": "buy", "size": "275.69095044", "price": "0.74780000", "time": "2025-07-16T07:39:24.620298Z", "fetched_at": "2025-07-16T07:46:31.604315+00:00", "symbol": "ADA-USD"}, {"trade_id": 143812483, "side": "sell", "size": "1.50000000", "price": "0.74780000", "time": "2025-07-16T07:39:24.160821Z", "fetched_at": "2025-07-16T07:46:31.604315+00:00", "symbol": "ADA-USD"}, {"trade_id": 143812482, "side": "sell", "size": "594.00000000", "price": "0.74780000", "time": "2025-07-16T07:39:24.160821Z", "fetched_at": "2025-07-16T07:46:31.604315+00:00", "symbol": "ADA-USD"}, {"trade_id": 143812481, "side": "sell", "size": "0.40692698", "price": "0.74780000", "time": "2025-07-16T07:39:24.160821Z", "fetched_at": "2025-07-16T07:46:31.604315+00:00", "symbol": "ADA-USD"}, {"trade_id": 143812480, "side": "sell", "size": "1.50000000", "price": "0.74770000", "time": "2025-07-16T07:39:24.159352Z", "fetched_at": "2025-07-16T07:46:31.604315+00:00", "symbol": "ADA-USD"}, {"trade_id": 143812479, "side": "sell", "size": "13.47164219", "price": "0.74770000", "time": "2025-07-16T07:39:24.159352Z", "fetched_at": "2025-07-16T07:46:31.604315+00:00", "symbol": "ADA-USD"}, {"trade_id": 143812478, "side": "sell", "size": "1.50000000", "price": "0.74760000", "time": "2025-07-16T07:39:23.050199Z", "fetched_at": "2025-07-16T07:46:31.604315+00:00", "symbol": "ADA-USD"}, {"trade_id": 143812477, "side": "sell", "size": "0.04634188", "price": "0.74760000", "time": "2025-07-16T07:39:23.050199Z", "fetched_at": "2025-07-16T07:46:31.604315+00:00", "symbol": "ADA-USD"}, {"trade_id": 143812476, "side": "sell", "size": "0.00233374", "price": "0.74760000", "time": "2025-07-16T07:39:23.050199Z", "fetched_at": "2025-07-16T07:46:31.604315+00:00", "symbol": "ADA-USD"}, {"trade_id": 143812475, "side": "sell", "size": "0.23337383", "price": "0.74760000", "time": "2025-07-16T07:39:23.050199Z", "fetched_at": "2025-07-16T07:46:31.604315+00:00", "symbol": "ADA-USD"}, {"trade_id": 143812474, "side": "sell", "size": "1.50000000", "price": "0.74750000", "time": "2025-07-16T07:39:22.924798Z", "fetched_at": "2025-07-16T07:46:31.604315+00:00", "symbol": "ADA-USD"}, {"trade_id": 143812473, "side": "buy", "size": "229.98468300", "price": "0.74740000", "time": "2025-07-16T07:39:22.469686Z", "fetched_at": "2025-07-16T07:46:31.604315+00:00", "symbol": "ADA-USD"}, {"trade_id": 143812472, "side": "buy", "size": "594.00000000", "price": "0.74740000", "time": "2025-07-16T07:39:22.469686Z", "fetched_at": "2025-07-16T07:46:31.604315+00:00", "symbol": "ADA-USD"}, {"trade_id": 143812471, "side": "sell", "size": "1.50000000", "price": "0.74740000", "time": "2025-07-16T07:39:21.124809Z", "fetched_at": "2025-07-16T07:46:31.604315+00:00", "symbol": "ADA-USD"}, {"trade_id": 143812470, "side": "sell", "size": "709.51525307", "price": "0.74740000", "time": "2025-07-16T07:39:21.124809Z", "fetched_at": "2025-07-16T07:46:31.604315+00:00", "symbol": "ADA-USD"}, {"trade_id": 143812469, "side": "buy", "size": "32.83898624", "price": "0.74720000", "time": "2025-07-16T07:39:19.350495Z", "fetched_at": "2025-07-16T07:46:31.604315+00:00", "symbol": "ADA-USD"}, {"trade_id": 143812468, "side": "buy", "size": "17.16101376", "price": "0.74730000", "time": "2025-07-16T07:39:19.350495Z", "fetched_at": "2025-07-16T07:46:31.604315+00:00", "symbol": "ADA-USD"}, {"trade_id": 143812467, "side": "sell", "size": "12.91477100", "price": "0.74740000", "time": "2025-07-16T07:39:15.579159Z", "fetched_at": "2025-07-16T07:46:31.604315+00:00", "symbol": "ADA-USD"}, {"trade_id": 143812466, "side": "sell", "size": "14.59084504", "price": "0.74730000", "time": "2025-07-16T07:39:02.424537Z", "fetched_at": "2025-07-16T07:46:31.604315+00:00", "symbol": "ADA-USD"}, {"trade_id": 143812465, "side": "sell", "size": "6.62384600", "price": "0.74730000", "time": "2025-07-16T07:39:00.213404Z", "fetched_at": "2025-07-16T07:46:31.604315+00:00", "symbol": "ADA-USD"}, {"trade_id": 143812464, "side": "buy", "size": "0.25742400", "price": "0.74720000", "time": "2025-07-16T07:38:59.033323Z", "fetched_at": "2025-07-16T07:46:31.604315+00:00", "symbol": "ADA-USD"}, {"trade_id": 143812463, "side": "buy", "size": "15.24410313", "price": "0.74710000", "time": "2025-07-16T07:38:58.423848Z", "fetched_at": "2025-07-16T07:46:31.604315+00:00", "symbol": "ADA-USD"}, {"trade_id": 143812462, "side": "buy", "size": "26.75589687", "price": "0.74710000", "time": "2025-07-16T07:38:58.423848Z", "fetched_at": "2025-07-16T07:46:31.604315+00:00", "symbol": "ADA-USD"}, {"trade_id": 143812461, "side": "buy", "size": "316.09204968", "price": "0.74710000", "time": "2025-07-16T07:38:50.730323Z", "fetched_at": "2025-07-16T07:46:31.604315+00:00", "symbol": "ADA-USD"}, {"trade_id": 143812460, "side": "buy", "size": "35.67452916", "price": "0.74710000", "time": "2025-07-16T07:38:50.730323Z", "fetched_at": "2025-07-16T07:46:31.604315+00:00", "symbol": "ADA-USD"}, {"trade_id": 143812459, "side": "buy", "size": "363.82000000", "price": "0.74720000", "time": "2025-07-16T07:38:50.730323Z", "fetched_at": "2025-07-16T07:46:31.604315+00:00", "symbol": "ADA-USD"}, {"trade_id": 143812458, "side": "buy", "size": "88.11037072", "price": "0.74720000", "time": "2025-07-16T07:38:50.730323Z", "fetched_at": "2025-07-16T07:46:31.604315+00:00", "symbol": "ADA-USD"}, {"trade_id": 143812457, "side": "buy", "size": "275.69095044", "price": "0.74720000", "time": "2025-07-16T07:38:50.730323Z", "fetched_at": "2025-07-16T07:46:31.604315+00:00", "symbol": "ADA-USD"}, {"trade_id": 143812456, "side": "sell", "size": "67.99020000", "price": "0.74730000", "time": "2025-07-16T07:38:43.791476Z", "fetched_at": "2025-07-16T07:46:31.604315+00:00", "symbol": "ADA-USD"}, {"trade_id": 143812455, "side": "buy", "size": "275.69095044", "price": "0.74720000", "time": "2025-07-16T07:38:31.684034Z", "fetched_at": "2025-07-16T07:46:31.604315+00:00", "symbol": "ADA-USD"}, {"trade_id": 143812454, "side": "buy", "size": "4843.90000000", "price": "0.74720000", "time": "2025-07-16T07:38:31.684034Z", "fetched_at": "2025-07-16T07:46:31.604315+00:00", "symbol": "ADA-USD"}, {"trade_id": 143812453, "side": "buy", "size": "758.35111283", "price": "0.74730000", "time": "2025-07-16T07:38:30.479531Z", "fetched_at": "2025-07-16T07:46:31.604315+00:00", "symbol": "ADA-USD"}, {"trade_id": 143812452, "side": "buy", "size": "36.37402973", "price": "0.74730000", "time": "2025-07-16T07:38:30.479531Z", "fetched_at": "2025-07-16T07:46:31.604315+00:00", "symbol": "ADA-USD"}, {"trade_id": 143812451, "side": "sell", "size": "595.08900000", "price": "0.74730000", "time": "2025-07-16T07:38:23.272088Z", "fetched_at": "2025-07-16T07:46:31.604315+00:00", "symbol": "ADA-USD"}, {"trade_id": 143812450, "side": "sell", "size": "13.25478600", "price": "0.74730000", "time": "2025-07-16T07:38:18.027731Z", "fetched_at": "2025-07-16T07:46:31.604315+00:00", "symbol": "ADA-USD"}, {"trade_id": 143812449, "side": "sell", "size": "67.99020000", "price": "0.74730000", "time": "2025-07-16T07:38:14.437369Z", "fetched_at": "2025-07-16T07:46:31.604315+00:00", "symbol": "ADA-USD"}, {"trade_id": 143812448, "side": "sell", "size": "69.56997593", "price": "0.74740000", "time": "2025-07-16T07:38:12.729395Z", "fetched_at": "2025-07-16T07:46:31.604315+00:00", "symbol": "ADA-USD"}, {"trade_id": 143812447, "side": "sell", "size": "1.50000000", "price": "0.74740000", "time": "2025-07-16T07:38:12.729395Z", "fetched_at": "2025-07-16T07:46:31.604315+00:00", "symbol": "ADA-USD"}, {"trade_id": 143812446, "side": "sell", "size": "0.00548568", "price": "0.74740000", "time": "2025-07-16T07:38:12.729395Z", "fetched_at": "2025-07-16T07:46:31.604315+00:00", "symbol": "ADA-USD"}, {"trade_id": 143812445, "side": "sell", "size": "0.30519132", "price": "0.74740000", "time": "2025-07-16T07:38:12.729395Z", "fetched_at": "2025-07-16T07:46:31.604315+00:00", "symbol": "ADA-USD"}, {"trade_id": 143812444, "side": "sell", "size": "2.02421728", "price": "0.74740000", "time": "2025-07-16T07:38:12.729395Z", "fetched_at": "2025-07-16T07:46:31.604315+00:00", "symbol": "ADA-USD"}, {"trade_id": 143812443, "side": "sell", "size": "1.50000000", "price": "0.74730000", "time": "2025-07-16T07:38:10.451481Z", "fetched_at": "2025-07-16T07:46:31.604315+00:00", "symbol": "ADA-USD"}, {"trade_id": 143812442, "side": "sell", "size": "0.10000000", "price": "0.74730000", "time": "2025-07-16T07:38:10.451481Z", "fetched_at": "2025-07-16T07:46:31.604315+00:00", "symbol": "ADA-USD"}, {"trade_id": 143812441, "side": "sell", "size": "0.10000000", "price": "0.74730000", "time": "2025-07-16T07:38:10.451481Z", "fetched_at": "2025-07-16T07:46:31.604315+00:00", "symbol": "ADA-USD"}, {"trade_id": 143812440, "side": "sell", "size": "1.50000000", "price": "0.74720000", "time": "2025-07-16T07:38:09.982304Z", "fetched_at": "2025-07-16T07:46:31.604315+00:00", "symbol": "ADA-USD"}, {"trade_id": 143812439, "side": "sell", "size": "0.00722698", "price": "0.74720000", "time": "2025-07-16T07:38:09.982304Z", "fetched_at": "2025-07-16T07:46:31.604315+00:00", "symbol": "ADA-USD"}, {"trade_id": 143812438, "side": "sell", "size": "0.22885438", "price": "0.74720000", "time": "2025-07-16T07:38:09.982304Z", "fetched_at": "2025-07-16T07:46:31.604315+00:00", "symbol": "ADA-USD"}, {"trade_id": 143812437, "side": "buy", "size": "157.80390600", "price": "0.74710000", "time": "2025-07-16T07:38:09.923637Z", "fetched_at": "2025-07-16T07:46:31.604315+00:00", "symbol": "ADA-USD"}, {"trade_id": 143812436, "side": "sell", "size": "754.31669541", "price": "0.74710000", "time": "2025-07-16T07:38:07.380607Z", "fetched_at": "2025-07-16T07:46:31.604315+00:00", "symbol": "ADA-USD"}, {"trade_id": 143812435, "side": "sell", "size": "66.49020000", "price": "0.74710000", "time": "2025-07-16T07:38:07.380094Z", "fetched_at": "2025-07-16T07:46:31.604315+00:00", "symbol": "ADA-USD"}, {"trade_id": 143812434, "side": "sell", "size": "1.50000000", "price": "0.74710000", "time": "2025-07-16T07:38:07.380094Z", "fetched_at": "2025-07-16T07:46:31.604315+00:00", "symbol": "ADA-USD"}, {"trade_id": 143812433, "side": "sell", "size": "852.89902080", "price": "0.74690000", "time": "2025-07-16T07:38:07.378530Z", "fetched_at": "2025-07-16T07:46:31.604315+00:00", "symbol": "ADA-USD"}, {"trade_id": 143812432, "side": "buy", "size": "3751.50810948", "price": "0.74690000", "time": "2025-07-16T07:37:59.264120Z", "fetched_at": "2025-07-16T07:46:31.604315+00:00", "symbol": "ADA-USD"}, {"trade_id": 143812431, "side": "buy", "size": "73.60833800", "price": "0.74690000", "time": "2025-07-16T07:37:59.060364Z", "fetched_at": "2025-07-16T07:46:31.604315+00:00", "symbol": "ADA-USD"}, {"trade_id": 143812430, "side": "buy", "size": "1022.98355252", "price": "0.74690000", "time": "2025-07-16T07:37:56.537117Z", "fetched_at": "2025-07-16T07:46:31.604315+00:00", "symbol": "ADA-USD"}, {"trade_id": 143812429, "side": "buy", "size": "808.93279560", "price": "0.74690000", "time": "2025-07-16T07:37:56.537117Z", "fetched_at": "2025-07-16T07:46:31.604315+00:00", "symbol": "ADA-USD"}, {"trade_id": 143812428, "side": "buy", "size": "607.71498942", "price": "0.74690000", "time": "2025-07-16T07:37:56.537117Z", "fetched_at": "2025-07-16T07:46:31.604315+00:00", "symbol": "ADA-USD"}, {"trade_id": 143812427, "side": "buy", "size": "166.27569000", "price": "0.74690000", "time": "2025-07-16T07:37:56.537117Z", "fetched_at": "2025-07-16T07:46:31.604315+00:00", "symbol": "ADA-USD"}, {"trade_id": 143812426, "side": "buy", "size": "594.00000000", "price": "0.74690000", "time": "2025-07-16T07:37:56.537117Z", "fetched_at": "2025-07-16T07:46:31.604315+00:00", "symbol": "ADA-USD"}, {"trade_id": 143812425, "side": "buy", "size": "59.69071546", "price": "0.74690000", "time": "2025-07-16T07:37:56.537117Z", "fetched_at": "2025-07-16T07:46:31.604315+00:00", "symbol": "ADA-USD"}, {"trade_id": 143812424, "side": "buy", "size": "594.00000000", "price": "0.74700000", "time": "2025-07-16T07:37:56.537117Z", "fetched_at": "2025-07-16T07:46:31.604315+00:00", "symbol": "ADA-USD"}, {"trade_id": 143812423, "side": "sell", "size": "76.25190446", "price": "0.74700000", "time": "2025-07-16T07:37:52.257106Z", "fetched_at": "2025-07-16T07:46:31.604315+00:00", "symbol": "ADA-USD"}, {"trade_id": 143812422, "side": "sell", "size": "1.50000000", "price": "0.74700000", "time": "2025-07-16T07:37:52.257106Z", "fetched_at": "2025-07-16T07:46:31.604315+00:00", "symbol": "ADA-USD"}, {"trade_id": 143812421, "side": "sell", "size": "1.50000000", "price": "0.74690000", "time": "2025-07-16T07:37:50.414894Z", "fetched_at": "2025-07-16T07:46:31.604315+00:00", "symbol": "ADA-USD"}, {"trade_id": 143812420, "side": "buy", "size": "67.99020000", "price": "0.74670000", "time": "2025-07-16T07:37:28.171674Z", "fetched_at": "2025-07-16T07:46:31.604315+00:00", "symbol": "ADA-USD"}, {"trade_id": 143812419, "side": "buy", "size": "1.50000000", "price": "0.74670000", "time": "2025-07-16T07:37:25.373515Z", "fetched_at": "2025-07-16T07:46:31.604315+00:00", "symbol": "ADA-USD"}, {"trade_id": 143812418, "side": "buy", "size": "178.66718771", "price": "0.74670000", "time": "2025-07-16T07:37:25.373515Z", "fetched_at": "2025-07-16T07:46:31.604315+00:00", "symbol": "ADA-USD"}, {"trade_id": 143812417, "side": "buy", "size": "399.05219257", "price": "0.74670000", "time": "2025-07-16T07:37:25.363013Z", "fetched_at": "2025-07-16T07:46:31.604315+00:00", "symbol": "ADA-USD"}, {"trade_id": 143812416, "side": "buy", "size": "1.50000000", "price": "0.74680000", "time": "2025-07-16T07:37:25.363013Z", "fetched_at": "2025-07-16T07:46:31.604315+00:00", "symbol": "ADA-USD"}, {"trade_id": 143812415, "side": "buy", "size": "273.00857300", "price": "0.74690000", "time": "2025-07-16T07:37:18.628573Z", "fetched_at": "2025-07-16T07:46:31.604315+00:00", "symbol": "ADA-USD"}, {"trade_id": 143812414, "side": "sell", "size": "3.56561729", "price": "0.74700000", "time": "2025-07-16T07:37:01.783310Z", "fetched_at": "2025-07-16T07:46:31.604315+00:00", "symbol": "ADA-USD"}, {"trade_id": 143812413, "side": "sell", "size": "53.74571271", "price": "0.74690000", "time": "2025-07-16T07:37:01.783310Z", "fetched_at": "2025-07-16T07:46:31.604315+00:00", "symbol": "ADA-USD"}, {"trade_id": 143812412, "side": "buy", "size": "406.16476672", "price": "0.74690000", "time": "2025-07-16T07:36:42.251528Z", "fetched_at": "2025-07-16T07:46:31.604315+00:00", "symbol": "ADA-USD"}, {"trade_id": 143812411, "side": "sell", "size": "619.24545250", "price": "0.74710000", "time": "2025-07-16T07:36:30.288482Z", "fetched_at": "2025-07-16T07:46:31.604315+00:00", "symbol": "ADA-USD"}, {"trade_id": 143812410, "side": "sell", "size": "2095.96940471", "price": "0.74710000", "time": "2025-07-16T07:36:30.288482Z", "fetched_at": "2025-07-16T07:46:31.604315+00:00", "symbol": "ADA-USD"}, {"trade_id": 143812409, "side": "sell", "size": "905.47603844", "price": "0.74710000", "time": "2025-07-16T07:36:30.288482Z", "fetched_at": "2025-07-16T07:46:31.604315+00:00", "symbol": "ADA-USD"}, {"trade_id": 143812408, "side": "sell", "size": "1.50000000", "price": "0.74710000", "time": "2025-07-16T07:36:30.288482Z", "fetched_at": "2025-07-16T07:46:31.604315+00:00", "symbol": "ADA-USD"}, {"trade_id": 143812407, "side": "sell", "size": "594.00000000", "price": "0.74710000", "time": "2025-07-16T07:36:30.288482Z", "fetched_at": "2025-07-16T07:46:31.604315+00:00", "symbol": "ADA-USD"}, {"trade_id": 143812406, "side": "sell", "size": "0.02129695", "price": "0.74710000", "time": "2025-07-16T07:36:30.288482Z", "fetched_at": "2025-07-16T07:46:31.604315+00:00", "symbol": "ADA-USD"}, {"trade_id": 143812405, "side": "sell", "size": "596.79630072", "price": "0.74700000", "time": "2025-07-16T07:36:30.288482Z", "fetched_at": "2025-07-16T07:46:31.604315+00:00", "symbol": "ADA-USD"}, {"trade_id": 143812404, "side": "sell", "size": "974.35206824", "price": "0.74700000", "time": "2025-07-16T07:36:30.288482Z", "fetched_at": "2025-07-16T07:46:31.604315+00:00", "symbol": "ADA-USD"}, {"trade_id": 143812403, "side": "sell", "size": "905.47603844", "price": "0.74700000", "time": "2025-07-16T07:36:30.288482Z", "fetched_at": "2025-07-16T07:46:31.604315+00:00", "symbol": "ADA-USD"}, {"trade_id": 143812402, "side": "sell", "size": "1.50000000", "price": "0.74700000", "time": "2025-07-16T07:36:30.288482Z", "fetched_at": "2025-07-16T07:46:31.604315+00:00", "symbol": "ADA-USD"}, {"trade_id": 143812401, "side": "buy", "size": "0.32593100", "price": "0.74680000", "time": "2025-07-16T07:36:18.342254Z", "fetched_at": "2025-07-16T07:46:31.604315+00:00", "symbol": "ADA-USD"}, {"trade_id": 143812400, "side": "buy", "size": "33.80640000", "price": "0.74670000", "time": "2025-07-16T07:36:06.476541Z", "fetched_at": "2025-07-16T07:46:31.604315+00:00", "symbol": "ADA-USD"}, {"trade_id": 143812399, "side": "sell", "size": "594.00000000", "price": "0.74690000", "time": "2025-07-16T07:35:48.911460Z", "fetched_at": "2025-07-16T07:46:31.604315+00:00", "symbol": "ADA-USD"}, {"trade_id": 143812398, "side": "sell", "size": "1.50000000", "price": "0.74690000", "time": "2025-07-16T07:35:48.911460Z", "fetched_at": "2025-07-16T07:46:31.604315+00:00", "symbol": "ADA-USD"}, {"trade_id": 143812397, "side": "sell", "size": "1.50000000", "price": "0.74680000", "time": "2025-07-16T07:35:48.624944Z", "fetched_at": "2025-07-16T07:46:31.604315+00:00", "symbol": "ADA-USD"}, {"trade_id": 143812396, "side": "sell", "size": "1.50000000", "price": "0.74670000", "time": "2025-07-16T07:35:47.149685Z", "fetched_at": "2025-07-16T07:46:31.604315+00:00", "symbol": "ADA-USD"}, {"trade_id": 143812395, "side": "sell", "size": "672.80795711", "price": "0.74660000", "time": "2025-07-16T07:35:46.156958Z", "fetched_at": "2025-07-16T07:46:31.604315+00:00", "symbol": "ADA-USD"}, {"trade_id": 143812394, "side": "sell", "size": "1962.94019151", "price": "0.74660000", "time": "2025-07-16T07:35:46.152632Z", "fetched_at": "2025-07-16T07:46:31.604315+00:00", "symbol": "ADA-USD"}, {"trade_id": 143812393, "side": "sell", "size": "2129.65185138", "price": "0.74660000", "time": "2025-07-16T07:35:46.151118Z", "fetched_at": "2025-07-16T07:46:31.604315+00:00", "symbol": "ADA-USD"}, {"trade_id": 143812392, "side": "sell", "size": "125.00000000", "price": "0.74660000", "time": "2025-07-16T07:35:42.415889Z", "fetched_at": "2025-07-16T07:46:31.604315+00:00", "symbol": "ADA-USD"}, {"trade_id": 143812391, "side": "buy", "size": "66.17548000", "price": "0.74650000", "time": "2025-07-16T07:35:39.568232Z", "fetched_at": "2025-07-16T07:46:31.604315+00:00", "symbol": "ADA-USD"}, {"trade_id": 143812390, "side": "buy", "size": "15.18501100", "price": "0.74660000", "time": "2025-07-16T07:35:34.590606Z", "fetched_at": "2025-07-16T07:46:31.604315+00:00", "symbol": "ADA-USD"}, {"trade_id": 143812389, "side": "sell", "size": "39.77501000", "price": "0.74650000", "time": "2025-07-16T07:35:10.377136Z", "fetched_at": "2025-07-16T07:46:31.604315+00:00", "symbol": "ADA-USD"}, {"trade_id": 143812388, "side": "buy", "size": "1.50000000", "price": "0.74640000", "time": "2025-07-16T07:35:10.100375Z", "fetched_at": "2025-07-16T07:46:31.604315+00:00", "symbol": "ADA-USD"}, {"trade_id": 143812387, "side": "buy", "size": "0.00002759", "price": "0.74650000", "time": "2025-07-16T07:35:10.028390Z", "fetched_at": "2025-07-16T07:46:31.604315+00:00", "symbol": "ADA-USD"}, {"trade_id": 143812386, "side": "buy", "size": "1.49997241", "price": "0.74650000", "time": "2025-07-16T07:35:10.024778Z", "fetched_at": "2025-07-16T07:46:31.604315+00:00", "symbol": "ADA-USD"}, {"trade_id": 143812385, "side": "buy", "size": "503.85462759", "price": "0.74650000", "time": "2025-07-16T07:35:10.024778Z", "fetched_at": "2025-07-16T07:46:31.604315+00:00", "symbol": "ADA-USD"}, {"trade_id": 143812384, "side": "buy", "size": "0.00000110", "price": "0.74660000", "time": "2025-07-16T07:35:10.016110Z", "fetched_at": "2025-07-16T07:46:31.604315+00:00", "symbol": "ADA-USD"}, {"trade_id": 143812383, "side": "buy", "size": "656.66543000", "price": "0.74660000", "time": "2025-07-16T07:35:10.015850Z", "fetched_at": "2025-07-16T07:46:31.604315+00:00", "symbol": "ADA-USD"}, {"trade_id": 143812382, "side": "buy", "size": "8.03342300", "price": "0.74670000", "time": "2025-07-16T07:35:09.950338Z", "fetched_at": "2025-07-16T07:46:31.604315+00:00", "symbol": "ADA-USD"}, {"trade_id": 143812381, "side": "buy", "size": "99.14407945", "price": "0.74670000", "time": "2025-07-16T07:35:09.950338Z", "fetched_at": "2025-07-16T07:46:31.604315+00:00", "symbol": "ADA-USD"}, {"trade_id": 143812380, "side": "buy", "size": "61.78102671", "price": "0.74670000", "time": "2025-07-16T07:35:09.950338Z", "fetched_at": "2025-07-16T07:46:31.604315+00:00", "symbol": "ADA-USD"}, {"trade_id": 143812379, "side": "sell", "size": "1.50000000", "price": "0.74670000", "time": "2025-07-16T07:35:09.341624Z", "fetched_at": "2025-07-16T07:46:31.604315+00:00", "symbol": "ADA-USD"}, {"trade_id": 143812378, "side": "buy", "size": "120.13476700", "price": "0.74660000", "time": "2025-07-16T07:35:05.680407Z", "fetched_at": "2025-07-16T07:46:31.604315+00:00", "symbol": "ADA-USD"}, {"trade_id": 143812377, "side": "sell", "size": "6.35074300", "price": "0.74670000", "time": "2025-07-16T07:35:03.122213Z", "fetched_at": "2025-07-16T07:46:31.604315+00:00", "symbol": "ADA-USD"}, {"trade_id": 143812376, "side": "sell", "size": "0.82212700", "price": "0.74670000", "time": "2025-07-16T07:34:59.089061Z", "fetched_at": "2025-07-16T07:46:31.604315+00:00", "symbol": "ADA-USD"}, {"trade_id": 143812375, "side": "buy", "size": "32.59305677", "price": "0.74660000", "time": "2025-07-16T07:34:47.958731Z", "fetched_at": "2025-07-16T07:46:31.604315+00:00", "symbol": "ADA-USD"}, {"trade_id": 143812374, "side": "buy", "size": "1.50000000", "price": "0.74650000", "time": "2025-07-16T07:34:47.134660Z", "fetched_at": "2025-07-16T07:46:31.604315+00:00", "symbol": "ADA-USD"}, {"trade_id": 143812373, "side": "buy", "size": "4766.50000000", "price": "0.74650000", "time": "2025-07-16T07:34:47.134660Z", "fetched_at": "2025-07-16T07:46:31.604315+00:00", "symbol": "ADA-USD"}, {"trade_id": 143812372, "side": "buy", "size": "29.54366501", "price": "0.74660000", "time": "2025-07-16T07:34:47.134660Z", "fetched_at": "2025-07-16T07:46:31.604315+00:00", "symbol": "ADA-USD"}, {"trade_id": 143812371, "side": "buy", "size": "101.32799000", "price": "0.74670000", "time": "2025-07-16T07:34:43.661183Z", "fetched_at": "2025-07-16T07:46:31.604315+00:00", "symbol": "ADA-USD"}, {"trade_id": 143812370, "side": "sell", "size": "655.67723800", "price": "0.74680000", "time": "2025-07-16T07:34:42.381367Z", "fetched_at": "2025-07-16T07:46:31.604315+00:00", "symbol": "ADA-USD"}, {"trade_id": 143812369, "side": "sell", "size": "1.50000000", "price": "0.74680000", "time": "2025-07-16T07:34:42.381367Z", "fetched_at": "2025-07-16T07:46:31.604315+00:00", "symbol": "ADA-USD"}, {"trade_id": 143812368, "side": "sell", "size": "1.50000000", "price": "0.74670000", "time": "2025-07-16T07:34:42.381367Z", "fetched_at": "2025-07-16T07:46:31.604315+00:00", "symbol": "ADA-USD"}, {"trade_id": 143812367, "side": "sell", "size": "133.56489972", "price": "0.74660000", "time": "2025-07-16T07:34:33.657660Z", "fetched_at": "2025-07-16T07:46:31.604315+00:00", "symbol": "ADA-USD"}, {"trade_id": 143812366, "side": "sell", "size": "0.04158300", "price": "0.74660000", "time": "2025-07-16T07:34:33.657660Z", "fetched_at": "2025-07-16T07:46:31.604315+00:00", "symbol": "ADA-USD"}, {"trade_id": 143812365, "side": "buy", "size": "170.00671650", "price": "0.74650000", "time": "2025-07-16T07:34:23.088088Z", "fetched_at": "2025-07-16T07:46:31.604315+00:00", "symbol": "ADA-USD"}, {"trade_id": 143812364, "side": "sell", "size": "1.45841700", "price": "0.74660000", "time": "2025-07-16T07:34:21.573422Z", "fetched_at": "2025-07-16T07:46:31.604315+00:00", "symbol": "ADA-USD"}, {"trade_id": 143812363, "side": "buy", "size": "20.01625439", "price": "0.74650000", "time": "2025-07-16T07:34:21.246313Z", "fetched_at": "2025-07-16T07:46:31.604315+00:00", "symbol": "ADA-USD"}, {"trade_id": 143812362, "side": "buy", "size": "79.98374561", "price": "0.74650000", "time": "2025-07-16T07:34:21.246313Z", "fetched_at": "2025-07-16T07:46:31.604315+00:00", "symbol": "ADA-USD"}, {"trade_id": 143812361, "side": "sell", "size": "174.17550731", "price": "0.74650000", "time": "2025-07-16T07:34:19.409041Z", "fetched_at": "2025-07-16T07:46:31.604315+00:00", "symbol": "ADA-USD"}, {"trade_id": 143812360, "side": "sell", "size": "779.90520925", "price": "0.74650000", "time": "2025-07-16T07:34:19.409041Z", "fetched_at": "2025-07-16T07:46:31.604315+00:00", "symbol": "ADA-USD"}, {"trade_id": 143812359, "side": "sell", "size": "4757.40000000", "price": "0.74650000", "time": "2025-07-16T07:34:19.409041Z", "fetched_at": "2025-07-16T07:46:31.604315+00:00", "symbol": "ADA-USD"}, {"trade_id": 143812358, "side": "sell", "size": "549.15358136", "price": "0.74650000", "time": "2025-07-16T07:34:19.409041Z", "fetched_at": "2025-07-16T07:46:31.604315+00:00", "symbol": "ADA-USD"}, {"trade_id": 143812357, "side": "sell", "size": "13.26188900", "price": "0.74650000", "time": "2025-07-16T07:34:19.220748Z", "fetched_at": "2025-07-16T07:46:31.604315+00:00", "symbol": "ADA-USD"}, {"trade_id": 143812356, "side": "sell", "size": "31.58452964", "price": "0.74650000", "time": "2025-07-16T07:34:18.310516Z", "fetched_at": "2025-07-16T07:46:31.604315+00:00", "symbol": "ADA-USD"}, {"trade_id": 143812355, "side": "sell", "size": "16.75779436", "price": "0.74650000", "time": "2025-07-16T07:34:18.310516Z", "fetched_at": "2025-07-16T07:46:31.604315+00:00", "symbol": "ADA-USD"}, {"trade_id": 143812354, "side": "buy", "size": "30.87292087", "price": "0.74640000", "time": "2025-07-16T07:34:16.536730Z", "fetched_at": "2025-07-16T07:46:31.604315+00:00", "symbol": "ADA-USD"}, {"trade_id": 143812353, "side": "buy", "size": "780.00000000", "price": "0.74640000", "time": "2025-07-16T07:34:16.536730Z", "fetched_at": "2025-07-16T07:46:31.604315+00:00", "symbol": "ADA-USD"}, {"trade_id": 143812352, "side": "buy", "size": "275.69095044", "price": "0.74640000", "time": "2025-07-16T07:34:16.536730Z", "fetched_at": "2025-07-16T07:46:31.604315+00:00", "symbol": "ADA-USD"}, {"trade_id": 143812351, "side": "buy", "size": "1.50000000", "price": "0.74640000", "time": "2025-07-16T07:34:16.536730Z", "fetched_at": "2025-07-16T07:46:31.604315+00:00", "symbol": "ADA-USD"}, {"trade_id": 143812350, "side": "buy", "size": "48.75712356", "price": "0.74650000", "time": "2025-07-16T07:34:16.400459Z", "fetched_at": "2025-07-16T07:46:31.604315+00:00", "symbol": "ADA-USD"}, {"trade_id": 143812349, "side": "buy", "size": "67.99020000", "price": "0.74650000", "time": "2025-07-16T07:34:15.784188Z", "fetched_at": "2025-07-16T07:46:31.604315+00:00", "symbol": "ADA-USD"}, {"trade_id": 143812348, "side": "sell", "size": "45.64647418", "price": "0.74650000", "time": "2025-07-16T07:34:08.882101Z", "fetched_at": "2025-07-16T07:46:31.604315+00:00", "symbol": "ADA-USD"}, {"trade_id": 143812347, "side": "sell", "size": "22.34372582", "price": "0.74650000", "time": "2025-07-16T07:34:08.882101Z", "fetched_at": "2025-07-16T07:46:31.604315+00:00", "symbol": "ADA-USD"}, {"trade_id": 143812346, "side": "buy", "size": "1.50000000", "price": "0.74650000", "time": "2025-07-16T07:34:08.836098Z", "fetched_at": "2025-07-16T07:46:31.604315+00:00", "symbol": "ADA-USD"}, {"trade_id": 143812345, "side": "buy", "size": "49.55178023", "price": "0.74660000", "time": "2025-07-16T07:34:08.756596Z", "fetched_at": "2025-07-16T07:46:31.604315+00:00", "symbol": "ADA-USD"}, {"trade_id": 143812344, "side": "buy", "size": "124.56536000", "price": "0.74660000", "time": "2025-07-16T07:34:08.752717Z", "fetched_at": "2025-07-16T07:46:31.604315+00:00", "symbol": "ADA-USD"}, {"trade_id": 143812343, "side": "sell", "size": "28.26802077", "price": "0.74670000", "time": "2025-07-16T07:34:07.880210Z", "fetched_at": "2025-07-16T07:46:31.604315+00:00", "symbol": "ADA-USD"}, {"trade_id": 143812342, "side": "sell", "size": "39.72217923", "price": "0.74670000", "time": "2025-07-16T07:34:07.880210Z", "fetched_at": "2025-07-16T07:46:31.604315+00:00", "symbol": "ADA-USD"}, {"trade_id": 143812341, "side": "sell", "size": "2.47696800", "price": "0.74680000", "time": "2025-07-16T07:34:02.125795Z", "fetched_at": "2025-07-16T07:46:31.604315+00:00", "symbol": "ADA-USD"}, {"trade_id": 143812340, "side": "sell", "size": "1.50000000", "price": "0.74680000", "time": "2025-07-16T07:34:02.125795Z", "fetched_at": "2025-07-16T07:46:31.604315+00:00", "symbol": "ADA-USD"}, {"trade_id": 143812339, "side": "sell", "size": "580.16120563", "price": "0.74670000", "time": "2025-07-16T07:33:39.614624Z", "fetched_at": "2025-07-16T07:46:31.604315+00:00", "symbol": "ADA-USD"}, {"trade_id": 143812338, "side": "sell", "size": "1.50000000", "price": "0.74670000", "time": "2025-07-16T07:33:34.216170Z", "fetched_at": "2025-07-16T07:46:31.604315+00:00", "symbol": "ADA-USD"}, {"trade_id": 143812337, "side": "buy", "size": "64.27000000", "price": "0.74650000", "time": "2025-07-16T07:33:28.506540Z", "fetched_at": "2025-07-16T07:46:31.604315+00:00", "symbol": "ADA-USD"}, {"trade_id": 143812336, "side": "sell", "size": "1.56583268", "price": "0.74660000", "time": "2025-07-16T07:33:24.032108Z", "fetched_at": "2025-07-16T07:46:31.604315+00:00", "symbol": "ADA-USD"}, {"trade_id": 143812335, "side": "sell", "size": "377.68873714", "price": "0.74660000", "time": "2025-07-16T07:33:15.692740Z", "fetched_at": "2025-07-16T07:46:31.604315+00:00", "symbol": "ADA-USD"}, {"trade_id": 143812334, "side": "sell", "size": "47.96122686", "price": "0.74660000", "time": "2025-07-16T07:33:15.692740Z", "fetched_at": "2025-07-16T07:46:31.604315+00:00", "symbol": "ADA-USD"}, {"trade_id": 143812333, "side": "sell", "size": "0.50000000", "price": "0.74660000", "time": "2025-07-16T07:33:10.208021Z", "fetched_at": "2025-07-16T07:46:31.604315+00:00", "symbol": "ADA-USD"}, {"trade_id": 143812332, "side": "sell", "size": "1.50000000", "price": "0.74660000", "time": "2025-07-16T07:33:10.208021Z", "fetched_at": "2025-07-16T07:46:31.604315+00:00", "symbol": "ADA-USD"}, {"trade_id": 143812331, "side": "sell", "size": "174.15214710", "price": "0.74640000", "time": "2025-07-16T07:33:06.170713Z", "fetched_at": "2025-07-16T07:46:31.604315+00:00", "symbol": "ADA-USD"}, {"trade_id": 143812330, "side": "sell", "size": "770.83842039", "price": "0.74640000", "time": "2025-07-16T07:33:06.170713Z", "fetched_at": "2025-07-16T07:46:31.604315+00:00", "symbol": "ADA-USD"}, {"trade_id": 143812329, "side": "sell", "size": "1112.41085331", "price": "0.74640000", "time": "2025-07-16T07:33:06.169491Z", "fetched_at": "2025-07-16T07:46:31.604315+00:00", "symbol": "ADA-USD"}, {"trade_id": 143812328, "side": "sell", "size": "2881.75072630", "price": "0.74640000", "time": "2025-07-16T07:33:06.169300Z", "fetched_at": "2025-07-16T07:46:31.604315+00:00", "symbol": "ADA-USD"}, {"trade_id": 143812327, "side": "buy", "size": "225.23967904", "price": "0.74650000", "time": "2025-07-16T07:32:58.998493Z", "fetched_at": "2025-07-16T07:46:31.604315+00:00", "symbol": "ADA-USD"}, {"trade_id": 143812326, "side": "buy", "size": "225.23967904", "price": "0.74650000", "time": "2025-07-16T07:32:58.988719Z", "fetched_at": "2025-07-16T07:46:31.604315+00:00", "symbol": "ADA-USD"}, {"trade_id": 143812325, "side": "sell", "size": "133.44481605", "price": "0.74650000", "time": "2025-07-16T07:32:57.877991Z", "fetched_at": "2025-07-16T07:46:31.604315+00:00", "symbol": "ADA-USD"}