[{"trade_id": 143787841, "side": "buy", "size": "174.51450785", "price": "0.74490000", "time": "2025-07-16T00:23:24.148328Z", "fetched_at": "2025-07-16T00:23:25.594084+00:00", "symbol": "ADA-USD"}, {"trade_id": 143787840, "side": "buy", "size": "1.50000000", "price": "0.74490000", "time": "2025-07-16T00:23:24.148328Z", "fetched_at": "2025-07-16T00:23:25.594084+00:00", "symbol": "ADA-USD"}, {"trade_id": 143787839, "side": "buy", "size": "1.50000000", "price": "0.74500000", "time": "2025-07-16T00:23:24.139055Z", "fetched_at": "2025-07-16T00:23:25.594084+00:00", "symbol": "ADA-USD"}, {"trade_id": 143787838, "side": "buy", "size": "174.46766000", "price": "0.74510000", "time": "2025-07-16T00:23:23.836478Z", "fetched_at": "2025-07-16T00:23:25.594084+00:00", "symbol": "ADA-USD"}, {"trade_id": 143787837, "side": "sell", "size": "1.50000000", "price": "0.74540000", "time": "2025-07-16T00:23:21.126938Z", "fetched_at": "2025-07-16T00:23:25.594084+00:00", "symbol": "ADA-USD"}, {"trade_id": 143787836, "side": "sell", "size": "6.35391300", "price": "0.74530000", "time": "2025-07-16T00:23:19.069250Z", "fetched_at": "2025-07-16T00:23:25.594084+00:00", "symbol": "ADA-USD"}, {"trade_id": 143787835, "side": "sell", "size": "0.01046800", "price": "0.74530000", "time": "2025-07-16T00:23:19.069250Z", "fetched_at": "2025-07-16T00:23:25.594084+00:00", "symbol": "ADA-USD"}, {"trade_id": 143787834, "side": "sell", "size": "1.48953200", "price": "0.74530000", "time": "2025-07-16T00:23:17.782398Z", "fetched_at": "2025-07-16T00:23:25.594084+00:00", "symbol": "ADA-USD"}, {"trade_id": 143787833, "side": "sell", "size": "1.50000000", "price": "0.74520000", "time": "2025-07-16T00:23:17.782398Z", "fetched_at": "2025-07-16T00:23:25.594084+00:00", "symbol": "ADA-USD"}, {"trade_id": 143787832, "side": "sell", "size": "43.79394451", "price": "0.74510000", "time": "2025-07-16T00:23:16.202079Z", "fetched_at": "2025-07-16T00:23:25.594084+00:00", "symbol": "ADA-USD"}, {"trade_id": 143787831, "side": "sell", "size": "12.70736183", "price": "0.74510000", "time": "2025-07-16T00:23:12.226412Z", "fetched_at": "2025-07-16T00:23:25.594084+00:00", "symbol": "ADA-USD"}, {"trade_id": 143787830, "side": "sell", "size": "161.36887236", "price": "0.74510000", "time": "2025-07-16T00:23:12.100088Z", "fetched_at": "2025-07-16T00:23:25.594084+00:00", "symbol": "ADA-USD"}, {"trade_id": 143787829, "side": "sell", "size": "211.73180274", "price": "0.74510000", "time": "2025-07-16T00:23:12.100088Z", "fetched_at": "2025-07-16T00:23:25.594084+00:00", "symbol": "ADA-USD"}, {"trade_id": 143787828, "side": "sell", "size": "1.50000000", "price": "0.74510000", "time": "2025-07-16T00:23:12.100088Z", "fetched_at": "2025-07-16T00:23:25.594084+00:00", "symbol": "ADA-USD"}, {"trade_id": 143787827, "side": "sell", "size": "592.64546021", "price": "0.74500000", "time": "2025-07-16T00:23:11.745833Z", "fetched_at": "2025-07-16T00:23:25.594084+00:00", "symbol": "ADA-USD"}, {"trade_id": 143787826, "side": "sell", "size": "231.49164000", "price": "0.74500000", "time": "2025-07-16T00:23:11.745833Z", "fetched_at": "2025-07-16T00:23:25.594084+00:00", "symbol": "ADA-USD"}, {"trade_id": 143787825, "side": "sell", "size": "474.72040000", "price": "0.74500000", "time": "2025-07-16T00:23:11.356153Z", "fetched_at": "2025-07-16T00:23:25.594084+00:00", "symbol": "ADA-USD"}, {"trade_id": 143787824, "side": "buy", "size": "391.55597268", "price": "0.74490000", "time": "2025-07-16T00:23:11.345783Z", "fetched_at": "2025-07-16T00:23:25.594084+00:00", "symbol": "ADA-USD"}, {"trade_id": 143787823, "side": "buy", "size": "671.17704776", "price": "0.74490000", "time": "2025-07-16T00:23:11.345783Z", "fetched_at": "2025-07-16T00:23:25.594084+00:00", "symbol": "ADA-USD"}, {"trade_id": 143787822, "side": "buy", "size": "275.69095044", "price": "0.74490000", "time": "2025-07-16T00:23:11.345783Z", "fetched_at": "2025-07-16T00:23:25.594084+00:00", "symbol": "ADA-USD"}, {"trade_id": 143787821, "side": "buy", "size": "174.49108308", "price": "0.74500000", "time": "2025-07-16T00:23:11.345783Z", "fetched_at": "2025-07-16T00:23:25.594084+00:00", "symbol": "ADA-USD"}, {"trade_id": 143787820, "side": "sell", "size": "28.34925993", "price": "0.74500000", "time": "2025-07-16T00:23:02.095321Z", "fetched_at": "2025-07-16T00:23:25.594084+00:00", "symbol": "ADA-USD"}, {"trade_id": 143787819, "side": "sell", "size": "14.10466407", "price": "0.74490000", "time": "2025-07-16T00:23:02.095321Z", "fetched_at": "2025-07-16T00:23:25.594084+00:00", "symbol": "ADA-USD"}, {"trade_id": 143787818, "side": "sell", "size": "1308.50840304", "price": "0.74500000", "time": "2025-07-16T00:23:01.234661Z", "fetched_at": "2025-07-16T00:23:25.594084+00:00", "symbol": "ADA-USD"}, {"trade_id": 143787817, "side": "sell", "size": "2225.67472000", "price": "0.74500000", "time": "2025-07-16T00:23:01.234661Z", "fetched_at": "2025-07-16T00:23:25.594084+00:00", "symbol": "ADA-USD"}, {"trade_id": 143787816, "side": "sell", "size": "2219.40928000", "price": "0.74500000", "time": "2025-07-16T00:23:01.234661Z", "fetched_at": "2025-07-16T00:23:25.594084+00:00", "symbol": "ADA-USD"}, {"trade_id": 143787815, "side": "sell", "size": "172.55074588", "price": "0.74490000", "time": "2025-07-16T00:23:01.234661Z", "fetched_at": "2025-07-16T00:23:25.594084+00:00", "symbol": "ADA-USD"}, {"trade_id": 143787814, "side": "sell", "size": "717.34440708", "price": "0.74490000", "time": "2025-07-16T00:23:01.234661Z", "fetched_at": "2025-07-16T00:23:25.594084+00:00", "symbol": "ADA-USD"}, {"trade_id": 143787813, "side": "buy", "size": "25.78146800", "price": "0.74480000", "time": "2025-07-16T00:23:00.554771Z", "fetched_at": "2025-07-16T00:23:25.594084+00:00", "symbol": "ADA-USD"}, {"trade_id": 143787812, "side": "buy", "size": "1.50000000", "price": "0.74480000", "time": "2025-07-16T00:23:00.554771Z", "fetched_at": "2025-07-16T00:23:25.594084+00:00", "symbol": "ADA-USD"}, {"trade_id": 143787811, "side": "buy", "size": "500.00000000", "price": "0.74490000", "time": "2025-07-16T00:22:56.263115Z", "fetched_at": "2025-07-16T00:23:25.594084+00:00", "symbol": "ADA-USD"}, {"trade_id": 143787810, "side": "buy", "size": "161.52053672", "price": "0.74490000", "time": "2025-07-16T00:22:56.263115Z", "fetched_at": "2025-07-16T00:23:25.594084+00:00", "symbol": "ADA-USD"}, {"trade_id": 143787809, "side": "sell", "size": "75.00000000", "price": "0.74500000", "time": "2025-07-16T00:22:50.805404Z", "fetched_at": "2025-07-16T00:23:25.594084+00:00", "symbol": "ADA-USD"}, {"trade_id": 143787808, "side": "sell", "size": "1.50000000", "price": "0.74500000", "time": "2025-07-16T00:22:50.805404Z", "fetched_at": "2025-07-16T00:23:25.594084+00:00", "symbol": "ADA-USD"}, {"trade_id": 143787807, "side": "sell", "size": "1.50000000", "price": "0.74490000", "time": "2025-07-16T00:22:50.805404Z", "fetched_at": "2025-07-16T00:23:25.594084+00:00", "symbol": "ADA-USD"}, {"trade_id": 143787806, "side": "sell", "size": "50.57979181", "price": "0.74480000", "time": "2025-07-16T00:22:50.756756Z", "fetched_at": "2025-07-16T00:23:25.594084+00:00", "symbol": "ADA-USD"}, {"trade_id": 143787805, "side": "buy", "size": "3.13631997", "price": "0.74470000", "time": "2025-07-16T00:22:48.510444Z", "fetched_at": "2025-07-16T00:23:25.594084+00:00", "symbol": "ADA-USD"}, {"trade_id": 143787804, "side": "buy", "size": "80.85057763", "price": "0.74460000", "time": "2025-07-16T00:22:46.596727Z", "fetched_at": "2025-07-16T00:23:25.594084+00:00", "symbol": "ADA-USD"}, {"trade_id": 143787803, "side": "sell", "size": "65.53156865", "price": "0.74480000", "time": "2025-07-16T00:22:46.240980Z", "fetched_at": "2025-07-16T00:23:25.594084+00:00", "symbol": "ADA-USD"}, {"trade_id": 143787802, "side": "sell", "size": "1.50000000", "price": "0.74480000", "time": "2025-07-16T00:22:46.240980Z", "fetched_at": "2025-07-16T00:23:25.594084+00:00", "symbol": "ADA-USD"}, {"trade_id": 143787801, "side": "sell", "size": "2.41701749", "price": "0.74470000", "time": "2025-07-16T00:22:44.214514Z", "fetched_at": "2025-07-16T00:23:25.594084+00:00", "symbol": "ADA-USD"}, {"trade_id": 143787800, "side": "buy", "size": "219.45719327", "price": "0.74460000", "time": "2025-07-16T00:22:43.041366Z", "fetched_at": "2025-07-16T00:23:25.594084+00:00", "symbol": "ADA-USD"}, {"trade_id": 143787799, "side": "buy", "size": "22.31956768", "price": "0.74460000", "time": "2025-07-16T00:22:43.041366Z", "fetched_at": "2025-07-16T00:23:25.594084+00:00", "symbol": "ADA-USD"}, {"trade_id": 143787798, "side": "buy", "size": "66.95870305", "price": "0.74460000", "time": "2025-07-16T00:22:43.041366Z", "fetched_at": "2025-07-16T00:23:25.594084+00:00", "symbol": "ADA-USD"}, {"trade_id": 143787797, "side": "buy", "size": "330.01018200", "price": "0.74470000", "time": "2025-07-16T00:22:39.914501Z", "fetched_at": "2025-07-16T00:23:25.594084+00:00", "symbol": "ADA-USD"}, {"trade_id": 143787796, "side": "sell", "size": "13.69835360", "price": "0.74470000", "time": "2025-07-16T00:22:38.571141Z", "fetched_at": "2025-07-16T00:23:25.594084+00:00", "symbol": "ADA-USD"}, {"trade_id": 143787795, "side": "sell", "size": "1.50000000", "price": "0.74470000", "time": "2025-07-16T00:22:38.571141Z", "fetched_at": "2025-07-16T00:23:25.594084+00:00", "symbol": "ADA-USD"}, {"trade_id": 143787794, "side": "sell", "size": "1.50000000", "price": "0.74460000", "time": "2025-07-16T00:22:32.790839Z", "fetched_at": "2025-07-16T00:23:25.594084+00:00", "symbol": "ADA-USD"}, {"trade_id": 143787793, "side": "sell", "size": "15.51927631", "price": "0.74460000", "time": "2025-07-16T00:22:32.790839Z", "fetched_at": "2025-07-16T00:23:25.594084+00:00", "symbol": "ADA-USD"}, {"trade_id": 143787792, "side": "sell", "size": "158.35143714", "price": "0.74450000", "time": "2025-07-16T00:22:32.377537Z", "fetched_at": "2025-07-16T00:23:25.594084+00:00", "symbol": "ADA-USD"}, {"trade_id": 143787791, "side": "sell", "size": "174.64325504", "price": "0.74440000", "time": "2025-07-16T00:22:30.782806Z", "fetched_at": "2025-07-16T00:23:25.594084+00:00", "symbol": "ADA-USD"}, {"trade_id": 143787790, "side": "buy", "size": "500.00000000", "price": "0.74460000", "time": "2025-07-16T00:22:23.602068Z", "fetched_at": "2025-07-16T00:23:25.594084+00:00", "symbol": "ADA-USD"}, {"trade_id": 143787789, "side": "buy", "size": "174.58481990", "price": "0.74460000", "time": "2025-07-16T00:22:23.602068Z", "fetched_at": "2025-07-16T00:23:25.594084+00:00", "symbol": "ADA-USD"}, {"trade_id": 143787788, "side": "sell", "size": "12.97204700", "price": "0.74480000", "time": "2025-07-16T00:22:21.629391Z", "fetched_at": "2025-07-16T00:23:25.594084+00:00", "symbol": "ADA-USD"}, {"trade_id": 143787787, "side": "buy", "size": "28.93090076", "price": "0.74460000", "time": "2025-07-16T00:22:21.073338Z", "fetched_at": "2025-07-16T00:23:25.594084+00:00", "symbol": "ADA-USD"}, {"trade_id": 143787786, "side": "buy", "size": "174.56137624", "price": "0.74470000", "time": "2025-07-16T00:22:21.073338Z", "fetched_at": "2025-07-16T00:23:25.594084+00:00", "symbol": "ADA-USD"}, {"trade_id": 143787785, "side": "sell", "size": "11.80466300", "price": "0.74480000", "time": "2025-07-16T00:22:20.699618Z", "fetched_at": "2025-07-16T00:23:25.594084+00:00", "symbol": "ADA-USD"}, {"trade_id": 143787784, "side": "sell", "size": "1.50000000", "price": "0.74480000", "time": "2025-07-16T00:22:20.699618Z", "fetched_at": "2025-07-16T00:23:25.594084+00:00", "symbol": "ADA-USD"}, {"trade_id": 143787783, "side": "sell", "size": "618.94073246", "price": "0.74470000", "time": "2025-07-16T00:22:19.583718Z", "fetched_at": "2025-07-16T00:23:25.594084+00:00", "symbol": "ADA-USD"}, {"trade_id": 143787782, "side": "sell", "size": "1.89512708", "price": "0.74460000", "time": "2025-07-16T00:22:18.194156Z", "fetched_at": "2025-07-16T00:23:25.594084+00:00", "symbol": "ADA-USD"}, {"trade_id": 143787781, "side": "sell", "size": "11.48431303", "price": "0.74460000", "time": "2025-07-16T00:22:18.055397Z", "fetched_at": "2025-07-16T00:23:25.594084+00:00", "symbol": "ADA-USD"}, {"trade_id": 143787780, "side": "sell", "size": "11.80466300", "price": "0.74470000", "time": "2025-07-16T00:22:18.001070Z", "fetched_at": "2025-07-16T00:23:25.594084+00:00", "symbol": "ADA-USD"}, {"trade_id": 143787779, "side": "sell", "size": "1.50000000", "price": "0.74470000", "time": "2025-07-16T00:22:18.001070Z", "fetched_at": "2025-07-16T00:23:25.594084+00:00", "symbol": "ADA-USD"}, {"trade_id": 143787778, "side": "sell", "size": "1.58944043", "price": "0.74450000", "time": "2025-07-16T00:22:17.801794Z", "fetched_at": "2025-07-16T00:23:25.594084+00:00", "symbol": "ADA-USD"}, {"trade_id": 143787777, "side": "buy", "size": "300.00000000", "price": "0.74450000", "time": "2025-07-16T00:22:15.852858Z", "fetched_at": "2025-07-16T00:23:25.594084+00:00", "symbol": "ADA-USD"}, {"trade_id": 143787776, "side": "sell", "size": "14.29563901", "price": "0.74460000", "time": "2025-07-16T00:22:15.291837Z", "fetched_at": "2025-07-16T00:23:25.594084+00:00", "symbol": "ADA-USD"}, {"trade_id": 143787775, "side": "sell", "size": "49.72630605", "price": "0.74460000", "time": "2025-07-16T00:22:15.223903Z", "fetched_at": "2025-07-16T00:23:25.594084+00:00", "symbol": "ADA-USD"}, {"trade_id": 143787774, "side": "sell", "size": "1.50000000", "price": "0.74460000", "time": "2025-07-16T00:22:15.223903Z", "fetched_at": "2025-07-16T00:23:25.594084+00:00", "symbol": "ADA-USD"}, {"trade_id": 143787773, "side": "sell", "size": "1.50000000", "price": "0.74450000", "time": "2025-07-16T00:22:14.718092Z", "fetched_at": "2025-07-16T00:23:25.594084+00:00", "symbol": "ADA-USD"}, {"trade_id": 143787772, "side": "sell", "size": "261.20053200", "price": "0.74440000", "time": "2025-07-16T00:22:12.956740Z", "fetched_at": "2025-07-16T00:23:25.594084+00:00", "symbol": "ADA-USD"}, {"trade_id": 143787771, "side": "sell", "size": "594.00000000", "price": "0.74440000", "time": "2025-07-16T00:22:10.504604Z", "fetched_at": "2025-07-16T00:23:25.594084+00:00", "symbol": "ADA-USD"}, {"trade_id": 143787770, "side": "sell", "size": "266.95862082", "price": "0.74440000", "time": "2025-07-16T00:22:10.375290Z", "fetched_at": "2025-07-16T00:23:25.594084+00:00", "symbol": "ADA-USD"}, {"trade_id": 143787769, "side": "sell", "size": "223.06280000", "price": "0.74440000", "time": "2025-07-16T00:22:10.375290Z", "fetched_at": "2025-07-16T00:23:25.594084+00:00", "symbol": "ADA-USD"}, {"trade_id": 143787768, "side": "sell", "size": "231.49164000", "price": "0.74440000", "time": "2025-07-16T00:22:10.375290Z", "fetched_at": "2025-07-16T00:23:25.594084+00:00", "symbol": "ADA-USD"}, {"trade_id": 143787767, "side": "buy", "size": "13.09211445", "price": "0.74440000", "time": "2025-07-16T00:22:10.328204Z", "fetched_at": "2025-07-16T00:23:25.594084+00:00", "symbol": "ADA-USD"}, {"trade_id": 143787766, "side": "sell", "size": "1.50000000", "price": "0.74440000", "time": "2025-07-16T00:22:10.279704Z", "fetched_at": "2025-07-16T00:23:25.594084+00:00", "symbol": "ADA-USD"}, {"trade_id": 143787765, "side": "sell", "size": "98.39885201", "price": "0.74440000", "time": "2025-07-16T00:22:10.279704Z", "fetched_at": "2025-07-16T00:23:25.594084+00:00", "symbol": "ADA-USD"}, {"trade_id": 143787764, "side": "sell", "size": "292.50216271", "price": "0.74440000", "time": "2025-07-16T00:22:10.259965Z", "fetched_at": "2025-07-16T00:23:25.594084+00:00", "symbol": "ADA-USD"}, {"trade_id": 143787763, "side": "sell", "size": "317.81664910", "price": "0.74440000", "time": "2025-07-16T00:22:10.247892Z", "fetched_at": "2025-07-16T00:23:25.594084+00:00", "symbol": "ADA-USD"}, {"trade_id": 143787762, "side": "sell", "size": "1.50000000", "price": "0.74430000", "time": "2025-07-16T00:22:10.235550Z", "fetched_at": "2025-07-16T00:23:25.594084+00:00", "symbol": "ADA-USD"}, {"trade_id": 143787761, "side": "sell", "size": "7966.74443960", "price": "0.74420000", "time": "2025-07-16T00:22:10.228833Z", "fetched_at": "2025-07-16T00:23:25.594084+00:00", "symbol": "ADA-USD"}, {"trade_id": 143787760, "side": "sell", "size": "2479.54102040", "price": "0.74420000", "time": "2025-07-16T00:22:10.228696Z", "fetched_at": "2025-07-16T00:23:25.594084+00:00", "symbol": "ADA-USD"}, {"trade_id": 143787759, "side": "sell", "size": "1.50000000", "price": "0.74420000", "time": "2025-07-16T00:22:10.222106Z", "fetched_at": "2025-07-16T00:23:25.594084+00:00", "symbol": "ADA-USD"}, {"trade_id": 143787758, "side": "sell", "size": "972.85328850", "price": "0.74410000", "time": "2025-07-16T00:22:10.218897Z", "fetched_at": "2025-07-16T00:23:25.594084+00:00", "symbol": "ADA-USD"}, {"trade_id": 143787757, "side": "sell", "size": "1394.93134516", "price": "0.74410000", "time": "2025-07-16T00:22:10.218723Z", "fetched_at": "2025-07-16T00:23:25.594084+00:00", "symbol": "ADA-USD"}, {"trade_id": 143787756, "side": "sell", "size": "918.37182711", "price": "0.74410000", "time": "2025-07-16T00:22:10.218484Z", "fetched_at": "2025-07-16T00:23:25.594084+00:00", "symbol": "ADA-USD"}, {"trade_id": 143787755, "side": "sell", "size": "521.46966174", "price": "0.74410000", "time": "2025-07-16T00:22:10.218333Z", "fetched_at": "2025-07-16T00:23:25.594084+00:00", "symbol": "ADA-USD"}, {"trade_id": 143787754, "side": "sell", "size": "3265.26293324", "price": "0.74410000", "time": "2025-07-16T00:22:10.217371Z", "fetched_at": "2025-07-16T00:23:25.594084+00:00", "symbol": "ADA-USD"}, {"trade_id": 143787753, "side": "sell", "size": "373.53757925", "price": "0.74410000", "time": "2025-07-16T00:22:10.165398Z", "fetched_at": "2025-07-16T00:23:25.594084+00:00", "symbol": "ADA-USD"}, {"trade_id": 143787752, "side": "sell", "size": "139.54214341", "price": "0.74410000", "time": "2025-07-16T00:22:10.110934Z", "fetched_at": "2025-07-16T00:23:25.594084+00:00", "symbol": "ADA-USD"}, {"trade_id": 143787751, "side": "sell", "size": "784.40321986", "price": "0.74410000", "time": "2025-07-16T00:22:10.089230Z", "fetched_at": "2025-07-16T00:23:25.594084+00:00", "symbol": "ADA-USD"}, {"trade_id": 143787750, "side": "sell", "size": "102.04342771", "price": "0.74410000", "time": "2025-07-16T00:22:06.336518Z", "fetched_at": "2025-07-16T00:23:25.594084+00:00", "symbol": "ADA-USD"}, {"trade_id": 143787749, "side": "sell", "size": "120.22292125", "price": "0.74410000", "time": "2025-07-16T00:22:06.319922Z", "fetched_at": "2025-07-16T00:23:25.594084+00:00", "symbol": "ADA-USD"}, {"trade_id": 143787748, "side": "sell", "size": "93.71615525", "price": "0.74410000", "time": "2025-07-16T00:22:06.301167Z", "fetched_at": "2025-07-16T00:23:25.594084+00:00", "symbol": "ADA-USD"}, {"trade_id": 143787747, "side": "sell", "size": "266.30921443", "price": "0.74410000", "time": "2025-07-16T00:22:06.287039Z", "fetched_at": "2025-07-16T00:23:25.594084+00:00", "symbol": "ADA-USD"}, {"trade_id": 143787746, "side": "sell", "size": "102.65435407", "price": "0.74410000", "time": "2025-07-16T00:22:06.270452Z", "fetched_at": "2025-07-16T00:23:25.594084+00:00", "symbol": "ADA-USD"}, {"trade_id": 143787745, "side": "sell", "size": "106.53522891", "price": "0.74410000", "time": "2025-07-16T00:22:06.259045Z", "fetched_at": "2025-07-16T00:23:25.594084+00:00", "symbol": "ADA-USD"}, {"trade_id": 143787744, "side": "sell", "size": "226.02195915", "price": "0.74410000", "time": "2025-07-16T00:22:06.242926Z", "fetched_at": "2025-07-16T00:23:25.594084+00:00", "symbol": "ADA-USD"}, {"trade_id": 143787743, "side": "sell", "size": "125.99311261", "price": "0.74410000", "time": "2025-07-16T00:22:06.230712Z", "fetched_at": "2025-07-16T00:23:25.594084+00:00", "symbol": "ADA-USD"}, {"trade_id": 143787742, "side": "sell", "size": "158.61056433", "price": "0.74410000", "time": "2025-07-16T00:22:06.212243Z", "fetched_at": "2025-07-16T00:23:25.594084+00:00", "symbol": "ADA-USD"}, {"trade_id": 143787741, "side": "sell", "size": "773.80652402", "price": "0.74410000", "time": "2025-07-16T00:22:06.194524Z", "fetched_at": "2025-07-16T00:23:25.594084+00:00", "symbol": "ADA-USD"}, {"trade_id": 143787740, "side": "sell", "size": "19.06085202", "price": "0.74400000", "time": "2025-07-16T00:22:05.571287Z", "fetched_at": "2025-07-16T00:23:25.594084+00:00", "symbol": "ADA-USD"}, {"trade_id": 143787739, "side": "sell", "size": "25.41446936", "price": "0.74400000", "time": "2025-07-16T00:22:05.448912Z", "fetched_at": "2025-07-16T00:23:25.594084+00:00", "symbol": "ADA-USD"}, {"trade_id": 143787738, "side": "sell", "size": "33.88595915", "price": "0.74400000", "time": "2025-07-16T00:22:04.955912Z", "fetched_at": "2025-07-16T00:23:25.594084+00:00", "symbol": "ADA-USD"}, {"trade_id": 143787737, "side": "sell", "size": "5.07480563", "price": "0.74400000", "time": "2025-07-16T00:22:04.955912Z", "fetched_at": "2025-07-16T00:23:25.594084+00:00", "symbol": "ADA-USD"}, {"trade_id": 143787736, "side": "buy", "size": "56.21936200", "price": "0.74390000", "time": "2025-07-16T00:22:04.950640Z", "fetched_at": "2025-07-16T00:23:25.594084+00:00", "symbol": "ADA-USD"}, {"trade_id": 143787735, "side": "buy", "size": "500.00000000", "price": "0.74390000", "time": "2025-07-16T00:22:04.950640Z", "fetched_at": "2025-07-16T00:23:25.594084+00:00", "symbol": "ADA-USD"}, {"trade_id": 143787734, "side": "sell", "size": "47.17567339", "price": "0.74400000", "time": "2025-07-16T00:22:04.365538Z", "fetched_at": "2025-07-16T00:23:25.594084+00:00", "symbol": "ADA-USD"}, {"trade_id": 143787733, "side": "sell", "size": "14.57855087", "price": "0.74410000", "time": "2025-07-16T00:22:03.769273Z", "fetched_at": "2025-07-16T00:23:25.594084+00:00", "symbol": "ADA-USD"}, {"trade_id": 143787732, "side": "buy", "size": "66.37634400", "price": "0.74390000", "time": "2025-07-16T00:22:03.404882Z", "fetched_at": "2025-07-16T00:23:25.594084+00:00", "symbol": "ADA-USD"}, {"trade_id": 143787731, "side": "buy", "size": "1.50000000", "price": "0.74390000", "time": "2025-07-16T00:22:03.404882Z", "fetched_at": "2025-07-16T00:23:25.594084+00:00", "symbol": "ADA-USD"}, {"trade_id": 143787730, "side": "sell", "size": "657.74482818", "price": "0.74410000", "time": "2025-07-16T00:22:01.209197Z", "fetched_at": "2025-07-16T00:23:25.594084+00:00", "symbol": "ADA-USD"}, {"trade_id": 143787729, "side": "sell", "size": "12.97735931", "price": "0.74410000", "time": "2025-07-16T00:22:01.082594Z", "fetched_at": "2025-07-16T00:23:25.594084+00:00", "symbol": "ADA-USD"}, {"trade_id": 143787728, "side": "sell", "size": "161.54456420", "price": "0.74410000", "time": "2025-07-16T00:22:00.906886Z", "fetched_at": "2025-07-16T00:23:25.594084+00:00", "symbol": "ADA-USD"}, {"trade_id": 143787727, "side": "buy", "size": "0.00000411", "price": "0.74400000", "time": "2025-07-16T00:21:59.818306Z", "fetched_at": "2025-07-16T00:23:25.594084+00:00", "symbol": "ADA-USD"}, {"trade_id": 143787726, "side": "buy", "size": "174.72561000", "price": "0.74400000", "time": "2025-07-16T00:21:59.816590Z", "fetched_at": "2025-07-16T00:23:25.594084+00:00", "symbol": "ADA-USD"}, {"trade_id": 143787725, "side": "buy", "size": "1.50000000", "price": "0.74400000", "time": "2025-07-16T00:21:59.816590Z", "fetched_at": "2025-07-16T00:23:25.594084+00:00", "symbol": "ADA-USD"}, {"trade_id": 143787724, "side": "sell", "size": "10.40428857", "price": "0.74410000", "time": "2025-07-16T00:21:52.106756Z", "fetched_at": "2025-07-16T00:23:25.594084+00:00", "symbol": "ADA-USD"}, {"trade_id": 143787723, "side": "buy", "size": "1.50000000", "price": "0.74410000", "time": "2025-07-16T00:21:51.274780Z", "fetched_at": "2025-07-16T00:23:25.594084+00:00", "symbol": "ADA-USD"}, {"trade_id": 143787722, "side": "buy", "size": "66.68234345", "price": "0.74420000", "time": "2025-07-16T00:21:51.064972Z", "fetched_at": "2025-07-16T00:23:25.594084+00:00", "symbol": "ADA-USD"}, {"trade_id": 143787721, "side": "buy", "size": "1.50000000", "price": "0.74420000", "time": "2025-07-16T00:21:51.064972Z", "fetched_at": "2025-07-16T00:23:25.594084+00:00", "symbol": "ADA-USD"}, {"trade_id": 143787720, "side": "buy", "size": "1.50000000", "price": "0.74430000", "time": "2025-07-16T00:21:50.947186Z", "fetched_at": "2025-07-16T00:23:25.594084+00:00", "symbol": "ADA-USD"}, {"trade_id": 143787719, "side": "sell", "size": "1035.14003785", "price": "0.74450000", "time": "2025-07-16T00:21:49.621512Z", "fetched_at": "2025-07-16T00:23:25.594084+00:00", "symbol": "ADA-USD"}, {"trade_id": 143787718, "side": "sell", "size": "500.00000000", "price": "0.74450000", "time": "2025-07-16T00:21:49.621512Z", "fetched_at": "2025-07-16T00:23:25.594084+00:00", "symbol": "ADA-USD"}, {"trade_id": 143787717, "side": "sell", "size": "573.32632445", "price": "0.74450000", "time": "2025-07-16T00:21:49.621512Z", "fetched_at": "2025-07-16T00:23:25.594084+00:00", "symbol": "ADA-USD"}, {"trade_id": 143787716, "side": "sell", "size": "600.09223681", "price": "0.74450000", "time": "2025-07-16T00:21:49.621512Z", "fetched_at": "2025-07-16T00:23:25.594084+00:00", "symbol": "ADA-USD"}, {"trade_id": 143787715, "side": "sell", "size": "594.00000000", "price": "0.74450000", "time": "2025-07-16T00:21:49.621512Z", "fetched_at": "2025-07-16T00:23:25.594084+00:00", "symbol": "ADA-USD"}, {"trade_id": 143787714, "side": "sell", "size": "594.00000000", "price": "0.74440000", "time": "2025-07-16T00:21:49.621512Z", "fetched_at": "2025-07-16T00:23:25.594084+00:00", "symbol": "ADA-USD"}, {"trade_id": 143787713, "side": "sell", "size": "127.44040589", "price": "0.74440000", "time": "2025-07-16T00:21:49.621512Z", "fetched_at": "2025-07-16T00:23:25.594084+00:00", "symbol": "ADA-USD"}, {"trade_id": 143787712, "side": "sell", "size": "231.49164000", "price": "0.74440000", "time": "2025-07-16T00:21:49.621512Z", "fetched_at": "2025-07-16T00:23:25.594084+00:00", "symbol": "ADA-USD"}, {"trade_id": 143787711, "side": "sell", "size": "223.06280000", "price": "0.74440000", "time": "2025-07-16T00:21:49.621512Z", "fetched_at": "2025-07-16T00:23:25.594084+00:00", "symbol": "ADA-USD"}, {"trade_id": 143787710, "side": "sell", "size": "174.16412445", "price": "0.74440000", "time": "2025-07-16T00:21:47.959338Z", "fetched_at": "2025-07-16T00:23:25.594084+00:00", "symbol": "ADA-USD"}, {"trade_id": 143787709, "side": "sell", "size": "30.00504583", "price": "0.74440000", "time": "2025-07-16T00:21:44.611230Z", "fetched_at": "2025-07-16T00:23:25.594084+00:00", "symbol": "ADA-USD"}, {"trade_id": 143787708, "side": "sell", "size": "50.00000000", "price": "0.74440000", "time": "2025-07-16T00:21:44.611230Z", "fetched_at": "2025-07-16T00:23:25.594084+00:00", "symbol": "ADA-USD"}, {"trade_id": 143787707, "side": "sell", "size": "725.30259831", "price": "0.74440000", "time": "2025-07-16T00:21:44.611230Z", "fetched_at": "2025-07-16T00:23:25.594084+00:00", "symbol": "ADA-USD"}, {"trade_id": 143787706, "side": "sell", "size": "223.06280000", "price": "0.74440000", "time": "2025-07-16T00:21:44.611230Z", "fetched_at": "2025-07-16T00:23:25.594084+00:00", "symbol": "ADA-USD"}, {"trade_id": 143787705, "side": "sell", "size": "231.49164000", "price": "0.74440000", "time": "2025-07-16T00:21:44.611230Z", "fetched_at": "2025-07-16T00:23:25.594084+00:00", "symbol": "ADA-USD"}, {"trade_id": 143787704, "side": "sell", "size": "45.18127886", "price": "0.74440000", "time": "2025-07-16T00:21:44.611230Z", "fetched_at": "2025-07-16T00:23:25.594084+00:00", "symbol": "ADA-USD"}, {"trade_id": 143787703, "side": "buy", "size": "0.00000608", "price": "0.74440000", "time": "2025-07-16T00:21:43.645036Z", "fetched_at": "2025-07-16T00:23:25.594084+00:00", "symbol": "ADA-USD"}, {"trade_id": 143787702, "side": "buy", "size": "174.63172000", "price": "0.74440000", "time": "2025-07-16T00:21:43.644726Z", "fetched_at": "2025-07-16T00:23:25.594084+00:00", "symbol": "ADA-USD"}, {"trade_id": 143787701, "side": "buy", "size": "1.50000000", "price": "0.74440000", "time": "2025-07-16T00:21:43.644726Z", "fetched_at": "2025-07-16T00:23:25.594084+00:00", "symbol": "ADA-USD"}, {"trade_id": 143787700, "side": "sell", "size": "168.84209127", "price": "0.74450000", "time": "2025-07-16T00:21:43.150173Z", "fetched_at": "2025-07-16T00:23:25.594084+00:00", "symbol": "ADA-USD"}, {"trade_id": 143787699, "side": "sell", "size": "209.21782000", "price": "0.74450000", "time": "2025-07-16T00:21:43.150173Z", "fetched_at": "2025-07-16T00:23:25.594084+00:00", "symbol": "ADA-USD"}, {"trade_id": 143787698, "side": "sell", "size": "60.24170515", "price": "0.74450000", "time": "2025-07-16T00:21:43.150173Z", "fetched_at": "2025-07-16T00:23:25.594084+00:00", "symbol": "ADA-USD"}, {"trade_id": 143787697, "side": "sell", "size": "130.45831700", "price": "0.74450000", "time": "2025-07-16T00:21:41.514973Z", "fetched_at": "2025-07-16T00:23:25.594084+00:00", "symbol": "ADA-USD"}, {"trade_id": 143787696, "side": "buy", "size": "174.60826984", "price": "0.74450000", "time": "2025-07-16T00:21:39.347688Z", "fetched_at": "2025-07-16T00:23:25.594084+00:00", "symbol": "ADA-USD"}, {"trade_id": 143787695, "side": "buy", "size": "1.50000000", "price": "0.74450000", "time": "2025-07-16T00:21:39.347688Z", "fetched_at": "2025-07-16T00:23:25.594084+00:00", "symbol": "ADA-USD"}, {"trade_id": 143787694, "side": "sell", "size": "26.58431800", "price": "0.74460000", "time": "2025-07-16T00:21:38.045677Z", "fetched_at": "2025-07-16T00:23:25.594084+00:00", "symbol": "ADA-USD"}, {"trade_id": 143787693, "side": "sell", "size": "103.21401849", "price": "0.74460000", "time": "2025-07-16T00:21:36.053522Z", "fetched_at": "2025-07-16T00:23:25.594084+00:00", "symbol": "ADA-USD"}, {"trade_id": 143787692, "side": "sell", "size": "722.96991758", "price": "0.74460000", "time": "2025-07-16T00:21:35.987755Z", "fetched_at": "2025-07-16T00:23:25.594084+00:00", "symbol": "ADA-USD"}, {"trade_id": 143787691, "side": "buy", "size": "1.50000000", "price": "0.74460000", "time": "2025-07-16T00:21:35.313607Z", "fetched_at": "2025-07-16T00:23:25.594084+00:00", "symbol": "ADA-USD"}, {"trade_id": 143787690, "side": "buy", "size": "0.00000625", "price": "0.74470000", "time": "2025-07-16T00:21:35.313607Z", "fetched_at": "2025-07-16T00:23:25.594084+00:00", "symbol": "ADA-USD"}, {"trade_id": 143787689, "side": "buy", "size": "174.56137000", "price": "0.74470000", "time": "2025-07-16T00:21:35.149801Z", "fetched_at": "2025-07-16T00:23:25.594084+00:00", "symbol": "ADA-USD"}, {"trade_id": 143787688, "side": "buy", "size": "1.50000000", "price": "0.74470000", "time": "2025-07-16T00:21:35.149801Z", "fetched_at": "2025-07-16T00:23:25.594084+00:00", "symbol": "ADA-USD"}, {"trade_id": 143787687, "side": "sell", "size": "59.92064024", "price": "0.74480000", "time": "2025-07-16T00:21:33.848665Z", "fetched_at": "2025-07-16T00:23:25.594084+00:00", "symbol": "ADA-USD"}, {"trade_id": 143787686, "side": "sell", "size": "59.92064024", "price": "0.74480000", "time": "2025-07-16T00:21:33.829037Z", "fetched_at": "2025-07-16T00:23:25.594084+00:00", "symbol": "ADA-USD"}, {"trade_id": 143787685, "side": "sell", "size": "7.62288488", "price": "0.74480000", "time": "2025-07-16T00:21:33.777931Z", "fetched_at": "2025-07-16T00:23:25.594084+00:00", "symbol": "ADA-USD"}, {"trade_id": 143787684, "side": "sell", "size": "677.68504045", "price": "0.74480000", "time": "2025-07-16T00:21:33.777931Z", "fetched_at": "2025-07-16T00:23:25.594084+00:00", "symbol": "ADA-USD"}, {"trade_id": 143787683, "side": "sell", "size": "161.64396013", "price": "0.74480000", "time": "2025-07-16T00:21:32.586121Z", "fetched_at": "2025-07-16T00:23:25.594084+00:00", "symbol": "ADA-USD"}, {"trade_id": 143787682, "side": "buy", "size": "0.00000890", "price": "0.74480000", "time": "2025-07-16T00:21:28.327009Z", "fetched_at": "2025-07-16T00:23:25.594084+00:00", "symbol": "ADA-USD"}, {"trade_id": 143787681, "side": "buy", "size": "174.53793000", "price": "0.74480000", "time": "2025-07-16T00:21:28.326943Z", "fetched_at": "2025-07-16T00:23:25.594084+00:00", "symbol": "ADA-USD"}, {"trade_id": 143787680, "side": "sell", "size": "634.22934714", "price": "0.74480000", "time": "2025-07-16T00:21:26.640538Z", "fetched_at": "2025-07-16T00:23:25.594084+00:00", "symbol": "ADA-USD"}, {"trade_id": 143787679, "side": "sell", "size": "174.50264508", "price": "0.74480000", "time": "2025-07-16T00:21:21.325503Z", "fetched_at": "2025-07-16T00:23:25.594084+00:00", "symbol": "ADA-USD"}, {"trade_id": 143787678, "side": "sell", "size": "84.00355647", "price": "0.74480000", "time": "2025-07-16T00:21:16.948420Z", "fetched_at": "2025-07-16T00:23:25.594084+00:00", "symbol": "ADA-USD"}, {"trade_id": 143787677, "side": "sell", "size": "46.52485153", "price": "0.74480000", "time": "2025-07-16T00:21:16.948420Z", "fetched_at": "2025-07-16T00:23:25.594084+00:00", "symbol": "ADA-USD"}, {"trade_id": 143787676, "side": "sell", "size": "33.79742200", "price": "0.74480000", "time": "2025-07-16T00:21:16.237130Z", "fetched_at": "2025-07-16T00:23:25.594084+00:00", "symbol": "ADA-USD"}, {"trade_id": 143787675, "side": "buy", "size": "0.00000890", "price": "0.74480000", "time": "2025-07-16T00:21:16.162968Z", "fetched_at": "2025-07-16T00:23:25.594084+00:00", "symbol": "ADA-USD"}, {"trade_id": 143787674, "side": "buy", "size": "174.53793000", "price": "0.74480000", "time": "2025-07-16T00:21:16.162670Z", "fetched_at": "2025-07-16T00:23:25.594084+00:00", "symbol": "ADA-USD"}, {"trade_id": 143787673, "side": "buy", "size": "500.00000000", "price": "0.74480000", "time": "2025-07-16T00:21:16.147548Z", "fetched_at": "2025-07-16T00:23:25.594084+00:00", "symbol": "ADA-USD"}, {"trade_id": 143787672, "side": "buy", "size": "174.53793890", "price": "0.74480000", "time": "2025-07-16T00:21:16.147548Z", "fetched_at": "2025-07-16T00:23:25.594084+00:00", "symbol": "ADA-USD"}, {"trade_id": 143787671, "side": "sell", "size": "19.89810712", "price": "0.74490000", "time": "2025-07-16T00:21:15.626680Z", "fetched_at": "2025-07-16T00:23:25.594084+00:00", "symbol": "ADA-USD"}, {"trade_id": 143787670, "side": "sell", "size": "633.46734242", "price": "0.74500000", "time": "2025-07-16T00:21:14.453132Z", "fetched_at": "2025-07-16T00:23:25.594084+00:00", "symbol": "ADA-USD"}, {"trade_id": 143787669, "side": "sell", "size": "31.84754900", "price": "0.74500000", "time": "2025-07-16T00:21:13.023568Z", "fetched_at": "2025-07-16T00:23:25.594084+00:00", "symbol": "ADA-USD"}, {"trade_id": 143787668, "side": "sell", "size": "79.39383700", "price": "0.74500000", "time": "2025-07-16T00:21:12.046466Z", "fetched_at": "2025-07-16T00:23:25.594084+00:00", "symbol": "ADA-USD"}, {"trade_id": 143787667, "side": "sell", "size": "1.50000000", "price": "0.74500000", "time": "2025-07-16T00:21:12.046466Z", "fetched_at": "2025-07-16T00:23:25.594084+00:00", "symbol": "ADA-USD"}, {"trade_id": 143787666, "side": "sell", "size": "5.08937145", "price": "0.74490000", "time": "2025-07-16T00:21:11.542709Z", "fetched_at": "2025-07-16T00:23:25.594084+00:00", "symbol": "ADA-USD"}, {"trade_id": 143787665, "side": "sell", "size": "20.37303000", "price": "0.74490000", "time": "2025-07-16T00:21:11.542709Z", "fetched_at": "2025-07-16T00:23:25.594084+00:00", "symbol": "ADA-USD"}, {"trade_id": 143787664, "side": "sell", "size": "270.02569099", "price": "0.74490000", "time": "2025-07-16T00:21:11.533778Z", "fetched_at": "2025-07-16T00:23:25.594084+00:00", "symbol": "ADA-USD"}, {"trade_id": 143787663, "side": "sell", "size": "645.48597508", "price": "0.74490000", "time": "2025-07-16T00:21:11.496745Z", "fetched_at": "2025-07-16T00:23:25.594084+00:00", "symbol": "ADA-USD"}, {"trade_id": 143787662, "side": "sell", "size": "1.50000000", "price": "0.74490000", "time": "2025-07-16T00:21:11.496745Z", "fetched_at": "2025-07-16T00:23:25.594084+00:00", "symbol": "ADA-USD"}, {"trade_id": 143787661, "side": "sell", "size": "24.19102692", "price": "0.74480000", "time": "2025-07-16T00:21:11.359466Z", "fetched_at": "2025-07-16T00:23:25.594084+00:00", "symbol": "ADA-USD"}, {"trade_id": 143787660, "side": "sell", "size": "208.76752898", "price": "0.74480000", "time": "2025-07-16T00:21:06.545269Z", "fetched_at": "2025-07-16T00:23:25.594084+00:00", "symbol": "ADA-USD"}, {"trade_id": 143787659, "side": "sell", "size": "1.50000000", "price": "0.74480000", "time": "2025-07-16T00:21:06.545269Z", "fetched_at": "2025-07-16T00:23:25.594084+00:00", "symbol": "ADA-USD"}, {"trade_id": 143787658, "side": "sell", "size": "174.61991302", "price": "0.74470000", "time": "2025-07-16T00:21:06.476592Z", "fetched_at": "2025-07-16T00:23:25.594084+00:00", "symbol": "ADA-USD"}, {"trade_id": 143787657, "side": "sell", "size": "90.74724880", "price": "0.74470000", "time": "2025-07-16T00:21:06.476592Z", "fetched_at": "2025-07-16T00:23:25.594084+00:00", "symbol": "ADA-USD"}, {"trade_id": 143787656, "side": "sell", "size": "174.61992366", "price": "0.74460000", "time": "2025-07-16T00:21:06.373850Z", "fetched_at": "2025-07-16T00:23:25.594084+00:00", "symbol": "ADA-USD"}, {"trade_id": 143787655, "side": "sell", "size": "594.00000000", "price": "0.74460000", "time": "2025-07-16T00:21:06.373850Z", "fetched_at": "2025-07-16T00:23:25.594084+00:00", "symbol": "ADA-USD"}, {"trade_id": 143787654, "side": "buy", "size": "29.64049225", "price": "0.74440000", "time": "2025-07-16T00:21:02.695688Z", "fetched_at": "2025-07-16T00:23:25.594084+00:00", "symbol": "ADA-USD"}, {"trade_id": 143787653, "side": "buy", "size": "1.50000000", "price": "0.74440000", "time": "2025-07-16T00:21:02.695688Z", "fetched_at": "2025-07-16T00:23:25.594084+00:00", "symbol": "ADA-USD"}, {"trade_id": 143787652, "side": "buy", "size": "73.74121984", "price": "0.74450000", "time": "2025-07-16T00:21:02.270544Z", "fetched_at": "2025-07-16T00:23:25.594084+00:00", "symbol": "ADA-USD"}, {"trade_id": 143787651, "side": "buy", "size": "100.86705000", "price": "0.74450000", "time": "2025-07-16T00:21:02.265174Z", "fetched_at": "2025-07-16T00:23:25.594084+00:00", "symbol": "ADA-USD"}, {"trade_id": 143787650, "side": "buy", "size": "174.58481990", "price": "0.74460000", "time": "2025-07-16T00:21:01.747261Z", "fetched_at": "2025-07-16T00:23:25.594084+00:00", "symbol": "ADA-USD"}, {"trade_id": 143787649, "side": "buy", "size": "500.00000000", "price": "0.74460000", "time": "2025-07-16T00:21:01.747261Z", "fetched_at": "2025-07-16T00:23:25.594084+00:00", "symbol": "ADA-USD"}, {"trade_id": 143787648, "side": "sell", "size": "11.69843421", "price": "0.74470000", "time": "2025-07-16T00:20:57.593217Z", "fetched_at": "2025-07-16T00:23:25.594084+00:00", "symbol": "ADA-USD"}, {"trade_id": 143787647, "side": "sell", "size": "594.00000000", "price": "0.74470000", "time": "2025-07-16T00:20:57.593217Z", "fetched_at": "2025-07-16T00:23:25.594084+00:00", "symbol": "ADA-USD"}, {"trade_id": 143787646, "side": "sell", "size": "160.19885974", "price": "0.74460000", "time": "2025-07-16T00:20:56.645973Z", "fetched_at": "2025-07-16T00:23:25.594084+00:00", "symbol": "ADA-USD"}, {"trade_id": 143787645, "side": "sell", "size": "231.49164000", "price": "0.74460000", "time": "2025-07-16T00:20:56.645973Z", "fetched_at": "2025-07-16T00:23:25.594084+00:00", "symbol": "ADA-USD"}, {"trade_id": 143787644, "side": "sell", "size": "223.48516000", "price": "0.74460000", "time": "2025-07-16T00:20:56.631191Z", "fetched_at": "2025-07-16T00:23:25.594084+00:00", "symbol": "ADA-USD"}, {"trade_id": 143787643, "side": "sell", "size": "172.98464299", "price": "0.74450000", "time": "2025-07-16T00:20:56.336547Z", "fetched_at": "2025-07-16T00:23:25.594084+00:00", "symbol": "ADA-USD"}, {"trade_id": 143787642, "side": "sell", "size": "1.63515500", "price": "0.74450000", "time": "2025-07-16T00:20:55.710262Z", "fetched_at": "2025-07-16T00:23:25.594084+00:00", "symbol": "ADA-USD"}, {"trade_id": 143787641, "side": "buy", "size": "77.23828984", "price": "0.74450000", "time": "2025-07-16T00:20:49.882108Z", "fetched_at": "2025-07-16T00:23:25.594084+00:00", "symbol": "ADA-USD"}, {"trade_id": 143787640, "side": "buy", "size": "97.36998000", "price": "0.74450000", "time": "2025-07-16T00:20:49.878489Z", "fetched_at": "2025-07-16T00:23:25.594084+00:00", "symbol": "ADA-USD"}, {"trade_id": 143787639, "side": "buy", "size": "373.96362991", "price": "0.74450000", "time": "2025-07-16T00:20:49.585592Z", "fetched_at": "2025-07-16T00:23:25.594084+00:00", "symbol": "ADA-USD"}, {"trade_id": 143787638, "side": "buy", "size": "174.58481990", "price": "0.74460000", "time": "2025-07-16T00:20:49.585592Z", "fetched_at": "2025-07-16T00:23:25.594084+00:00", "symbol": "ADA-USD"}, {"trade_id": 143787637, "side": "buy", "size": "18.16405519", "price": "0.74460000", "time": "2025-07-16T00:20:49.585592Z", "fetched_at": "2025-07-16T00:23:25.594084+00:00", "symbol": "ADA-USD"}, {"trade_id": 143787636, "side": "sell", "size": "699.06608691", "price": "0.74470000", "time": "2025-07-16T00:20:47.613523Z", "fetched_at": "2025-07-16T00:23:25.594084+00:00", "symbol": "ADA-USD"}, {"trade_id": 143787635, "side": "sell", "size": "24.73670600", "price": "0.74480000", "time": "2025-07-16T00:20:44.465228Z", "fetched_at": "2025-07-16T00:23:25.594084+00:00", "symbol": "ADA-USD"}, {"trade_id": 143787634, "side": "sell", "size": "1.50000000", "price": "0.74480000", "time": "2025-07-16T00:20:44.465228Z", "fetched_at": "2025-07-16T00:23:25.594084+00:00", "symbol": "ADA-USD"}, {"trade_id": 143787633, "side": "sell", "size": "1.50000000", "price": "0.74470000", "time": "2025-07-16T00:20:44.107381Z", "fetched_at": "2025-07-16T00:23:25.594084+00:00", "symbol": "ADA-USD"}, {"trade_id": 143787632, "side": "sell", "size": "2.48860543", "price": "0.74460000", "time": "2025-07-16T00:20:43.580679Z", "fetched_at": "2025-07-16T00:23:25.594084+00:00", "symbol": "ADA-USD"}, {"trade_id": 143787631, "side": "buy", "size": "2.62132000", "price": "0.74450000", "time": "2025-07-16T00:20:42.844491Z", "fetched_at": "2025-07-16T00:23:25.594084+00:00", "symbol": "ADA-USD"}, {"trade_id": 143787630, "side": "sell", "size": "1.50000000", "price": "0.74460000", "time": "2025-07-16T00:20:42.462095Z", "fetched_at": "2025-07-16T00:23:25.594084+00:00", "symbol": "ADA-USD"}, {"trade_id": 143787629, "side": "sell", "size": "320.53340586", "price": "0.74450000", "time": "2025-07-16T00:20:42.281011Z", "fetched_at": "2025-07-16T00:23:25.594084+00:00", "symbol": "ADA-USD"}, {"trade_id": 143787628, "side": "sell", "size": "223.48516000", "price": "0.74440000", "time": "2025-07-16T00:20:42.241820Z", "fetched_at": "2025-07-16T00:23:25.594084+00:00", "symbol": "ADA-USD"}, {"trade_id": 143787627, "side": "sell", "size": "223.48516000", "price": "0.74440000", "time": "2025-07-16T00:20:42.139447Z", "fetched_at": "2025-07-16T00:23:25.594084+00:00", "symbol": "ADA-USD"}, {"trade_id": 143787626, "side": "sell", "size": "223.48516000", "price": "0.74440000", "time": "2025-07-16T00:20:40.370885Z", "fetched_at": "2025-07-16T00:23:25.594084+00:00", "symbol": "ADA-USD"}, {"trade_id": 143787625, "side": "sell", "size": "133.33624395", "price": "0.74440000", "time": "2025-07-16T00:20:36.051833Z", "fetched_at": "2025-07-16T00:23:25.594084+00:00", "symbol": "ADA-USD"}, {"trade_id": 143787624, "side": "sell", "size": "1.32957300", "price": "0.74450000", "time": "2025-07-16T00:20:33.986045Z", "fetched_at": "2025-07-16T00:23:25.594084+00:00", "symbol": "ADA-USD"}, {"trade_id": 143787623, "side": "sell", "size": "1.01380400", "price": "0.74440000", "time": "2025-07-16T00:20:32.616570Z", "fetched_at": "2025-07-16T00:23:25.594084+00:00", "symbol": "ADA-USD"}, {"trade_id": 143787622, "side": "sell", "size": "3.98871900", "price": "0.74440000", "time": "2025-07-16T00:20:32.365957Z", "fetched_at": "2025-07-16T00:23:25.594084+00:00", "symbol": "ADA-USD"}, {"trade_id": 143787621, "side": "sell", "size": "199.49032300", "price": "0.74460000", "time": "2025-07-16T00:20:29.924636Z", "fetched_at": "2025-07-16T00:23:25.594084+00:00", "symbol": "ADA-USD"}, {"trade_id": 143787620, "side": "sell", "size": "37.63805800", "price": "0.74460000", "time": "2025-07-16T00:20:29.106637Z", "fetched_at": "2025-07-16T00:23:25.594084+00:00", "symbol": "ADA-USD"}, {"trade_id": 143787619, "side": "sell", "size": "223.48516000", "price": "0.74460000", "time": "2025-07-16T00:20:29.106637Z", "fetched_at": "2025-07-16T00:23:25.594084+00:00", "symbol": "ADA-USD"}, {"trade_id": 143787618, "side": "sell", "size": "594.00000000", "price": "0.74450000", "time": "2025-07-16T00:20:29.100550Z", "fetched_at": "2025-07-16T00:23:25.594084+00:00", "symbol": "ADA-USD"}, {"trade_id": 143787617, "side": "sell", "size": "223.48516000", "price": "0.74460000", "time": "2025-07-16T00:20:28.757413Z", "fetched_at": "2025-07-16T00:23:25.594084+00:00", "symbol": "ADA-USD"}, {"trade_id": 143787616, "side": "sell", "size": "526.27195415", "price": "0.74460000", "time": "2025-07-16T00:20:28.577205Z", "fetched_at": "2025-07-16T00:23:25.594084+00:00", "symbol": "ADA-USD"}, {"trade_id": 143787615, "side": "sell", "size": "1.50000000", "price": "0.74460000", "time": "2025-07-16T00:20:28.577205Z", "fetched_at": "2025-07-16T00:23:25.594084+00:00", "symbol": "ADA-USD"}, {"trade_id": 143787614, "side": "sell", "size": "1.50000000", "price": "0.74450000", "time": "2025-07-16T00:20:27.925704Z", "fetched_at": "2025-07-16T00:23:25.594084+00:00", "symbol": "ADA-USD"}, {"trade_id": 143787613, "side": "sell", "size": "197.19770338", "price": "0.74450000", "time": "2025-07-16T00:20:27.925704Z", "fetched_at": "2025-07-16T00:23:25.594084+00:00", "symbol": "ADA-USD"}, {"trade_id": 143787612, "side": "sell", "size": "1.50000000", "price": "0.74440000", "time": "2025-07-16T00:20:27.489436Z", "fetched_at": "2025-07-16T00:23:25.594084+00:00", "symbol": "ADA-USD"}, {"trade_id": 143787611, "side": "sell", "size": "1.50000000", "price": "0.74430000", "time": "2025-07-16T00:20:26.362983Z", "fetched_at": "2025-07-16T00:23:25.594084+00:00", "symbol": "ADA-USD"}, {"trade_id": 143787610, "side": "sell", "size": "980.11448174", "price": "0.74420000", "time": "2025-07-16T00:20:26.234887Z", "fetched_at": "2025-07-16T00:23:25.594084+00:00", "symbol": "ADA-USD"}, {"trade_id": 143787609, "side": "sell", "size": "32.63346200", "price": "0.74420000", "time": "2025-07-16T00:20:25.722428Z", "fetched_at": "2025-07-16T00:23:25.594084+00:00", "symbol": "ADA-USD"}, {"trade_id": 143787608, "side": "sell", "size": "2.37872567", "price": "0.74410000", "time": "2025-07-16T00:20:24.393014Z", "fetched_at": "2025-07-16T00:23:25.594084+00:00", "symbol": "ADA-USD"}, {"trade_id": 143787607, "side": "sell", "size": "15.58379887", "price": "0.74400000", "time": "2025-07-16T00:20:24.084259Z", "fetched_at": "2025-07-16T00:23:25.594084+00:00", "symbol": "ADA-USD"}, {"trade_id": 143787606, "side": "sell", "size": "223.48516000", "price": "0.74390000", "time": "2025-07-16T00:20:23.357774Z", "fetched_at": "2025-07-16T00:23:25.594084+00:00", "symbol": "ADA-USD"}, {"trade_id": 143787605, "side": "sell", "size": "334.59420000", "price": "0.74390000", "time": "2025-07-16T00:20:23.319660Z", "fetched_at": "2025-07-16T00:23:25.594084+00:00", "symbol": "ADA-USD"}, {"trade_id": 143787604, "side": "sell", "size": "98.72239683", "price": "0.74390000", "time": "2025-07-16T00:20:19.973799Z", "fetched_at": "2025-07-16T00:23:25.594084+00:00", "symbol": "ADA-USD"}, {"trade_id": 143787603, "side": "sell", "size": "75.75813454", "price": "0.74390000", "time": "2025-07-16T00:20:19.662868Z", "fetched_at": "2025-07-16T00:23:25.594084+00:00", "symbol": "ADA-USD"}, {"trade_id": 143787602, "side": "sell", "size": "223.48516000", "price": "0.74390000", "time": "2025-07-16T00:20:19.662868Z", "fetched_at": "2025-07-16T00:23:25.594084+00:00", "symbol": "ADA-USD"}, {"trade_id": 143787601, "side": "buy", "size": "33.65629098", "price": "0.74380000", "time": "2025-07-16T00:20:19.654154Z", "fetched_at": "2025-07-16T00:23:25.594084+00:00", "symbol": "ADA-USD"}, {"trade_id": 143787600, "side": "buy", "size": "1.50000000", "price": "0.74380000", "time": "2025-07-16T00:20:19.654154Z", "fetched_at": "2025-07-16T00:23:25.594084+00:00", "symbol": "ADA-USD"}, {"trade_id": 143787599, "side": "buy", "size": "1.50000000", "price": "0.74390000", "time": "2025-07-16T00:20:19.654154Z", "fetched_at": "2025-07-16T00:23:25.594084+00:00", "symbol": "ADA-USD"}, {"trade_id": 143787598, "side": "buy", "size": "1.50000000", "price": "0.74400000", "time": "2025-07-16T00:20:16.758252Z", "fetched_at": "2025-07-16T00:23:25.594084+00:00", "symbol": "ADA-USD"}, {"trade_id": 143787597, "side": "buy", "size": "1.50000000", "price": "0.74410000", "time": "2025-07-16T00:20:15.445106Z", "fetched_at": "2025-07-16T00:23:25.594084+00:00", "symbol": "ADA-USD"}, {"trade_id": 143787596, "side": "sell", "size": "2.32612800", "price": "0.74420000", "time": "2025-07-16T00:20:13.168796Z", "fetched_at": "2025-07-16T00:23:25.594084+00:00", "symbol": "ADA-USD"}, {"trade_id": 143787595, "side": "sell", "size": "174.64340132", "price": "0.74420000", "time": "2025-07-16T00:20:11.590104Z", "fetched_at": "2025-07-16T00:23:25.594084+00:00", "symbol": "ADA-USD"}, {"trade_id": 143787594, "side": "sell", "size": "174.64326547", "price": "0.74420000", "time": "2025-07-16T00:20:11.532031Z", "fetched_at": "2025-07-16T00:23:25.594084+00:00", "symbol": "ADA-USD"}, {"trade_id": 143787593, "side": "buy", "size": "14.50526689", "price": "0.74420000", "time": "2025-07-16T00:20:10.982962Z", "fetched_at": "2025-07-16T00:23:25.594084+00:00", "symbol": "ADA-USD"}, {"trade_id": 143787592, "side": "buy", "size": "1.50000000", "price": "0.74420000", "time": "2025-07-16T00:20:10.982962Z", "fetched_at": "2025-07-16T00:23:25.594084+00:00", "symbol": "ADA-USD"}, {"trade_id": 143787591, "side": "buy", "size": "1.50000000", "price": "0.74430000", "time": "2025-07-16T00:20:10.955991Z", "fetched_at": "2025-07-16T00:23:25.594084+00:00", "symbol": "ADA-USD"}, {"trade_id": 143787590, "side": "sell", "size": "33.22593600", "price": "0.74440000", "time": "2025-07-16T00:20:10.544950Z", "fetched_at": "2025-07-16T00:23:25.594084+00:00", "symbol": "ADA-USD"}, {"trade_id": 143787589, "side": "sell", "size": "6.31292800", "price": "0.74440000", "time": "2025-07-16T00:20:09.963324Z", "fetched_at": "2025-07-16T00:23:25.594084+00:00", "symbol": "ADA-USD"}, {"trade_id": 143787588, "side": "buy", "size": "18.53763119", "price": "0.74440000", "time": "2025-07-16T00:20:09.609588Z", "fetched_at": "2025-07-16T00:23:25.594084+00:00", "symbol": "ADA-USD"}, {"trade_id": 143787587, "side": "buy", "size": "1.50000000", "price": "0.74440000", "time": "2025-07-16T00:20:09.609588Z", "fetched_at": "2025-07-16T00:23:25.594084+00:00", "symbol": "ADA-USD"}, {"trade_id": 143787586, "side": "buy", "size": "30.38030717", "price": "0.74450000", "time": "2025-07-16T00:20:07.574827Z", "fetched_at": "2025-07-16T00:23:25.594084+00:00", "symbol": "ADA-USD"}, {"trade_id": 143787585, "side": "buy", "size": "75.78156400", "price": "0.74450000", "time": "2025-07-16T00:20:04.530422Z", "fetched_at": "2025-07-16T00:23:25.594084+00:00", "symbol": "ADA-USD"}, {"trade_id": 143787584, "side": "buy", "size": "35.10991642", "price": "0.74460000", "time": "2025-07-16T00:20:02.998245Z", "fetched_at": "2025-07-16T00:23:25.594084+00:00", "symbol": "ADA-USD"}, {"trade_id": 143787583, "side": "buy", "size": "1900.20388048", "price": "0.74450000", "time": "2025-07-16T00:20:02.055726Z", "fetched_at": "2025-07-16T00:23:25.594084+00:00", "symbol": "ADA-USD"}, {"trade_id": 143787582, "side": "buy", "size": "4987.60000000", "price": "0.74450000", "time": "2025-07-16T00:20:02.055726Z", "fetched_at": "2025-07-16T00:23:25.594084+00:00", "symbol": "ADA-USD"}, {"trade_id": 143787581, "side": "buy", "size": "1.50000000", "price": "0.74450000", "time": "2025-07-16T00:20:02.055726Z", "fetched_at": "2025-07-16T00:23:25.594084+00:00", "symbol": "ADA-USD"}, {"trade_id": 143787580, "side": "buy", "size": "671.44547840", "price": "0.74460000", "time": "2025-07-16T00:20:02.055726Z", "fetched_at": "2025-07-16T00:23:25.594084+00:00", "symbol": "ADA-USD"}, {"trade_id": 143787579, "side": "buy", "size": "50.00000000", "price": "0.74460000", "time": "2025-07-16T00:20:02.055726Z", "fetched_at": "2025-07-16T00:23:25.594084+00:00", "symbol": "ADA-USD"}, {"trade_id": 143787578, "side": "buy", "size": "275.69095044", "price": "0.74460000", "time": "2025-07-16T00:20:02.055726Z", "fetched_at": "2025-07-16T00:23:25.594084+00:00", "symbol": "ADA-USD"}, {"trade_id": 143787577, "side": "buy", "size": "85.45879068", "price": "0.74460000", "time": "2025-07-16T00:20:02.055726Z", "fetched_at": "2025-07-16T00:23:25.594084+00:00", "symbol": "ADA-USD"}, {"trade_id": 143787576, "side": "buy", "size": "500.00000000", "price": "0.74460000", "time": "2025-07-16T00:20:02.055726Z", "fetched_at": "2025-07-16T00:23:25.594084+00:00", "symbol": "ADA-USD"}, {"trade_id": 143787575, "side": "buy", "size": "1.50000000", "price": "0.74460000", "time": "2025-07-16T00:20:02.055726Z", "fetched_at": "2025-07-16T00:23:25.594084+00:00", "symbol": "ADA-USD"}, {"trade_id": 143787574, "side": "sell", "size": "174.52620884", "price": "0.74470000", "time": "2025-07-16T00:20:01.864168Z", "fetched_at": "2025-07-16T00:23:25.594084+00:00", "symbol": "ADA-USD"}, {"trade_id": 143787573, "side": "sell", "size": "231.49164000", "price": "0.74470000", "time": "2025-07-16T00:20:01.864168Z", "fetched_at": "2025-07-16T00:23:25.594084+00:00", "symbol": "ADA-USD"}, {"trade_id": 143787572, "side": "buy", "size": "1.50000000", "price": "0.74470000", "time": "2025-07-16T00:20:01.582539Z", "fetched_at": "2025-07-16T00:23:25.594084+00:00", "symbol": "ADA-USD"}, {"trade_id": 143787571, "side": "buy", "size": "1.50000000", "price": "0.74480000", "time": "2025-07-16T00:20:00.894683Z", "fetched_at": "2025-07-16T00:23:25.594084+00:00", "symbol": "ADA-USD"}, {"trade_id": 143787570, "side": "buy", "size": "0.00000134", "price": "0.74490000", "time": "2025-07-16T00:19:56.280614Z", "fetched_at": "2025-07-16T00:23:25.594084+00:00", "symbol": "ADA-USD"}, {"trade_id": 143787569, "side": "buy", "size": "82.40778000", "price": "0.74490000", "time": "2025-07-16T00:19:56.278755Z", "fetched_at": "2025-07-16T00:23:25.594084+00:00", "symbol": "ADA-USD"}, {"trade_id": 143787568, "side": "buy", "size": "82.50869000", "price": "0.74490000", "time": "2025-07-16T00:19:56.256823Z", "fetched_at": "2025-07-16T00:23:25.594084+00:00", "symbol": "ADA-USD"}, {"trade_id": 143787567, "side": "buy", "size": "83.16729700", "price": "0.74490000", "time": "2025-07-16T00:19:55.295575Z", "fetched_at": "2025-07-16T00:23:25.594084+00:00", "symbol": "ADA-USD"}, {"trade_id": 143787566, "side": "buy", "size": "49.36607200", "price": "0.74490000", "time": "2025-07-16T00:19:55.295575Z", "fetched_at": "2025-07-16T00:23:25.594084+00:00", "symbol": "ADA-USD"}, {"trade_id": 143787565, "side": "buy", "size": "1.50000000", "price": "0.74490000", "time": "2025-07-16T00:19:55.295575Z", "fetched_at": "2025-07-16T00:23:25.594084+00:00", "symbol": "ADA-USD"}, {"trade_id": 143787564, "side": "buy", "size": "1.50000000", "price": "0.74500000", "time": "2025-07-16T00:19:55.295575Z", "fetched_at": "2025-07-16T00:23:25.594084+00:00", "symbol": "ADA-USD"}, {"trade_id": 143787563, "side": "buy", "size": "1.50000000", "price": "0.74510000", "time": "2025-07-16T00:19:54.457368Z", "fetched_at": "2025-07-16T00:23:25.594084+00:00", "symbol": "ADA-USD"}, {"trade_id": 143787562, "side": "buy", "size": "174.44425241", "price": "0.74520000", "time": "2025-07-16T00:19:53.203250Z", "fetched_at": "2025-07-16T00:23:25.594084+00:00", "symbol": "ADA-USD"}, {"trade_id": 143787561, "side": "buy", "size": "1.50000000", "price": "0.74520000", "time": "2025-07-16T00:19:53.203250Z", "fetched_at": "2025-07-16T00:23:25.594084+00:00", "symbol": "ADA-USD"}, {"trade_id": 143787560, "side": "buy", "size": "4.87311381", "price": "0.74550000", "time": "2025-07-16T00:19:42.154698Z", "fetched_at": "2025-07-16T00:23:25.594084+00:00", "symbol": "ADA-USD"}, {"trade_id": 143787559, "side": "buy", "size": "8.66331343", "price": "0.74530000", "time": "2025-07-16T00:19:41.709711Z", "fetched_at": "2025-07-16T00:23:25.594084+00:00", "symbol": "ADA-USD"}, {"trade_id": 143787558, "side": "sell", "size": "621.52460808", "price": "0.74530000", "time": "2025-07-16T00:19:40.182132Z", "fetched_at": "2025-07-16T00:23:25.594084+00:00", "symbol": "ADA-USD"}, {"trade_id": 143787557, "side": "sell", "size": "7.06754085", "price": "0.74520000", "time": "2025-07-16T00:19:40.019326Z", "fetched_at": "2025-07-16T00:23:25.594084+00:00", "symbol": "ADA-USD"}, {"trade_id": 143787556, "side": "sell", "size": "10.63982823", "price": "0.74520000", "time": "2025-07-16T00:19:34.862144Z", "fetched_at": "2025-07-16T00:23:25.594084+00:00", "symbol": "ADA-USD"}, {"trade_id": 143787555, "side": "buy", "size": "1.50000000", "price": "0.74520000", "time": "2025-07-16T00:19:33.948572Z", "fetched_at": "2025-07-16T00:23:25.594084+00:00", "symbol": "ADA-USD"}, {"trade_id": 143787554, "side": "sell", "size": "1.50000000", "price": "0.74540000", "time": "2025-07-16T00:19:30.551496Z", "fetched_at": "2025-07-16T00:23:25.594084+00:00", "symbol": "ADA-USD"}, {"trade_id": 143787553, "side": "sell", "size": "31.41776070", "price": "0.74520000", "time": "2025-07-16T00:19:25.576965Z", "fetched_at": "2025-07-16T00:23:25.594084+00:00", "symbol": "ADA-USD"}, {"trade_id": 143787552, "side": "sell", "size": "19.53196600", "price": "0.74520000", "time": "2025-07-16T00:19:22.843824Z", "fetched_at": "2025-07-16T00:23:25.594084+00:00", "symbol": "ADA-USD"}, {"trade_id": 143787551, "side": "sell", "size": "12.14664649", "price": "0.74530000", "time": "2025-07-16T00:19:17.438626Z", "fetched_at": "2025-07-16T00:23:25.594084+00:00", "symbol": "ADA-USD"}, {"trade_id": 143787550, "side": "sell", "size": "125.13404740", "price": "0.74530000", "time": "2025-07-16T00:19:16.000168Z", "fetched_at": "2025-07-16T00:23:25.594084+00:00", "symbol": "ADA-USD"}, {"trade_id": 143787549, "side": "buy", "size": "99.50421600", "price": "0.74510000", "time": "2025-07-16T00:19:15.909325Z", "fetched_at": "2025-07-16T00:23:25.594084+00:00", "symbol": "ADA-USD"}, {"trade_id": 143787548, "side": "buy", "size": "1.50000000", "price": "0.74510000", "time": "2025-07-16T00:19:15.909325Z", "fetched_at": "2025-07-16T00:23:25.594084+00:00", "symbol": "ADA-USD"}, {"trade_id": 143787547, "side": "buy", "size": "4.38927480", "price": "0.74520000", "time": "2025-07-16T00:19:15.802210Z", "fetched_at": "2025-07-16T00:23:25.594084+00:00", "symbol": "ADA-USD"}, {"trade_id": 143787546, "side": "sell", "size": "1.75131349", "price": "0.74520000", "time": "2025-07-16T00:19:15.635951Z", "fetched_at": "2025-07-16T00:23:25.594084+00:00", "symbol": "ADA-USD"}, {"trade_id": 143787545, "side": "sell", "size": "174.40911925", "price": "0.74520000", "time": "2025-07-16T00:19:15.635951Z", "fetched_at": "2025-07-16T00:23:25.594084+00:00", "symbol": "ADA-USD"}, {"trade_id": 143787544, "side": "sell", "size": "33.29817498", "price": "0.74520000", "time": "2025-07-16T00:19:12.160786Z", "fetched_at": "2025-07-16T00:23:25.594084+00:00", "symbol": "ADA-USD"}, {"trade_id": 143787543, "side": "sell", "size": "1.32690000", "price": "0.74520000", "time": "2025-07-16T00:19:12.032992Z", "fetched_at": "2025-07-16T00:23:25.594084+00:00", "symbol": "ADA-USD"}, {"trade_id": 143787542, "side": "buy", "size": "1.50000000", "price": "0.74520000", "time": "2025-07-16T00:19:11.996496Z", "fetched_at": "2025-07-16T00:23:25.594084+00:00", "symbol": "ADA-USD"}, {"trade_id": 143787541, "side": "sell", "size": "66.34499400", "price": "0.74530000", "time": "2025-07-16T00:19:11.990749Z", "fetched_at": "2025-07-16T00:23:25.594084+00:00", "symbol": "ADA-USD"}, {"trade_id": 143787540, "side": "buy", "size": "1.50000000", "price": "0.74530000", "time": "2025-07-16T00:19:11.802961Z", "fetched_at": "2025-07-16T00:23:25.594084+00:00", "symbol": "ADA-USD"}, {"trade_id": 143787539, "side": "sell", "size": "100.00000000", "price": "0.74540000", "time": "2025-07-16T00:19:11.024678Z", "fetched_at": "2025-07-16T00:23:25.594084+00:00", "symbol": "ADA-USD"}, {"trade_id": 143787538, "side": "sell", "size": "6.63805800", "price": "0.74540000", "time": "2025-07-16T00:19:10.790683Z", "fetched_at": "2025-07-16T00:23:25.594084+00:00", "symbol": "ADA-USD"}, {"trade_id": 143787537, "side": "buy", "size": "36.54921687", "price": "0.74540000", "time": "2025-07-16T00:19:10.788469Z", "fetched_at": "2025-07-16T00:23:25.594084+00:00", "symbol": "ADA-USD"}, {"trade_id": 143787536, "side": "buy", "size": "137.84823000", "price": "0.74540000", "time": "2025-07-16T00:19:10.786325Z", "fetched_at": "2025-07-16T00:23:25.594084+00:00", "symbol": "ADA-USD"}, {"trade_id": 143787535, "side": "buy", "size": "1.50000000", "price": "0.74540000", "time": "2025-07-16T00:19:10.786325Z", "fetched_at": "2025-07-16T00:23:25.594084+00:00", "symbol": "ADA-USD"}, {"trade_id": 143787534, "side": "sell", "size": "1.32690000", "price": "0.74550000", "time": "2025-07-16T00:19:10.173843Z", "fetched_at": "2025-07-16T00:23:25.594084+00:00", "symbol": "ADA-USD"}, {"trade_id": 143787533, "side": "buy", "size": "1.50000000", "price": "0.74550000", "time": "2025-07-16T00:19:08.791773Z", "fetched_at": "2025-07-16T00:23:25.594084+00:00", "symbol": "ADA-USD"}, {"trade_id": 143787532, "side": "sell", "size": "6.63538900", "price": "0.74560000", "time": "2025-07-16T00:19:08.118112Z", "fetched_at": "2025-07-16T00:23:25.594084+00:00", "symbol": "ADA-USD"}, {"trade_id": 143787531, "side": "sell", "size": "39.81233200", "price": "0.74560000", "time": "2025-07-16T00:19:08.056950Z", "fetched_at": "2025-07-16T00:23:25.594084+00:00", "symbol": "ADA-USD"}, {"trade_id": 143787530, "side": "buy", "size": "1.50000000", "price": "0.74560000", "time": "2025-07-16T00:19:03.124826Z", "fetched_at": "2025-07-16T00:23:25.594084+00:00", "symbol": "ADA-USD"}, {"trade_id": 143787529, "side": "buy", "size": "1.50000000", "price": "0.74570000", "time": "2025-07-16T00:19:02.817479Z", "fetched_at": "2025-07-16T00:23:25.594084+00:00", "symbol": "ADA-USD"}, {"trade_id": 143787528, "side": "buy", "size": "494.73038649", "price": "0.74580000", "time": "2025-07-16T00:19:02.413295Z", "fetched_at": "2025-07-16T00:23:25.594084+00:00", "symbol": "ADA-USD"}, {"trade_id": 143787527, "side": "buy", "size": "1.50000000", "price": "0.74580000", "time": "2025-07-16T00:19:02.413295Z", "fetched_at": "2025-07-16T00:23:25.594084+00:00", "symbol": "ADA-USD"}, {"trade_id": 143787526, "side": "buy", "size": "174.28054283", "price": "0.74590000", "time": "2025-07-16T00:19:02.413295Z", "fetched_at": "2025-07-16T00:23:25.594084+00:00", "symbol": "ADA-USD"}, {"trade_id": 143787525, "side": "sell", "size": "19.00929916", "price": "0.74610000", "time": "2025-07-16T00:19:01.549431Z", "fetched_at": "2025-07-16T00:23:25.594084+00:00", "symbol": "ADA-USD"}, {"trade_id": 143787524, "side": "sell", "size": "1.50000000", "price": "0.74610000", "time": "2025-07-16T00:19:01.549431Z", "fetched_at": "2025-07-16T00:23:25.594084+00:00", "symbol": "ADA-USD"}, {"trade_id": 143787523, "side": "sell", "size": "12.66319784", "price": "0.74610000", "time": "2025-07-16T00:19:01.549431Z", "fetched_at": "2025-07-16T00:23:25.594084+00:00", "symbol": "ADA-USD"}, {"trade_id": 143787522, "side": "sell", "size": "12.83048587", "price": "0.74600000", "time": "2025-07-16T00:19:01.049454Z", "fetched_at": "2025-07-16T00:23:25.594084+00:00", "symbol": "ADA-USD"}, {"trade_id": 143787521, "side": "sell", "size": "15.43282513", "price": "0.74600000", "time": "2025-07-16T00:19:01.049454Z", "fetched_at": "2025-07-16T00:23:25.594084+00:00", "symbol": "ADA-USD"}, {"trade_id": 143787520, "side": "buy", "size": "1.89482470", "price": "0.74590000", "time": "2025-07-16T00:18:57.242133Z", "fetched_at": "2025-07-16T00:23:25.594084+00:00", "symbol": "ADA-USD"}, {"trade_id": 143787519, "side": "buy", "size": "17.28430730", "price": "0.74600000", "time": "2025-07-16T00:18:57.242133Z", "fetched_at": "2025-07-16T00:23:25.594084+00:00", "symbol": "ADA-USD"}, {"trade_id": 143787518, "side": "sell", "size": "530.73332032", "price": "0.74600000", "time": "2025-07-16T00:18:56.145789Z", "fetched_at": "2025-07-16T00:23:25.594084+00:00", "symbol": "ADA-USD"}, {"trade_id": 143787517, "side": "sell", "size": "464.86037910", "price": "0.74600000", "time": "2025-07-16T00:18:55.954485Z", "fetched_at": "2025-07-16T00:23:25.594084+00:00", "symbol": "ADA-USD"}, {"trade_id": 143787516, "side": "sell", "size": "688.57870641", "price": "0.74600000", "time": "2025-07-16T00:18:55.885149Z", "fetched_at": "2025-07-16T00:23:25.594084+00:00", "symbol": "ADA-USD"}, {"trade_id": 143787515, "side": "sell", "size": "236.08528396", "price": "0.74600000", "time": "2025-07-16T00:18:55.513522Z", "fetched_at": "2025-07-16T00:23:25.594084+00:00", "symbol": "ADA-USD"}, {"trade_id": 143787514, "side": "sell", "size": "129.89675840", "price": "0.74600000", "time": "2025-07-16T00:18:55.478246Z", "fetched_at": "2025-07-16T00:23:25.594084+00:00", "symbol": "ADA-USD"}, {"trade_id": 143787513, "side": "sell", "size": "149.69031573", "price": "0.74600000", "time": "2025-07-16T00:18:55.457574Z", "fetched_at": "2025-07-16T00:23:25.594084+00:00", "symbol": "ADA-USD"}, {"trade_id": 143787512, "side": "sell", "size": "131.54298602", "price": "0.74600000", "time": "2025-07-16T00:18:55.443705Z", "fetched_at": "2025-07-16T00:23:25.594084+00:00", "symbol": "ADA-USD"}, {"trade_id": 143787511, "side": "sell", "size": "42.37444689", "price": "0.74600000", "time": "2025-07-16T00:18:55.423870Z", "fetched_at": "2025-07-16T00:23:25.594084+00:00", "symbol": "ADA-USD"}, {"trade_id": 143787510, "side": "sell", "size": "1043.58320180", "price": "0.74600000", "time": "2025-07-16T00:18:55.401156Z", "fetched_at": "2025-07-16T00:23:25.594084+00:00", "symbol": "ADA-USD"}, {"trade_id": 143787509, "side": "sell", "size": "447.75519981", "price": "0.74600000", "time": "2025-07-16T00:18:50.224530Z", "fetched_at": "2025-07-16T00:23:25.594084+00:00", "symbol": "ADA-USD"}, {"trade_id": 143787508, "side": "sell", "size": "130.46652676", "price": "0.74600000", "time": "2025-07-16T00:18:50.159620Z", "fetched_at": "2025-07-16T00:23:25.594084+00:00", "symbol": "ADA-USD"}, {"trade_id": 143787507, "side": "sell", "size": "343.03074579", "price": "0.74600000", "time": "2025-07-16T00:18:50.123765Z", "fetched_at": "2025-07-16T00:23:25.594084+00:00", "symbol": "ADA-USD"}, {"trade_id": 143787506, "side": "sell", "size": "202.15570480", "price": "0.74600000", "time": "2025-07-16T00:18:50.072480Z", "fetched_at": "2025-07-16T00:23:25.594084+00:00", "symbol": "ADA-USD"}, {"trade_id": 143787505, "side": "sell", "size": "137.53465958", "price": "0.74600000", "time": "2025-07-16T00:18:50.038488Z", "fetched_at": "2025-07-16T00:23:25.594084+00:00", "symbol": "ADA-USD"}, {"trade_id": 143787504, "side": "sell", "size": "295.23997777", "price": "0.74600000", "time": "2025-07-16T00:18:50.018743Z", "fetched_at": "2025-07-16T00:23:25.594084+00:00", "symbol": "ADA-USD"}, {"trade_id": 143787503, "side": "sell", "size": "267.75942477", "price": "0.74600000", "time": "2025-07-16T00:18:49.973968Z", "fetched_at": "2025-07-16T00:23:25.594084+00:00", "symbol": "ADA-USD"}, {"trade_id": 143787502, "side": "sell", "size": "257.30005153", "price": "0.74600000", "time": "2025-07-16T00:18:49.941950Z", "fetched_at": "2025-07-16T00:23:25.594084+00:00", "symbol": "ADA-USD"}, {"trade_id": 143787501, "side": "sell", "size": "363.09511752", "price": "0.74600000", "time": "2025-07-16T00:18:49.921935Z", "fetched_at": "2025-07-16T00:23:25.594084+00:00", "symbol": "ADA-USD"}, {"trade_id": 143787500, "side": "sell", "size": "134.12732954", "price": "0.74600000", "time": "2025-07-16T00:18:49.868159Z", "fetched_at": "2025-07-16T00:23:25.594084+00:00", "symbol": "ADA-USD"}, {"trade_id": 143787499, "side": "sell", "size": "520.68155356", "price": "0.74600000", "time": "2025-07-16T00:18:49.848012Z", "fetched_at": "2025-07-16T00:23:25.594084+00:00", "symbol": "ADA-USD"}, {"trade_id": 143787498, "side": "sell", "size": "189.21609417", "price": "0.74600000", "time": "2025-07-16T00:18:49.762658Z", "fetched_at": "2025-07-16T00:23:25.594084+00:00", "symbol": "ADA-USD"}, {"trade_id": 143787497, "side": "sell", "size": "128.92375760", "price": "0.74600000", "time": "2025-07-16T00:18:49.734534Z", "fetched_at": "2025-07-16T00:23:25.594084+00:00", "symbol": "ADA-USD"}, {"trade_id": 143787496, "side": "sell", "size": "211.91379803", "price": "0.74600000", "time": "2025-07-16T00:18:49.716183Z", "fetched_at": "2025-07-16T00:23:25.594084+00:00", "symbol": "ADA-USD"}, {"trade_id": 143787495, "side": "sell", "size": "96.42623904", "price": "0.74600000", "time": "2025-07-16T00:18:49.637045Z", "fetched_at": "2025-07-16T00:23:25.594084+00:00", "symbol": "ADA-USD"}, {"trade_id": 143787494, "side": "sell", "size": "97.41801651", "price": "0.74600000", "time": "2025-07-16T00:18:49.619197Z", "fetched_at": "2025-07-16T00:23:25.594084+00:00", "symbol": "ADA-USD"}, {"trade_id": 143787493, "side": "sell", "size": "258.31941164", "price": "0.74600000", "time": "2025-07-16T00:18:49.604850Z", "fetched_at": "2025-07-16T00:23:25.594084+00:00", "symbol": "ADA-USD"}, {"trade_id": 143787492, "side": "sell", "size": "246.61422054", "price": "0.74600000", "time": "2025-07-16T00:18:49.594118Z", "fetched_at": "2025-07-16T00:23:25.594084+00:00", "symbol": "ADA-USD"}, {"trade_id": 143787491, "side": "sell", "size": "531.36775384", "price": "0.74600000", "time": "2025-07-16T00:18:49.581989Z", "fetched_at": "2025-07-16T00:23:25.594084+00:00", "symbol": "ADA-USD"}, {"trade_id": 143787490, "side": "sell", "size": "8.59308465", "price": "0.74600000", "time": "2025-07-16T00:18:49.581989Z", "fetched_at": "2025-07-16T00:23:25.594084+00:00", "symbol": "ADA-USD"}, {"trade_id": 143787489, "side": "sell", "size": "1.50000000", "price": "0.74600000", "time": "2025-07-16T00:18:49.581989Z", "fetched_at": "2025-07-16T00:23:25.594084+00:00", "symbol": "ADA-USD"}, {"trade_id": 143787488, "side": "sell", "size": "617.45838723", "price": "0.74590000", "time": "2025-07-16T00:18:49.506533Z", "fetched_at": "2025-07-16T00:23:25.594084+00:00", "symbol": "ADA-USD"}, {"trade_id": 143787487, "side": "sell", "size": "1.50000000", "price": "0.74590000", "time": "2025-07-16T00:18:49.506533Z", "fetched_at": "2025-07-16T00:23:25.594084+00:00", "symbol": "ADA-USD"}, {"trade_id": 143787486, "side": "sell", "size": "52.82246611", "price": "0.74590000", "time": "2025-07-16T00:18:49.506533Z", "fetched_at": "2025-07-16T00:23:25.594084+00:00", "symbol": "ADA-USD"}, {"trade_id": 143787485, "side": "sell", "size": "698.50645596", "price": "0.74580000", "time": "2025-07-16T00:18:48.847820Z", "fetched_at": "2025-07-16T00:23:25.594084+00:00", "symbol": "ADA-USD"}, {"trade_id": 143787484, "side": "sell", "size": "17.97147808", "price": "0.74580000", "time": "2025-07-16T00:18:48.847820Z", "fetched_at": "2025-07-16T00:23:25.594084+00:00", "symbol": "ADA-USD"}, {"trade_id": 143787483, "side": "sell", "size": "1.50000000", "price": "0.74580000", "time": "2025-07-16T00:18:48.847820Z", "fetched_at": "2025-07-16T00:23:25.594084+00:00", "symbol": "ADA-USD"}, {"trade_id": 143787482, "side": "sell", "size": "629.63549107", "price": "0.74560000", "time": "2025-07-16T00:18:41.686207Z", "fetched_at": "2025-07-16T00:23:25.594084+00:00", "symbol": "ADA-USD"}, {"trade_id": 143787481, "side": "sell", "size": "662.33950061", "price": "0.74560000", "time": "2025-07-16T00:18:39.794479Z", "fetched_at": "2025-07-16T00:23:25.594084+00:00", "symbol": "ADA-USD"}, {"trade_id": 143787480, "side": "sell", "size": "231.49164000", "price": "0.74570000", "time": "2025-07-16T00:18:38.236561Z", "fetched_at": "2025-07-16T00:23:25.594084+00:00", "symbol": "ADA-USD"}, {"trade_id": 143787479, "side": "sell", "size": "231.49164000", "price": "0.74570000", "time": "2025-07-16T00:18:38.182228Z", "fetched_at": "2025-07-16T00:23:25.594084+00:00", "symbol": "ADA-USD"}, {"trade_id": 143787478, "side": "sell", "size": "1.50000000", "price": "0.74570000", "time": "2025-07-16T00:18:37.956699Z", "fetched_at": "2025-07-16T00:23:25.594084+00:00", "symbol": "ADA-USD"}, {"trade_id": 143787477, "side": "sell", "size": "38.10416769", "price": "0.74570000", "time": "2025-07-16T00:18:37.956699Z", "fetched_at": "2025-07-16T00:23:25.594084+00:00", "symbol": "ADA-USD"}, {"trade_id": 143787476, "side": "sell", "size": "298.45883460", "price": "0.74560000", "time": "2025-07-16T00:18:37.820432Z", "fetched_at": "2025-07-16T00:23:25.594084+00:00", "symbol": "ADA-USD"}, {"trade_id": 143787475, "side": "sell", "size": "1.50000000", "price": "0.74560000", "time": "2025-07-16T00:18:37.820432Z", "fetched_at": "2025-07-16T00:23:25.594084+00:00", "symbol": "ADA-USD"}, {"trade_id": 143787474, "side": "sell", "size": "52.85814634", "price": "0.74560000", "time": "2025-07-16T00:18:37.820432Z", "fetched_at": "2025-07-16T00:23:25.594084+00:00", "symbol": "ADA-USD"}, {"trade_id": 143787473, "side": "buy", "size": "60.32728000", "price": "0.74550000", "time": "2025-07-16T00:18:35.923056Z", "fetched_at": "2025-07-16T00:23:25.594084+00:00", "symbol": "ADA-USD"}, {"trade_id": 143787472, "side": "sell", "size": "1.50000000", "price": "0.74550000", "time": "2025-07-16T00:18:34.906415Z", "fetched_at": "2025-07-16T00:23:25.594084+00:00", "symbol": "ADA-USD"}, {"trade_id": 143787471, "side": "buy", "size": "53.97315400", "price": "0.74540000", "time": "2025-07-16T00:18:33.979772Z", "fetched_at": "2025-07-16T00:23:25.594084+00:00", "symbol": "ADA-USD"}, {"trade_id": 143787470, "side": "sell", "size": "2.67890621", "price": "0.74540000", "time": "2025-07-16T00:18:33.451560Z", "fetched_at": "2025-07-16T00:23:25.594084+00:00", "symbol": "ADA-USD"}, {"trade_id": 143787469, "side": "sell", "size": "20.78845304", "price": "0.74530000", "time": "2025-07-16T00:18:33.294446Z", "fetched_at": "2025-07-16T00:23:25.594084+00:00", "symbol": "ADA-USD"}, {"trade_id": 143787468, "side": "buy", "size": "8.44891543", "price": "0.74520000", "time": "2025-07-16T00:18:32.603811Z", "fetched_at": "2025-07-16T00:23:25.594084+00:00", "symbol": "ADA-USD"}, {"trade_id": 143787467, "side": "buy", "size": "11.55108457", "price": "0.74520000", "time": "2025-07-16T00:18:32.603811Z", "fetched_at": "2025-07-16T00:23:25.594084+00:00", "symbol": "ADA-USD"}, {"trade_id": 143787466, "side": "sell", "size": "231.49164000", "price": "0.74530000", "time": "2025-07-16T00:18:32.511894Z", "fetched_at": "2025-07-16T00:23:25.594084+00:00", "symbol": "ADA-USD"}, {"trade_id": 143787465, "side": "sell", "size": "223.06280000", "price": "0.74530000", "time": "2025-07-16T00:18:32.511894Z", "fetched_at": "2025-07-16T00:23:25.594084+00:00", "symbol": "ADA-USD"}, {"trade_id": 143787464, "side": "sell", "size": "24.75040069", "price": "0.74530000", "time": "2025-07-16T00:18:32.502450Z", "fetched_at": "2025-07-16T00:23:25.594084+00:00", "symbol": "ADA-USD"}, {"trade_id": 143787463, "side": "sell", "size": "128.38726584", "price": "0.74530000", "time": "2025-07-16T00:18:32.356729Z", "fetched_at": "2025-07-16T00:23:25.594084+00:00", "symbol": "ADA-USD"}, {"trade_id": 143787462, "side": "sell", "size": "46.02175275", "price": "0.74530000", "time": "2025-07-16T00:18:32.346298Z", "fetched_at": "2025-07-16T00:23:25.594084+00:00", "symbol": "ADA-USD"}, {"trade_id": 143787461, "side": "sell", "size": "711.55589948", "price": "0.74530000", "time": "2025-07-16T00:18:32.346298Z", "fetched_at": "2025-07-16T00:23:25.594084+00:00", "symbol": "ADA-USD"}, {"trade_id": 143787460, "side": "sell", "size": "174.40901859", "price": "0.74520000", "time": "2025-07-16T00:18:32.250749Z", "fetched_at": "2025-07-16T00:23:25.594084+00:00", "symbol": "ADA-USD"}, {"trade_id": 143787459, "side": "buy", "size": "0.00000179", "price": "0.74530000", "time": "2025-07-16T00:18:31.818644Z", "fetched_at": "2025-07-16T00:23:25.594084+00:00", "symbol": "ADA-USD"}, {"trade_id": 143787458, "side": "buy", "size": "47.72157000", "price": "0.74530000", "time": "2025-07-16T00:18:31.817460Z", "fetched_at": "2025-07-16T00:23:25.594084+00:00", "symbol": "ADA-USD"}, {"trade_id": 143787457, "side": "buy", "size": "404.55680240", "price": "0.74530000", "time": "2025-07-16T00:18:31.120366Z", "fetched_at": "2025-07-16T00:23:25.594084+00:00", "symbol": "ADA-USD"}, {"trade_id": 143787456, "side": "buy", "size": "174.42084650", "price": "0.74530000", "time": "2025-07-16T00:18:31.120366Z", "fetched_at": "2025-07-16T00:23:25.594084+00:00", "symbol": "ADA-USD"}, {"trade_id": 143787455, "side": "buy", "size": "2.88777114", "price": "0.74530000", "time": "2025-07-16T00:18:31.120366Z", "fetched_at": "2025-07-16T00:23:25.594084+00:00", "symbol": "ADA-USD"}, {"trade_id": 143787454, "side": "buy", "size": "12.51367496", "price": "0.74530000", "time": "2025-07-16T00:18:31.120366Z", "fetched_at": "2025-07-16T00:23:25.594084+00:00", "symbol": "ADA-USD"}, {"trade_id": 143787453, "side": "buy", "size": "174.39744000", "price": "0.74540000", "time": "2025-07-16T00:18:30.690177Z", "fetched_at": "2025-07-16T00:23:25.594084+00:00", "symbol": "ADA-USD"}, {"trade_id": 143787452, "side": "sell", "size": "214.09879775", "price": "0.74550000", "time": "2025-07-16T00:18:30.177559Z", "fetched_at": "2025-07-16T00:23:25.594084+00:00", "symbol": "ADA-USD"}, {"trade_id": 143787451, "side": "sell", "size": "703.08568794", "price": "0.74550000", "time": "2025-07-16T00:18:30.158291Z", "fetched_at": "2025-07-16T00:23:25.594084+00:00", "symbol": "ADA-USD"}, {"trade_id": 143787450, "side": "sell", "size": "1.50000000", "price": "0.74550000", "time": "2025-07-16T00:18:26.538026Z", "fetched_at": "2025-07-16T00:23:25.594084+00:00", "symbol": "ADA-USD"}, {"trade_id": 143787449, "side": "sell", "size": "36.81692931", "price": "0.74550000", "time": "2025-07-16T00:18:26.538026Z", "fetched_at": "2025-07-16T00:23:25.594084+00:00", "symbol": "ADA-USD"}, {"trade_id": 143787448, "side": "buy", "size": "50.00000000", "price": "0.74540000", "time": "2025-07-16T00:18:23.487013Z", "fetched_at": "2025-07-16T00:23:25.594084+00:00", "symbol": "ADA-USD"}, {"trade_id": 143787447, "side": "sell", "size": "80.52401732", "price": "0.74540000", "time": "2025-07-16T00:18:23.105420Z", "fetched_at": "2025-07-16T00:23:25.594084+00:00", "symbol": "ADA-USD"}, {"trade_id": 143787446, "side": "sell", "size": "627.72120853", "price": "0.74540000", "time": "2025-07-16T00:18:23.081032Z", "fetched_at": "2025-07-16T00:23:25.594084+00:00", "symbol": "ADA-USD"}, {"trade_id": 143787445, "side": "sell", "size": "57.92983567", "price": "0.74540000", "time": "2025-07-16T00:18:23.081032Z", "fetched_at": "2025-07-16T00:23:25.594084+00:00", "symbol": "ADA-USD"}, {"trade_id": 143787444, "side": "sell", "size": "42.21045580", "price": "0.74540000", "time": "2025-07-16T00:18:23.081032Z", "fetched_at": "2025-07-16T00:23:25.594084+00:00", "symbol": "ADA-USD"}, {"trade_id": 143787443, "side": "sell", "size": "1.50000000", "price": "0.74540000", "time": "2025-07-16T00:18:23.081032Z", "fetched_at": "2025-07-16T00:23:25.594084+00:00", "symbol": "ADA-USD"}, {"trade_id": 143787442, "side": "sell", "size": "15.07191650", "price": "0.74530000", "time": "2025-07-16T00:18:23.077877Z", "fetched_at": "2025-07-16T00:23:25.594084+00:00", "symbol": "ADA-USD"}, {"trade_id": 143787441, "side": "sell", "size": "146.56661000", "price": "0.74530000", "time": "2025-07-16T00:18:23.073288Z", "fetched_at": "2025-07-16T00:23:25.594084+00:00", "symbol": "ADA-USD"}, {"trade_id": 143787440, "side": "sell", "size": "7007.60333971", "price": "0.74530000", "time": "2025-07-16T00:18:23.061306Z", "fetched_at": "2025-07-16T00:23:25.594084+00:00", "symbol": "ADA-USD"}, {"trade_id": 143787439, "side": "sell", "size": "7700.63873606", "price": "0.74530000", "time": "2025-07-16T00:18:23.055295Z", "fetched_at": "2025-07-16T00:23:25.594084+00:00", "symbol": "ADA-USD"}, {"trade_id": 143787438, "side": "sell", "size": "1.50000000", "price": "0.74530000", "time": "2025-07-16T00:18:23.055295Z", "fetched_at": "2025-07-16T00:23:25.594084+00:00", "symbol": "ADA-USD"}, {"trade_id": 143787437, "side": "sell", "size": "5.87424732", "price": "0.74510000", "time": "2025-07-16T00:18:22.694971Z", "fetched_at": "2025-07-16T00:23:25.594084+00:00", "symbol": "ADA-USD"}, {"trade_id": 143787436, "side": "sell", "size": "113.68107683", "price": "0.74520000", "time": "2025-07-16T00:18:22.297071Z", "fetched_at": "2025-07-16T00:23:25.594084+00:00", "symbol": "ADA-USD"}, {"trade_id": 143787435, "side": "sell", "size": "1.50000000", "price": "0.74520000", "time": "2025-07-16T00:18:22.297071Z", "fetched_at": "2025-07-16T00:23:25.594084+00:00", "symbol": "ADA-USD"}, {"trade_id": 143787434, "side": "sell", "size": "50.00000000", "price": "0.74510000", "time": "2025-07-16T00:18:22.297071Z", "fetched_at": "2025-07-16T00:23:25.594084+00:00", "symbol": "ADA-USD"}, {"trade_id": 143787433, "side": "sell", "size": "44.54644417", "price": "0.74510000", "time": "2025-07-16T00:18:22.297071Z", "fetched_at": "2025-07-16T00:23:25.594084+00:00", "symbol": "ADA-USD"}, {"trade_id": 143787432, "side": "sell", "size": "223.06280000", "price": "0.74510000", "time": "2025-07-16T00:18:22.297071Z", "fetched_at": "2025-07-16T00:23:25.594084+00:00", "symbol": "ADA-USD"}, {"trade_id": 143787431, "side": "sell", "size": "231.49164000", "price": "0.74510000", "time": "2025-07-16T00:18:22.297071Z", "fetched_at": "2025-07-16T00:23:25.594084+00:00", "symbol": "ADA-USD"}, {"trade_id": 143787430, "side": "sell", "size": "174.52613539", "price": "0.74510000", "time": "2025-07-16T00:18:20.827783Z", "fetched_at": "2025-07-16T00:23:25.594084+00:00", "symbol": "ADA-USD"}, {"trade_id": 143787429, "side": "sell", "size": "1.50000000", "price": "0.74510000", "time": "2025-07-16T00:18:20.827783Z", "fetched_at": "2025-07-16T00:23:25.594084+00:00", "symbol": "ADA-USD"}, {"trade_id": 143787428, "side": "sell", "size": "174.50274431", "price": "0.74500000", "time": "2025-07-16T00:18:20.348163Z", "fetched_at": "2025-07-16T00:23:25.594084+00:00", "symbol": "ADA-USD"}, {"trade_id": 143787427, "side": "buy", "size": "32.29588266", "price": "0.74490000", "time": "2025-07-16T00:18:19.176629Z", "fetched_at": "2025-07-16T00:23:25.594084+00:00", "symbol": "ADA-USD"}, {"trade_id": 143787426, "side": "buy", "size": "1.50000000", "price": "0.74490000", "time": "2025-07-16T00:18:19.176629Z", "fetched_at": "2025-07-16T00:23:25.594084+00:00", "symbol": "ADA-USD"}, {"trade_id": 143787425, "side": "buy", "size": "671.11366877", "price": "0.74500000", "time": "2025-07-16T00:18:17.810487Z", "fetched_at": "2025-07-16T00:23:25.594084+00:00", "symbol": "ADA-USD"}, {"trade_id": 143787424, "side": "buy", "size": "1.50000000", "price": "0.74500000", "time": "2025-07-16T00:18:17.810487Z", "fetched_at": "2025-07-16T00:23:25.594084+00:00", "symbol": "ADA-USD"}, {"trade_id": 143787423, "side": "buy", "size": "0.00000460", "price": "0.74510000", "time": "2025-07-16T00:18:17.810457Z", "fetched_at": "2025-07-16T00:23:25.594084+00:00", "symbol": "ADA-USD"}, {"trade_id": 143787422, "side": "buy", "size": "174.46766000", "price": "0.74510000", "time": "2025-07-16T00:18:17.810079Z", "fetched_at": "2025-07-16T00:23:25.594084+00:00", "symbol": "ADA-USD"}, {"trade_id": 143787421, "side": "buy", "size": "500.00000000", "price": "0.74510000", "time": "2025-07-16T00:18:17.794520Z", "fetched_at": "2025-07-16T00:23:25.594084+00:00", "symbol": "ADA-USD"}, {"trade_id": 143787420, "side": "buy", "size": "174.46766460", "price": "0.74510000", "time": "2025-07-16T00:18:17.794520Z", "fetched_at": "2025-07-16T00:23:25.594084+00:00", "symbol": "ADA-USD"}, {"trade_id": 143787419, "side": "buy", "size": "275.69095044", "price": "0.74510000", "time": "2025-07-16T00:18:17.794520Z", "fetched_at": "2025-07-16T00:23:25.594084+00:00", "symbol": "ADA-USD"}, {"trade_id": 143787418, "side": "sell", "size": "162.22879003", "price": "0.74520000", "time": "2025-07-16T00:18:15.512724Z", "fetched_at": "2025-07-16T00:23:25.594084+00:00", "symbol": "ADA-USD"}, {"trade_id": 143787417, "side": "sell", "size": "171.30604389", "price": "0.74520000", "time": "2025-07-16T00:18:15.507974Z", "fetched_at": "2025-07-16T00:23:25.594084+00:00", "symbol": "ADA-USD"}, {"trade_id": 143787416, "side": "sell", "size": "272.86056455", "price": "0.74520000", "time": "2025-07-16T00:18:15.486607Z", "fetched_at": "2025-07-16T00:23:25.594084+00:00", "symbol": "ADA-USD"}, {"trade_id": 143787415, "side": "sell", "size": "922.16439603", "price": "0.74520000", "time": "2025-07-16T00:18:15.476838Z", "fetched_at": "2025-07-16T00:23:25.594084+00:00", "symbol": "ADA-USD"}, {"trade_id": 143787414, "side": "sell", "size": "155.79760278", "price": "0.74510000", "time": "2025-07-16T00:18:15.357022Z", "fetched_at": "2025-07-16T00:23:25.594084+00:00", "symbol": "ADA-USD"}, {"trade_id": 143787413, "side": "buy", "size": "174.46766460", "price": "0.74510000", "time": "2025-07-16T00:18:14.322425Z", "fetched_at": "2025-07-16T00:23:25.594084+00:00", "symbol": "ADA-USD"}, {"trade_id": 143787412, "side": "sell", "size": "206.25377704", "price": "0.74530000", "time": "2025-07-16T00:18:12.487747Z", "fetched_at": "2025-07-16T00:23:25.594084+00:00", "symbol": "ADA-USD"}, {"trade_id": 143787411, "side": "sell", "size": "192.80609111", "price": "0.74530000", "time": "2025-07-16T00:18:12.427720Z", "fetched_at": "2025-07-16T00:23:25.594084+00:00", "symbol": "ADA-USD"}, {"trade_id": 143787410, "side": "sell", "size": "361.04565884", "price": "0.74530000", "time": "2025-07-16T00:18:12.416636Z", "fetched_at": "2025-07-16T00:23:25.594084+00:00", "symbol": "ADA-USD"}, {"trade_id": 143787409, "side": "sell", "size": "644.10671740", "price": "0.74530000", "time": "2025-07-16T00:18:12.376630Z", "fetched_at": "2025-07-16T00:23:25.594084+00:00", "symbol": "ADA-USD"}, {"trade_id": 143787408, "side": "sell", "size": "1.50000000", "price": "0.74530000", "time": "2025-07-16T00:18:12.376630Z", "fetched_at": "2025-07-16T00:23:25.594084+00:00", "symbol": "ADA-USD"}, {"trade_id": 143787407, "side": "sell", "size": "44.92955065", "price": "0.74530000", "time": "2025-07-16T00:18:12.376630Z", "fetched_at": "2025-07-16T00:23:25.594084+00:00", "symbol": "ADA-USD"}, {"trade_id": 143787406, "side": "sell", "size": "230.48619819", "price": "0.74520000", "time": "2025-07-16T00:18:11.326824Z", "fetched_at": "2025-07-16T00:23:25.594084+00:00", "symbol": "ADA-USD"}, {"trade_id": 143787405, "side": "sell", "size": "54.22382697", "price": "0.74520000", "time": "2025-07-16T00:18:11.326824Z", "fetched_at": "2025-07-16T00:23:25.594084+00:00", "symbol": "ADA-USD"}, {"trade_id": 143787404, "side": "sell", "size": "1.50000000", "price": "0.74520000", "time": "2025-07-16T00:18:11.326824Z", "fetched_at": "2025-07-16T00:23:25.594084+00:00", "symbol": "ADA-USD"}, {"trade_id": 143787403, "side": "buy", "size": "151.26136200", "price": "0.74510000", "time": "2025-07-16T00:18:10.830260Z", "fetched_at": "2025-07-16T00:23:25.594084+00:00", "symbol": "ADA-USD"}, {"trade_id": 143787402, "side": "sell", "size": "15.17058130", "price": "0.74510000", "time": "2025-07-16T00:18:08.645474Z", "fetched_at": "2025-07-16T00:23:25.594084+00:00", "symbol": "ADA-USD"}, {"trade_id": 143787401, "side": "sell", "size": "37.69571775", "price": "0.74510000", "time": "2025-07-16T00:18:07.706333Z", "fetched_at": "2025-07-16T00:23:25.594084+00:00", "symbol": "ADA-USD"}, {"trade_id": 143787400, "side": "sell", "size": "693.83817879", "price": "0.74510000", "time": "2025-07-16T00:18:07.689209Z", "fetched_at": "2025-07-16T00:23:25.594084+00:00", "symbol": "ADA-USD"}, {"trade_id": 143787399, "side": "sell", "size": "628.75333102", "price": "0.74510000", "time": "2025-07-16T00:18:07.291058Z", "fetched_at": "2025-07-16T00:23:25.594084+00:00", "symbol": "ADA-USD"}, {"trade_id": 143787398, "side": "sell", "size": "1.50000000", "price": "0.74510000", "time": "2025-07-16T00:18:07.291058Z", "fetched_at": "2025-07-16T00:23:25.594084+00:00", "symbol": "ADA-USD"}, {"trade_id": 143787397, "side": "sell", "size": "14.39420253", "price": "0.74500000", "time": "2025-07-16T00:18:07.065685Z", "fetched_at": "2025-07-16T00:23:25.594084+00:00", "symbol": "ADA-USD"}, {"trade_id": 143787396, "side": "sell", "size": "418.58217573", "price": "0.74500000", "time": "2025-07-16T00:18:06.984378Z", "fetched_at": "2025-07-16T00:23:25.594084+00:00", "symbol": "ADA-USD"}, {"trade_id": 143787395, "side": "sell", "size": "208.02240543", "price": "0.74500000", "time": "2025-07-16T00:18:06.973621Z", "fetched_at": "2025-07-16T00:23:25.594084+00:00", "symbol": "ADA-USD"}, {"trade_id": 143787394, "side": "sell", "size": "646.89402858", "price": "0.74500000", "time": "2025-07-16T00:18:06.973621Z", "fetched_at": "2025-07-16T00:23:25.594084+00:00", "symbol": "ADA-USD"}, {"trade_id": 143787393, "side": "sell", "size": "4.81632000", "price": "0.74500000", "time": "2025-07-16T00:18:06.717445Z", "fetched_at": "2025-07-16T00:23:25.594084+00:00", "symbol": "ADA-USD"}, {"trade_id": 143787392, "side": "sell", "size": "1.50000000", "price": "0.74500000", "time": "2025-07-16T00:18:06.717445Z", "fetched_at": "2025-07-16T00:23:25.594084+00:00", "symbol": "ADA-USD"}, {"trade_id": 143787391, "side": "sell", "size": "33.49699220", "price": "0.74490000", "time": "2025-07-16T00:18:06.020034Z", "fetched_at": "2025-07-16T00:23:25.594084+00:00", "symbol": "ADA-USD"}, {"trade_id": 143787390, "side": "sell", "size": "71.74505978", "price": "0.74490000", "time": "2025-07-16T00:18:05.481229Z", "fetched_at": "2025-07-16T00:23:25.594084+00:00", "symbol": "ADA-USD"}, {"trade_id": 143787389, "side": "sell", "size": "78.83661000", "price": "0.74490000", "time": "2025-07-16T00:18:05.450581Z", "fetched_at": "2025-07-16T00:23:25.594084+00:00", "symbol": "ADA-USD"}, {"trade_id": 143787388, "side": "sell", "size": "121.61301201", "price": "0.74490000", "time": "2025-07-16T00:18:05.438634Z", "fetched_at": "2025-07-16T00:23:25.594084+00:00", "symbol": "ADA-USD"}, {"trade_id": 143787387, "side": "sell", "size": "24.76121281", "price": "0.74490000", "time": "2025-07-16T00:18:05.420910Z", "fetched_at": "2025-07-16T00:23:25.594084+00:00", "symbol": "ADA-USD"}, {"trade_id": 143787386, "side": "sell", "size": "178.91899609", "price": "0.74490000", "time": "2025-07-16T00:18:05.400786Z", "fetched_at": "2025-07-16T00:23:25.594084+00:00", "symbol": "ADA-USD"}, {"trade_id": 143787385, "side": "sell", "size": "206.82937524", "price": "0.74490000", "time": "2025-07-16T00:18:05.389878Z", "fetched_at": "2025-07-16T00:23:25.594084+00:00", "symbol": "ADA-USD"}, {"trade_id": 143787384, "side": "sell", "size": "470.51542278", "price": "0.74490000", "time": "2025-07-16T00:18:05.350500Z", "fetched_at": "2025-07-16T00:23:25.594084+00:00", "symbol": "ADA-USD"}, {"trade_id": 143787383, "side": "sell", "size": "602.60434371", "price": "0.74490000", "time": "2025-07-16T00:18:05.338778Z", "fetched_at": "2025-07-16T00:23:25.594084+00:00", "symbol": "ADA-USD"}, {"trade_id": 143787382, "side": "sell", "size": "1.50000000", "price": "0.74490000", "time": "2025-07-16T00:18:05.338778Z", "fetched_at": "2025-07-16T00:23:25.594084+00:00", "symbol": "ADA-USD"}, {"trade_id": 143787381, "side": "sell", "size": "140.07503612", "price": "0.74480000", "time": "2025-07-16T00:18:04.241071Z", "fetched_at": "2025-07-16T00:23:25.594084+00:00", "symbol": "ADA-USD"}, {"trade_id": 143787380, "side": "sell", "size": "677.36035255", "price": "0.74480000", "time": "2025-07-16T00:18:04.241071Z", "fetched_at": "2025-07-16T00:23:25.594084+00:00", "symbol": "ADA-USD"}, {"trade_id": 143787379, "side": "sell", "size": "32.63210200", "price": "0.74480000", "time": "2025-07-16T00:18:03.498382Z", "fetched_at": "2025-07-16T00:23:25.594084+00:00", "symbol": "ADA-USD"}, {"trade_id": 143787378, "side": "buy", "size": "36.09284669", "price": "0.74470000", "time": "2025-07-16T00:18:03.070883Z", "fetched_at": "2025-07-16T00:23:25.594084+00:00", "symbol": "ADA-USD"}, {"trade_id": 143787377, "side": "buy", "size": "12.89423394", "price": "0.74480000", "time": "2025-07-16T00:18:02.437730Z", "fetched_at": "2025-07-16T00:23:25.594084+00:00", "symbol": "ADA-USD"}, {"trade_id": 143787376, "side": "sell", "size": "167.91418433", "price": "0.74480000", "time": "2025-07-16T00:18:01.242285Z", "fetched_at": "2025-07-16T00:23:25.594084+00:00", "symbol": "ADA-USD"}, {"trade_id": 143787375, "side": "buy", "size": "99.63631108", "price": "0.74470000", "time": "2025-07-16T00:18:01.094396Z", "fetched_at": "2025-07-16T00:23:25.594084+00:00", "symbol": "ADA-USD"}, {"trade_id": 143787374, "side": "buy", "size": "17.19231192", "price": "0.74470000", "time": "2025-07-16T00:18:01.094396Z", "fetched_at": "2025-07-16T00:23:25.594084+00:00", "symbol": "ADA-USD"}, {"trade_id": 143787373, "side": "sell", "size": "649.90481591", "price": "0.74470000", "time": "2025-07-16T00:17:59.766336Z", "fetched_at": "2025-07-16T00:23:25.594084+00:00", "symbol": "ADA-USD"}, {"trade_id": 143787372, "side": "sell", "size": "3.00000000", "price": "0.74480000", "time": "2025-07-16T00:17:58.974995Z", "fetched_at": "2025-07-16T00:23:25.594084+00:00", "symbol": "ADA-USD"}, {"trade_id": 143787371, "side": "sell", "size": "1.50000000", "price": "0.74480000", "time": "2025-07-16T00:17:58.974995Z", "fetched_at": "2025-07-16T00:23:25.594084+00:00", "symbol": "ADA-USD"}, {"trade_id": 143787370, "side": "sell", "size": "670.49443586", "price": "0.74470000", "time": "2025-07-16T00:17:58.098729Z", "fetched_at": "2025-07-16T00:23:25.594084+00:00", "symbol": "ADA-USD"}, {"trade_id": 143787369, "side": "sell", "size": "1.50000000", "price": "0.74470000", "time": "2025-07-16T00:17:58.098729Z", "fetched_at": "2025-07-16T00:23:25.594084+00:00", "symbol": "ADA-USD"}, {"trade_id": 143787368, "side": "sell", "size": "646.03420344", "price": "0.74460000", "time": "2025-07-16T00:17:57.128960Z", "fetched_at": "2025-07-16T00:23:25.594084+00:00", "symbol": "ADA-USD"}, {"trade_id": 143787367, "side": "sell", "size": "610.27453729", "price": "0.74450000", "time": "2025-07-16T00:17:56.740503Z", "fetched_at": "2025-07-16T00:23:25.594084+00:00", "symbol": "ADA-USD"}, {"trade_id": 143787366, "side": "sell", "size": "1.50000000", "price": "0.74460000", "time": "2025-07-16T00:17:54.307314Z", "fetched_at": "2025-07-16T00:23:25.594084+00:00", "symbol": "ADA-USD"}, {"trade_id": 143787365, "side": "sell", "size": "199.57918000", "price": "0.74460000", "time": "2025-07-16T00:17:54.307314Z", "fetched_at": "2025-07-16T00:23:25.594084+00:00", "symbol": "ADA-USD"}, {"trade_id": 143787364, "side": "sell", "size": "242.17181000", "price": "0.74460000", "time": "2025-07-16T00:17:54.286126Z", "fetched_at": "2025-07-16T00:23:25.594084+00:00", "symbol": "ADA-USD"}, {"trade_id": 143787363, "side": "sell", "size": "152.24901000", "price": "0.74460000", "time": "2025-07-16T00:17:54.285582Z", "fetched_at": "2025-07-16T00:23:25.594084+00:00", "symbol": "ADA-USD"}, {"trade_id": 143787362, "side": "sell", "size": "5017.50000000", "price": "0.74450000", "time": "2025-07-16T00:17:54.254695Z", "fetched_at": "2025-07-16T00:23:25.594084+00:00", "symbol": "ADA-USD"}, {"trade_id": 143787361, "side": "sell", "size": "1.50000000", "price": "0.74450000", "time": "2025-07-16T00:17:54.254695Z", "fetched_at": "2025-07-16T00:23:25.594084+00:00", "symbol": "ADA-USD"}, {"trade_id": 143787360, "side": "sell", "size": "43.53438309", "price": "0.74450000", "time": "2025-07-16T00:17:54.254695Z", "fetched_at": "2025-07-16T00:23:25.594084+00:00", "symbol": "ADA-USD"}, {"trade_id": 143787359, "side": "sell", "size": "594.00000000", "price": "0.74450000", "time": "2025-07-16T00:17:54.254695Z", "fetched_at": "2025-07-16T00:23:25.594084+00:00", "symbol": "ADA-USD"}, {"trade_id": 143787358, "side": "buy", "size": "36.09284669", "price": "0.74440000", "time": "2025-07-16T00:17:54.086930Z", "fetched_at": "2025-07-16T00:23:25.594084+00:00", "symbol": "ADA-USD"}, {"trade_id": 143787357, "side": "sell", "size": "1.50000000", "price": "0.74440000", "time": "2025-07-16T00:17:45.360006Z", "fetched_at": "2025-07-16T00:23:25.594084+00:00", "symbol": "ADA-USD"}, {"trade_id": 143787356, "side": "sell", "size": "28.82341758", "price": "0.74440000", "time": "2025-07-16T00:17:45.360006Z", "fetched_at": "2025-07-16T00:23:25.594084+00:00", "symbol": "ADA-USD"}, {"trade_id": 143787355, "side": "buy", "size": "23.37255477", "price": "0.74430000", "time": "2025-07-16T00:17:45.278683Z", "fetched_at": "2025-07-16T00:23:25.594084+00:00", "symbol": "ADA-USD"}, {"trade_id": 143787354, "side": "sell", "size": "1.50000000", "price": "0.74430000", "time": "2025-07-16T00:17:45.272175Z", "fetched_at": "2025-07-16T00:23:25.594084+00:00", "symbol": "ADA-USD"}, {"trade_id": 143787353, "side": "sell", "size": "594.00000000", "price": "0.74430000", "time": "2025-07-16T00:17:45.272175Z", "fetched_at": "2025-07-16T00:23:25.594084+00:00", "symbol": "ADA-USD"}, {"trade_id": 143787352, "side": "sell", "size": "2.38610855", "price": "0.74420000", "time": "2025-07-16T00:17:45.102071Z", "fetched_at": "2025-07-16T00:23:25.594084+00:00", "symbol": "ADA-USD"}, {"trade_id": 143787351, "side": "sell", "size": "15.29663146", "price": "0.74410000", "time": "2025-07-16T00:17:44.733413Z", "fetched_at": "2025-07-16T00:23:25.594084+00:00", "symbol": "ADA-USD"}, {"trade_id": 143787350, "side": "sell", "size": "172.75024956", "price": "0.74420000", "time": "2025-07-16T00:17:44.222629Z", "fetched_at": "2025-07-16T00:23:25.594084+00:00", "symbol": "ADA-USD"}, {"trade_id": 143787349, "side": "sell", "size": "1.50000000", "price": "0.74420000", "time": "2025-07-16T00:17:44.222629Z", "fetched_at": "2025-07-16T00:23:25.594084+00:00", "symbol": "ADA-USD"}, {"trade_id": 143787348, "side": "sell", "size": "500.00000000", "price": "0.74420000", "time": "2025-07-16T00:17:44.222629Z", "fetched_at": "2025-07-16T00:23:25.594084+00:00", "symbol": "ADA-USD"}, {"trade_id": 143787347, "side": "sell", "size": "594.00000000", "price": "0.74420000", "time": "2025-07-16T00:17:44.222629Z", "fetched_at": "2025-07-16T00:23:25.594084+00:00", "symbol": "ADA-USD"}, {"trade_id": 143787346, "side": "sell", "size": "62.57378544", "price": "0.74410000", "time": "2025-07-16T00:17:44.222629Z", "fetched_at": "2025-07-16T00:23:25.594084+00:00", "symbol": "ADA-USD"}, {"trade_id": 143787345, "side": "buy", "size": "67.99020000", "price": "0.74400000", "time": "2025-07-16T00:17:44.013913Z", "fetched_at": "2025-07-16T00:23:25.594084+00:00", "symbol": "ADA-USD"}, {"trade_id": 143787344, "side": "sell", "size": "174.76090081", "price": "0.74390000", "time": "2025-07-16T00:17:43.940158Z", "fetched_at": "2025-07-16T00:23:25.594084+00:00", "symbol": "ADA-USD"}, {"trade_id": 143787343, "side": "sell", "size": "174.76090081", "price": "0.74390000", "time": "2025-07-16T00:17:43.930201Z", "fetched_at": "2025-07-16T00:23:25.594084+00:00", "symbol": "ADA-USD"}, {"trade_id": 143787342, "side": "buy", "size": "45.21022000", "price": "0.74380000", "time": "2025-07-16T00:17:43.772306Z", "fetched_at": "2025-07-16T00:23:25.594084+00:00", "symbol": "ADA-USD"}, {"trade_id": 143787341, "side": "sell", "size": "39.82054039", "price": "0.74390000", "time": "2025-07-16T00:17:43.680360Z", "fetched_at": "2025-07-16T00:23:25.594084+00:00", "symbol": "ADA-USD"}, {"trade_id": 143787340, "side": "buy", "size": "577.00165875", "price": "0.74380000", "time": "2025-07-16T00:17:43.339892Z", "fetched_at": "2025-07-16T00:23:25.594084+00:00", "symbol": "ADA-USD"}, {"trade_id": 143787339, "side": "buy", "size": "31.43834125", "price": "0.74380000", "time": "2025-07-16T00:17:43.339892Z", "fetched_at": "2025-07-16T00:23:25.594084+00:00", "symbol": "ADA-USD"}, {"trade_id": 143787338, "side": "sell", "size": "680.02589786", "price": "0.74380000", "time": "2025-07-16T00:17:40.232352Z", "fetched_at": "2025-07-16T00:23:25.594084+00:00", "symbol": "ADA-USD"}, {"trade_id": 143787337, "side": "sell", "size": "2.60736400", "price": "0.74380000", "time": "2025-07-16T00:17:38.965946Z", "fetched_at": "2025-07-16T00:23:25.594084+00:00", "symbol": "ADA-USD"}, {"trade_id": 143787336, "side": "sell", "size": "179.75813549", "price": "0.74380000", "time": "2025-07-16T00:17:38.875189Z", "fetched_at": "2025-07-16T00:23:25.594084+00:00", "symbol": "ADA-USD"}, {"trade_id": 143787335, "side": "sell", "size": "318.36768151", "price": "0.74380000", "time": "2025-07-16T00:17:38.875189Z", "fetched_at": "2025-07-16T00:23:25.594084+00:00", "symbol": "ADA-USD"}