[{"trade_id": 143793344, "side": "sell", "size": "13.21233200", "price": "0.74930000", "time": "2025-07-16T01:39:33.172399Z", "fetched_at": "2025-07-16T01:39:34.450816+00:00", "symbol": "ADA-USD"}, {"trade_id": 143793343, "side": "sell", "size": "109.88764900", "price": "0.74930000", "time": "2025-07-16T01:39:28.895558Z", "fetched_at": "2025-07-16T01:39:34.450816+00:00", "symbol": "ADA-USD"}, {"trade_id": 143793342, "side": "buy", "size": "274.47941875", "price": "0.74910000", "time": "2025-07-16T01:39:28.626957Z", "fetched_at": "2025-07-16T01:39:34.450816+00:00", "symbol": "ADA-USD"}, {"trade_id": 143793341, "side": "buy", "size": "1636.19547526", "price": "0.74910000", "time": "2025-07-16T01:39:28.626957Z", "fetched_at": "2025-07-16T01:39:34.450816+00:00", "symbol": "ADA-USD"}, {"trade_id": 143793340, "side": "buy", "size": "1.50000000", "price": "0.74910000", "time": "2025-07-16T01:39:28.626957Z", "fetched_at": "2025-07-16T01:39:34.450816+00:00", "symbol": "ADA-USD"}, {"trade_id": 143793339, "side": "buy", "size": "741.69090359", "price": "0.74910000", "time": "2025-07-16T01:39:28.626957Z", "fetched_at": "2025-07-16T01:39:34.450816+00:00", "symbol": "ADA-USD"}, {"trade_id": 143793338, "side": "buy", "size": "1001.32872000", "price": "0.74920000", "time": "2025-07-16T01:39:28.626957Z", "fetched_at": "2025-07-16T01:39:34.450816+00:00", "symbol": "ADA-USD"}, {"trade_id": 143793337, "side": "buy", "size": "32.44361184", "price": "0.74920000", "time": "2025-07-16T01:39:28.626957Z", "fetched_at": "2025-07-16T01:39:34.450816+00:00", "symbol": "ADA-USD"}, {"trade_id": 143793336, "side": "sell", "size": "12.88202300", "price": "0.74930000", "time": "2025-07-16T01:39:28.558009Z", "fetched_at": "2025-07-16T01:39:34.450816+00:00", "symbol": "ADA-USD"}, {"trade_id": 143793335, "side": "sell", "size": "80.77749330", "price": "0.74930000", "time": "2025-07-16T01:39:26.060663Z", "fetched_at": "2025-07-16T01:39:34.450816+00:00", "symbol": "ADA-USD"}, {"trade_id": 143793334, "side": "sell", "size": "25.09699870", "price": "0.74930000", "time": "2025-07-16T01:39:26.060663Z", "fetched_at": "2025-07-16T01:39:34.450816+00:00", "symbol": "ADA-USD"}, {"trade_id": 143793333, "side": "sell", "size": "153.51000000", "price": "0.74930000", "time": "2025-07-16T01:39:26.060663Z", "fetched_at": "2025-07-16T01:39:34.450816+00:00", "symbol": "ADA-USD"}, {"trade_id": 143793332, "side": "buy", "size": "144.56548351", "price": "0.74910000", "time": "2025-07-16T01:39:24.081693Z", "fetched_at": "2025-07-16T01:39:34.450816+00:00", "symbol": "ADA-USD"}, {"trade_id": 143793331, "side": "buy", "size": "122.31468749", "price": "0.74920000", "time": "2025-07-16T01:39:24.081693Z", "fetched_at": "2025-07-16T01:39:34.450816+00:00", "symbol": "ADA-USD"}, {"trade_id": 143793330, "side": "sell", "size": "597.42062000", "price": "0.74930000", "time": "2025-07-16T01:39:21.558177Z", "fetched_at": "2025-07-16T01:39:34.450816+00:00", "symbol": "ADA-USD"}, {"trade_id": 143793329, "side": "buy", "size": "834.55788973", "price": "0.74920000", "time": "2025-07-16T01:39:19.756265Z", "fetched_at": "2025-07-16T01:39:34.450816+00:00", "symbol": "ADA-USD"}, {"trade_id": 143793328, "side": "buy", "size": "165.44211027", "price": "0.74920000", "time": "2025-07-16T01:39:19.756265Z", "fetched_at": "2025-07-16T01:39:34.450816+00:00", "symbol": "ADA-USD"}, {"trade_id": 143793327, "side": "sell", "size": "190.86831600", "price": "0.74920000", "time": "2025-07-16T01:39:10.198447Z", "fetched_at": "2025-07-16T01:39:34.450816+00:00", "symbol": "ADA-USD"}, {"trade_id": 143793326, "side": "sell", "size": "133.40591000", "price": "0.74920000", "time": "2025-07-16T01:39:10.198447Z", "fetched_at": "2025-07-16T01:39:34.450816+00:00", "symbol": "ADA-USD"}, {"trade_id": 143793325, "side": "sell", "size": "126.77378400", "price": "0.74930000", "time": "2025-07-16T01:39:05.292289Z", "fetched_at": "2025-07-16T01:39:34.450816+00:00", "symbol": "ADA-USD"}, {"trade_id": 143793324, "side": "sell", "size": "1.50000000", "price": "0.74930000", "time": "2025-07-16T01:39:05.292289Z", "fetched_at": "2025-07-16T01:39:34.450816+00:00", "symbol": "ADA-USD"}, {"trade_id": 143793323, "side": "sell", "size": "1.50000000", "price": "0.74920000", "time": "2025-07-16T01:39:05.292289Z", "fetched_at": "2025-07-16T01:39:34.450816+00:00", "symbol": "ADA-USD"}, {"trade_id": 143793322, "side": "sell", "size": "2.53004309", "price": "0.74910000", "time": "2025-07-16T01:39:04.547707Z", "fetched_at": "2025-07-16T01:39:34.450816+00:00", "symbol": "ADA-USD"}, {"trade_id": 143793321, "side": "sell", "size": "3.09420952", "price": "0.74910000", "time": "2025-07-16T01:39:00.032035Z", "fetched_at": "2025-07-16T01:39:34.450816+00:00", "symbol": "ADA-USD"}, {"trade_id": 143793320, "side": "sell", "size": "1.50000000", "price": "0.74910000", "time": "2025-07-16T01:39:00.032035Z", "fetched_at": "2025-07-16T01:39:34.450816+00:00", "symbol": "ADA-USD"}, {"trade_id": 143793319, "side": "sell", "size": "6.79297348", "price": "0.74900000", "time": "2025-07-16T01:39:00.032035Z", "fetched_at": "2025-07-16T01:39:34.450816+00:00", "symbol": "ADA-USD"}, {"trade_id": 143793318, "side": "sell", "size": "1.50000000", "price": "0.74900000", "time": "2025-07-16T01:39:00.032035Z", "fetched_at": "2025-07-16T01:39:34.450816+00:00", "symbol": "ADA-USD"}, {"trade_id": 143793317, "side": "sell", "size": "1.50000000", "price": "0.74890000", "time": "2025-07-16T01:38:58.245040Z", "fetched_at": "2025-07-16T01:39:34.450816+00:00", "symbol": "ADA-USD"}, {"trade_id": 143793316, "side": "sell", "size": "92.79579218", "price": "0.74880000", "time": "2025-07-16T01:38:58.245040Z", "fetched_at": "2025-07-16T01:39:34.450816+00:00", "symbol": "ADA-USD"}, {"trade_id": 143793315, "side": "sell", "size": "30.95338000", "price": "0.74880000", "time": "2025-07-16T01:38:58.106875Z", "fetched_at": "2025-07-16T01:39:34.450816+00:00", "symbol": "ADA-USD"}, {"trade_id": 143793314, "side": "sell", "size": "1.50000000", "price": "0.74880000", "time": "2025-07-16T01:38:58.106875Z", "fetched_at": "2025-07-16T01:39:34.450816+00:00", "symbol": "ADA-USD"}, {"trade_id": 143793313, "side": "sell", "size": "612.69000000", "price": "0.74860000", "time": "2025-07-16T01:38:53.208219Z", "fetched_at": "2025-07-16T01:39:34.450816+00:00", "symbol": "ADA-USD"}, {"trade_id": 143793312, "side": "sell", "size": "165.57473687", "price": "0.74860000", "time": "2025-07-16T01:38:53.208219Z", "fetched_at": "2025-07-16T01:39:34.450816+00:00", "symbol": "ADA-USD"}, {"trade_id": 143793311, "side": "sell", "size": "447.10761000", "price": "0.74860000", "time": "2025-07-16T01:38:53.208219Z", "fetched_at": "2025-07-16T01:39:34.450816+00:00", "symbol": "ADA-USD"}, {"trade_id": 143793310, "side": "sell", "size": "51.89239000", "price": "0.74860000", "time": "2025-07-16T01:38:52.651147Z", "fetched_at": "2025-07-16T01:39:34.450816+00:00", "symbol": "ADA-USD"}, {"trade_id": 143793309, "side": "buy", "size": "14.01313937", "price": "0.74860000", "time": "2025-07-16T01:38:48.746278Z", "fetched_at": "2025-07-16T01:39:34.450816+00:00", "symbol": "ADA-USD"}, {"trade_id": 143793308, "side": "buy", "size": "1.50000000", "price": "0.74860000", "time": "2025-07-16T01:38:48.746278Z", "fetched_at": "2025-07-16T01:39:34.450816+00:00", "symbol": "ADA-USD"}, {"trade_id": 143793307, "side": "sell", "size": "25.94619500", "price": "0.74870000", "time": "2025-07-16T01:38:48.687090Z", "fetched_at": "2025-07-16T01:39:34.450816+00:00", "symbol": "ADA-USD"}, {"trade_id": 143793306, "side": "sell", "size": "13.21762300", "price": "0.74870000", "time": "2025-07-16T01:38:47.981316Z", "fetched_at": "2025-07-16T01:39:34.450816+00:00", "symbol": "ADA-USD"}, {"trade_id": 143793305, "side": "sell", "size": "33.73137500", "price": "0.74870000", "time": "2025-07-16T01:38:47.216454Z", "fetched_at": "2025-07-16T01:39:34.450816+00:00", "symbol": "ADA-USD"}, {"trade_id": 143793304, "side": "sell", "size": "6.27837100", "price": "0.74870000", "time": "2025-07-16T01:38:47.211924Z", "fetched_at": "2025-07-16T01:39:34.450816+00:00", "symbol": "ADA-USD"}, {"trade_id": 143793303, "side": "sell", "size": "64.87209600", "price": "0.74870000", "time": "2025-07-16T01:38:44.490024Z", "fetched_at": "2025-07-16T01:39:34.450816+00:00", "symbol": "ADA-USD"}, {"trade_id": 143793302, "side": "sell", "size": "40.22678300", "price": "0.74870000", "time": "2025-07-16T01:38:44.251123Z", "fetched_at": "2025-07-16T01:39:34.450816+00:00", "symbol": "ADA-USD"}, {"trade_id": 143793301, "side": "buy", "size": "17.02595160", "price": "0.74870000", "time": "2025-07-16T01:38:41.782647Z", "fetched_at": "2025-07-16T01:39:34.450816+00:00", "symbol": "ADA-USD"}, {"trade_id": 143793300, "side": "buy", "size": "18.48668304", "price": "0.74890000", "time": "2025-07-16T01:38:41.397954Z", "fetched_at": "2025-07-16T01:39:34.450816+00:00", "symbol": "ADA-USD"}, {"trade_id": 143793299, "side": "buy", "size": "116.52860000", "price": "0.74890000", "time": "2025-07-16T01:38:41.393488Z", "fetched_at": "2025-07-16T01:39:34.450816+00:00", "symbol": "ADA-USD"}, {"trade_id": 143793298, "side": "sell", "size": "4.83377900", "price": "0.74900000", "time": "2025-07-16T01:38:37.207118Z", "fetched_at": "2025-07-16T01:39:34.450816+00:00", "symbol": "ADA-USD"}, {"trade_id": 143793297, "side": "sell", "size": "1.50000000", "price": "0.74900000", "time": "2025-07-16T01:38:37.207118Z", "fetched_at": "2025-07-16T01:39:34.450816+00:00", "symbol": "ADA-USD"}, {"trade_id": 143793296, "side": "sell", "size": "1.50000000", "price": "0.74890000", "time": "2025-07-16T01:38:33.801556Z", "fetched_at": "2025-07-16T01:39:34.450816+00:00", "symbol": "ADA-USD"}, {"trade_id": 143793295, "side": "sell", "size": "167.07000000", "price": "0.74880000", "time": "2025-07-16T01:38:31.690199Z", "fetched_at": "2025-07-16T01:39:34.450816+00:00", "symbol": "ADA-USD"}, {"trade_id": 143793294, "side": "sell", "size": "165.56349118", "price": "0.74880000", "time": "2025-07-16T01:38:31.690199Z", "fetched_at": "2025-07-16T01:39:34.450816+00:00", "symbol": "ADA-USD"}, {"trade_id": 143793293, "side": "sell", "size": "1.50000000", "price": "0.74880000", "time": "2025-07-16T01:38:31.690199Z", "fetched_at": "2025-07-16T01:39:34.450816+00:00", "symbol": "ADA-USD"}, {"trade_id": 143793292, "side": "sell", "size": "34.20360700", "price": "0.74870000", "time": "2025-07-16T01:38:26.559074Z", "fetched_at": "2025-07-16T01:39:34.450816+00:00", "symbol": "ADA-USD"}, {"trade_id": 143793291, "side": "sell", "size": "11.39406900", "price": "0.74870000", "time": "2025-07-16T01:38:24.532041Z", "fetched_at": "2025-07-16T01:39:34.450816+00:00", "symbol": "ADA-USD"}, {"trade_id": 143793290, "side": "sell", "size": "1.50000000", "price": "0.74870000", "time": "2025-07-16T01:38:24.532041Z", "fetched_at": "2025-07-16T01:39:34.450816+00:00", "symbol": "ADA-USD"}, {"trade_id": 143793289, "side": "sell", "size": "3418.24410533", "price": "0.74860000", "time": "2025-07-16T01:38:23.679488Z", "fetched_at": "2025-07-16T01:39:34.450816+00:00", "symbol": "ADA-USD"}, {"trade_id": 143793288, "side": "sell", "size": "1396.15589467", "price": "0.74860000", "time": "2025-07-16T01:38:23.676726Z", "fetched_at": "2025-07-16T01:39:34.450816+00:00", "symbol": "ADA-USD"}, {"trade_id": 143793287, "side": "sell", "size": "165.61000000", "price": "0.74860000", "time": "2025-07-16T01:38:23.676726Z", "fetched_at": "2025-07-16T01:39:34.450816+00:00", "symbol": "ADA-USD"}, {"trade_id": 143793286, "side": "sell", "size": "3114.73755536", "price": "0.74860000", "time": "2025-07-16T01:38:23.673405Z", "fetched_at": "2025-07-16T01:39:34.450816+00:00", "symbol": "ADA-USD"}, {"trade_id": 143793285, "side": "sell", "size": "165.60794546", "price": "0.74860000", "time": "2025-07-16T01:38:23.673405Z", "fetched_at": "2025-07-16T01:39:34.450816+00:00", "symbol": "ADA-USD"}, {"trade_id": 143793284, "side": "sell", "size": "9.15432000", "price": "0.74850000", "time": "2025-07-16T01:38:23.086541Z", "fetched_at": "2025-07-16T01:39:34.450816+00:00", "symbol": "ADA-USD"}, {"trade_id": 143793283, "side": "buy", "size": "4.49870125", "price": "0.74850000", "time": "2025-07-16T01:38:17.384516Z", "fetched_at": "2025-07-16T01:39:34.450816+00:00", "symbol": "ADA-USD"}, {"trade_id": 143793282, "side": "buy", "size": "5.04732553", "price": "0.74850000", "time": "2025-07-16T01:38:13.710754Z", "fetched_at": "2025-07-16T01:39:34.450816+00:00", "symbol": "ADA-USD"}, {"trade_id": 143793281, "side": "buy", "size": "405.91146549", "price": "0.74840000", "time": "2025-07-16T01:38:09.341852Z", "fetched_at": "2025-07-16T01:39:34.450816+00:00", "symbol": "ADA-USD"}, {"trade_id": 143793280, "side": "buy", "size": "664.05514770", "price": "0.74840000", "time": "2025-07-16T01:38:09.341852Z", "fetched_at": "2025-07-16T01:39:34.450816+00:00", "symbol": "ADA-USD"}, {"trade_id": 143793279, "side": "buy", "size": "886.25638710", "price": "0.74840000", "time": "2025-07-16T01:38:09.341852Z", "fetched_at": "2025-07-16T01:39:34.450816+00:00", "symbol": "ADA-USD"}, {"trade_id": 143793278, "side": "buy", "size": "1.50000000", "price": "0.74840000", "time": "2025-07-16T01:38:09.341852Z", "fetched_at": "2025-07-16T01:39:34.450816+00:00", "symbol": "ADA-USD"}, {"trade_id": 143793277, "side": "buy", "size": "5.32740971", "price": "0.74850000", "time": "2025-07-16T01:38:09.341852Z", "fetched_at": "2025-07-16T01:39:34.450816+00:00", "symbol": "ADA-USD"}, {"trade_id": 143793276, "side": "buy", "size": "1.50000000", "price": "0.74850000", "time": "2025-07-16T01:38:09.341852Z", "fetched_at": "2025-07-16T01:39:34.450816+00:00", "symbol": "ADA-USD"}, {"trade_id": 143793275, "side": "buy", "size": "5.66129377", "price": "0.74860000", "time": "2025-07-16T01:38:06.748004Z", "fetched_at": "2025-07-16T01:39:34.450816+00:00", "symbol": "ADA-USD"}, {"trade_id": 143793274, "side": "sell", "size": "17.29113247", "price": "0.74880000", "time": "2025-07-16T01:38:03.631953Z", "fetched_at": "2025-07-16T01:39:34.450816+00:00", "symbol": "ADA-USD"}, {"trade_id": 143793273, "side": "buy", "size": "8.34834902", "price": "0.74860000", "time": "2025-07-16T01:38:02.615601Z", "fetched_at": "2025-07-16T01:39:34.450816+00:00", "symbol": "ADA-USD"}, {"trade_id": 143793272, "side": "buy", "size": "1.50000000", "price": "0.74860000", "time": "2025-07-16T01:38:02.615601Z", "fetched_at": "2025-07-16T01:39:34.450816+00:00", "symbol": "ADA-USD"}, {"trade_id": 143793271, "side": "buy", "size": "6.15188298", "price": "0.74870000", "time": "2025-07-16T01:38:02.615601Z", "fetched_at": "2025-07-16T01:39:34.450816+00:00", "symbol": "ADA-USD"}, {"trade_id": 143793270, "side": "buy", "size": "25.10000000", "price": "0.74870000", "time": "2025-07-16T01:38:02.615601Z", "fetched_at": "2025-07-16T01:39:34.450816+00:00", "symbol": "ADA-USD"}, {"trade_id": 143793269, "side": "buy", "size": "54.39347746", "price": "0.74880000", "time": "2025-07-16T01:38:01.924855Z", "fetched_at": "2025-07-16T01:39:34.450816+00:00", "symbol": "ADA-USD"}, {"trade_id": 143793268, "side": "buy", "size": "111.13701000", "price": "0.74880000", "time": "2025-07-16T01:38:01.920073Z", "fetched_at": "2025-07-16T01:39:34.450816+00:00", "symbol": "ADA-USD"}, {"trade_id": 143793267, "side": "buy", "size": "388.86298718", "price": "0.74880000", "time": "2025-07-16T01:38:01.914066Z", "fetched_at": "2025-07-16T01:39:34.450816+00:00", "symbol": "ADA-USD"}, {"trade_id": 143793266, "side": "buy", "size": "156.96899952", "price": "0.74880000", "time": "2025-07-16T01:38:01.914066Z", "fetched_at": "2025-07-16T01:39:34.450816+00:00", "symbol": "ADA-USD"}, {"trade_id": 143793265, "side": "buy", "size": "1086.62784528", "price": "0.74880000", "time": "2025-07-16T01:37:57.327970Z", "fetched_at": "2025-07-16T01:39:34.450816+00:00", "symbol": "ADA-USD"}, {"trade_id": 143793264, "side": "buy", "size": "886.25638710", "price": "0.74880000", "time": "2025-07-16T01:37:57.327970Z", "fetched_at": "2025-07-16T01:39:34.450816+00:00", "symbol": "ADA-USD"}, {"trade_id": 143793263, "side": "buy", "size": "16.51303122", "price": "0.74880000", "time": "2025-07-16T01:37:57.327970Z", "fetched_at": "2025-07-16T01:39:34.450816+00:00", "symbol": "ADA-USD"}, {"trade_id": 143793262, "side": "buy", "size": "594.00000000", "price": "0.74890000", "time": "2025-07-16T01:37:57.327970Z", "fetched_at": "2025-07-16T01:39:34.450816+00:00", "symbol": "ADA-USD"}, {"trade_id": 143793261, "side": "buy", "size": "165.50838431", "price": "0.74890000", "time": "2025-07-16T01:37:57.327970Z", "fetched_at": "2025-07-16T01:39:34.450816+00:00", "symbol": "ADA-USD"}, {"trade_id": 143793260, "side": "sell", "size": "32.43604800", "price": "0.74900000", "time": "2025-07-16T01:37:57.172364Z", "fetched_at": "2025-07-16T01:39:34.450816+00:00", "symbol": "ADA-USD"}, {"trade_id": 143793259, "side": "sell", "size": "63.32108000", "price": "0.74900000", "time": "2025-07-16T01:37:50.136882Z", "fetched_at": "2025-07-16T01:39:34.450816+00:00", "symbol": "ADA-USD"}, {"trade_id": 143793258, "side": "sell", "size": "12.88566100", "price": "0.74900000", "time": "2025-07-16T01:37:46.650090Z", "fetched_at": "2025-07-16T01:39:34.450816+00:00", "symbol": "ADA-USD"}, {"trade_id": 143793257, "side": "sell", "size": "665.80309704", "price": "0.74910000", "time": "2025-07-16T01:37:43.428438Z", "fetched_at": "2025-07-16T01:39:34.450816+00:00", "symbol": "ADA-USD"}, {"trade_id": 143793256, "side": "sell", "size": "648.89423100", "price": "0.74910000", "time": "2025-07-16T01:37:39.497654Z", "fetched_at": "2025-07-16T01:39:34.450816+00:00", "symbol": "ADA-USD"}, {"trade_id": 143793255, "side": "sell", "size": "99.15865400", "price": "0.74910000", "time": "2025-07-16T01:37:37.248633Z", "fetched_at": "2025-07-16T01:39:34.450816+00:00", "symbol": "ADA-USD"}, {"trade_id": 143793254, "side": "buy", "size": "158.45166000", "price": "0.74890000", "time": "2025-07-16T01:37:37.133271Z", "fetched_at": "2025-07-16T01:39:34.450816+00:00", "symbol": "ADA-USD"}, {"trade_id": 143793253, "side": "buy", "size": "260.36962000", "price": "0.74890000", "time": "2025-07-16T01:37:37.133271Z", "fetched_at": "2025-07-16T01:39:34.450816+00:00", "symbol": "ADA-USD"}, {"trade_id": 143793252, "side": "buy", "size": "260.36962000", "price": "0.74900000", "time": "2025-07-16T01:37:37.133271Z", "fetched_at": "2025-07-16T01:39:34.450816+00:00", "symbol": "ADA-USD"}, {"trade_id": 143793251, "side": "sell", "size": "60.34624600", "price": "0.74910000", "time": "2025-07-16T01:37:35.227932Z", "fetched_at": "2025-07-16T01:39:34.450816+00:00", "symbol": "ADA-USD"}, {"trade_id": 143793250, "side": "sell", "size": "1.50000000", "price": "0.74910000", "time": "2025-07-16T01:37:35.227932Z", "fetched_at": "2025-07-16T01:39:34.450816+00:00", "symbol": "ADA-USD"}, {"trade_id": 143793249, "side": "sell", "size": "1.50000000", "price": "0.74900000", "time": "2025-07-16T01:37:35.227932Z", "fetched_at": "2025-07-16T01:39:34.450816+00:00", "symbol": "ADA-USD"}, {"trade_id": 143793248, "side": "sell", "size": "1.50000000", "price": "0.74890000", "time": "2025-07-16T01:37:33.393042Z", "fetched_at": "2025-07-16T01:39:34.450816+00:00", "symbol": "ADA-USD"}, {"trade_id": 143793247, "side": "sell", "size": "1.39324011", "price": "0.74880000", "time": "2025-07-16T01:37:33.287518Z", "fetched_at": "2025-07-16T01:39:34.450816+00:00", "symbol": "ADA-USD"}, {"trade_id": 143793246, "side": "sell", "size": "125.18879400", "price": "0.74880000", "time": "2025-07-16T01:37:24.258290Z", "fetched_at": "2025-07-16T01:39:34.450816+00:00", "symbol": "ADA-USD"}, {"trade_id": 143793245, "side": "sell", "size": "1.50000000", "price": "0.74880000", "time": "2025-07-16T01:37:24.258290Z", "fetched_at": "2025-07-16T01:39:34.450816+00:00", "symbol": "ADA-USD"}, {"trade_id": 143793244, "side": "sell", "size": "1.50000000", "price": "0.74870000", "time": "2025-07-16T01:37:23.562142Z", "fetched_at": "2025-07-16T01:39:34.450816+00:00", "symbol": "ADA-USD"}, {"trade_id": 143793243, "side": "sell", "size": "6.31671879", "price": "0.74860000", "time": "2025-07-16T01:37:23.475532Z", "fetched_at": "2025-07-16T01:39:34.450816+00:00", "symbol": "ADA-USD"}, {"trade_id": 143793242, "side": "sell", "size": "1.50000000", "price": "0.74860000", "time": "2025-07-16T01:37:19.946516Z", "fetched_at": "2025-07-16T01:39:34.450816+00:00", "symbol": "ADA-USD"}, {"trade_id": 143793241, "side": "sell", "size": "1156.81000000", "price": "0.74850000", "time": "2025-07-16T01:37:19.923065Z", "fetched_at": "2025-07-16T01:39:34.450816+00:00", "symbol": "ADA-USD"}, {"trade_id": 143793240, "side": "sell", "size": "616.98000000", "price": "0.74850000", "time": "2025-07-16T01:37:19.923065Z", "fetched_at": "2025-07-16T01:39:34.450816+00:00", "symbol": "ADA-USD"}, {"trade_id": 143793239, "side": "sell", "size": "22.97043104", "price": "0.74840000", "time": "2025-07-16T01:37:19.823114Z", "fetched_at": "2025-07-16T01:39:34.450816+00:00", "symbol": "ADA-USD"}, {"trade_id": 143793238, "side": "sell", "size": "11.80923349", "price": "0.74850000", "time": "2025-07-16T01:37:17.379055Z", "fetched_at": "2025-07-16T01:39:34.450816+00:00", "symbol": "ADA-USD"}, {"trade_id": 143793237, "side": "sell", "size": "1.50000000", "price": "0.74850000", "time": "2025-07-16T01:37:17.379055Z", "fetched_at": "2025-07-16T01:39:34.450816+00:00", "symbol": "ADA-USD"}, {"trade_id": 143793236, "side": "sell", "size": "13.13638551", "price": "0.74840000", "time": "2025-07-16T01:37:17.379055Z", "fetched_at": "2025-07-16T01:39:34.450816+00:00", "symbol": "ADA-USD"}, {"trade_id": 143793235, "side": "buy", "size": "74.22306900", "price": "0.74830000", "time": "2025-07-16T01:37:16.064231Z", "fetched_at": "2025-07-16T01:39:34.450816+00:00", "symbol": "ADA-USD"}, {"trade_id": 143793234, "side": "sell", "size": "165.66000000", "price": "0.74830000", "time": "2025-07-16T01:37:14.602247Z", "fetched_at": "2025-07-16T01:39:34.450816+00:00", "symbol": "ADA-USD"}, {"trade_id": 143793233, "side": "sell", "size": "165.65222518", "price": "0.74830000", "time": "2025-07-16T01:37:14.602247Z", "fetched_at": "2025-07-16T01:39:34.450816+00:00", "symbol": "ADA-USD"}, {"trade_id": 143793232, "side": "sell", "size": "181.87655782", "price": "0.74840000", "time": "2025-07-16T01:37:14.200897Z", "fetched_at": "2025-07-16T01:39:34.450816+00:00", "symbol": "ADA-USD"}, {"trade_id": 143793231, "side": "sell", "size": "209.63121400", "price": "0.74840000", "time": "2025-07-16T01:37:14.200897Z", "fetched_at": "2025-07-16T01:39:34.450816+00:00", "symbol": "ADA-USD"}, {"trade_id": 143793230, "side": "sell", "size": "165.66000000", "price": "0.74830000", "time": "2025-07-16T01:37:14.200897Z", "fetched_at": "2025-07-16T01:39:34.450816+00:00", "symbol": "ADA-USD"}, {"trade_id": 143793229, "side": "sell", "size": "165.65222518", "price": "0.74830000", "time": "2025-07-16T01:37:14.200897Z", "fetched_at": "2025-07-16T01:39:34.450816+00:00", "symbol": "ADA-USD"}, {"trade_id": 143793228, "side": "sell", "size": "185.45479598", "price": "0.74830000", "time": "2025-07-16T01:37:12.688349Z", "fetched_at": "2025-07-16T01:39:34.450816+00:00", "symbol": "ADA-USD"}, {"trade_id": 143793227, "side": "sell", "size": "415.09904000", "price": "0.74830000", "time": "2025-07-16T01:37:12.688349Z", "fetched_at": "2025-07-16T01:39:34.450816+00:00", "symbol": "ADA-USD"}, {"trade_id": 143793226, "side": "buy", "size": "438.70887530", "price": "0.74820000", "time": "2025-07-16T01:37:11.774349Z", "fetched_at": "2025-07-16T01:39:34.450816+00:00", "symbol": "ADA-USD"}, {"trade_id": 143793225, "side": "buy", "size": "657.30000000", "price": "0.74820000", "time": "2025-07-16T01:37:11.774349Z", "fetched_at": "2025-07-16T01:39:34.450816+00:00", "symbol": "ADA-USD"}, {"trade_id": 143793224, "side": "buy", "size": "500.00000000", "price": "0.74820000", "time": "2025-07-16T01:37:11.774349Z", "fetched_at": "2025-07-16T01:39:34.450816+00:00", "symbol": "ADA-USD"}, {"trade_id": 143793223, "side": "buy", "size": "615.29222756", "price": "0.74820000", "time": "2025-07-16T01:37:11.774349Z", "fetched_at": "2025-07-16T01:39:34.450816+00:00", "symbol": "ADA-USD"}, {"trade_id": 143793222, "side": "buy", "size": "594.00000000", "price": "0.74820000", "time": "2025-07-16T01:37:11.774349Z", "fetched_at": "2025-07-16T01:39:34.450816+00:00", "symbol": "ADA-USD"}, {"trade_id": 143793221, "side": "buy", "size": "1.50000000", "price": "0.74820000", "time": "2025-07-16T01:37:11.774349Z", "fetched_at": "2025-07-16T01:39:34.450816+00:00", "symbol": "ADA-USD"}, {"trade_id": 143793220, "side": "sell", "size": "67.10146600", "price": "0.74840000", "time": "2025-07-16T01:37:11.674533Z", "fetched_at": "2025-07-16T01:39:34.450816+00:00", "symbol": "ADA-USD"}, {"trade_id": 143793219, "side": "sell", "size": "594.00000000", "price": "0.74840000", "time": "2025-07-16T01:37:11.674533Z", "fetched_at": "2025-07-16T01:39:34.450816+00:00", "symbol": "ADA-USD"}, {"trade_id": 143793218, "side": "buy", "size": "13.37791721", "price": "0.74830000", "time": "2025-07-16T01:37:10.771860Z", "fetched_at": "2025-07-16T01:39:34.450816+00:00", "symbol": "ADA-USD"}, {"trade_id": 143793217, "side": "buy", "size": "4820.40000000", "price": "0.74830000", "time": "2025-07-16T01:37:10.771860Z", "fetched_at": "2025-07-16T01:39:34.450816+00:00", "symbol": "ADA-USD"}, {"trade_id": 143793216, "side": "buy", "size": "1.50000000", "price": "0.74830000", "time": "2025-07-16T01:37:10.771860Z", "fetched_at": "2025-07-16T01:39:34.450816+00:00", "symbol": "ADA-USD"}, {"trade_id": 143793215, "side": "buy", "size": "13.37612968", "price": "0.74840000", "time": "2025-07-16T01:37:10.718045Z", "fetched_at": "2025-07-16T01:39:34.450816+00:00", "symbol": "ADA-USD"}, {"trade_id": 143793214, "side": "buy", "size": "1.50000000", "price": "0.74840000", "time": "2025-07-16T01:37:10.718045Z", "fetched_at": "2025-07-16T01:39:34.450816+00:00", "symbol": "ADA-USD"}, {"trade_id": 143793213, "side": "buy", "size": "12.90815219", "price": "0.74850000", "time": "2025-07-16T01:37:10.499750Z", "fetched_at": "2025-07-16T01:39:34.450816+00:00", "symbol": "ADA-USD"}, {"trade_id": 143793212, "side": "buy", "size": "1.50000000", "price": "0.74850000", "time": "2025-07-16T01:37:10.499750Z", "fetched_at": "2025-07-16T01:39:34.450816+00:00", "symbol": "ADA-USD"}, {"trade_id": 143793211, "side": "buy", "size": "14.79741757", "price": "0.74860000", "time": "2025-07-16T01:37:09.186796Z", "fetched_at": "2025-07-16T01:39:34.450816+00:00", "symbol": "ADA-USD"}, {"trade_id": 143793210, "side": "sell", "size": "26.43877700", "price": "0.74880000", "time": "2025-07-16T01:37:05.994312Z", "fetched_at": "2025-07-16T01:39:34.450816+00:00", "symbol": "ADA-USD"}, {"trade_id": 143793209, "side": "buy", "size": "64.57395879", "price": "0.74860000", "time": "2025-07-16T01:36:59.343996Z", "fetched_at": "2025-07-16T01:39:34.450816+00:00", "symbol": "ADA-USD"}, {"trade_id": 143793208, "side": "buy", "size": "15.56494821", "price": "0.74860000", "time": "2025-07-16T01:36:59.343996Z", "fetched_at": "2025-07-16T01:39:34.450816+00:00", "symbol": "ADA-USD"}, {"trade_id": 143793207, "side": "buy", "size": "165.55259652", "price": "0.74870000", "time": "2025-07-16T01:36:58.213921Z", "fetched_at": "2025-07-16T01:39:34.450816+00:00", "symbol": "ADA-USD"}, {"trade_id": 143793206, "side": "buy", "size": "165.55259000", "price": "0.74870000", "time": "2025-07-16T01:36:58.209810Z", "fetched_at": "2025-07-16T01:39:34.450816+00:00", "symbol": "ADA-USD"}, {"trade_id": 143793205, "side": "buy", "size": "594.00000000", "price": "0.74890000", "time": "2025-07-16T01:36:56.798100Z", "fetched_at": "2025-07-16T01:39:34.450816+00:00", "symbol": "ADA-USD"}, {"trade_id": 143793204, "side": "buy", "size": "22.44908819", "price": "0.74890000", "time": "2025-07-16T01:36:56.798100Z", "fetched_at": "2025-07-16T01:39:34.450816+00:00", "symbol": "ADA-USD"}, {"trade_id": 143793203, "side": "sell", "size": "1.50000000", "price": "0.74890000", "time": "2025-07-16T01:36:56.635739Z", "fetched_at": "2025-07-16T01:39:34.450816+00:00", "symbol": "ADA-USD"}, {"trade_id": 143793202, "side": "sell", "size": "1.50000000", "price": "0.74880000", "time": "2025-07-16T01:36:56.534113Z", "fetched_at": "2025-07-16T01:39:34.450816+00:00", "symbol": "ADA-USD"}, {"trade_id": 143793201, "side": "sell", "size": "1.50000000", "price": "0.74870000", "time": "2025-07-16T01:36:55.710604Z", "fetched_at": "2025-07-16T01:39:34.450816+00:00", "symbol": "ADA-USD"}, {"trade_id": 143793200, "side": "buy", "size": "548.54635200", "price": "0.74860000", "time": "2025-07-16T01:36:54.221238Z", "fetched_at": "2025-07-16T01:39:34.450816+00:00", "symbol": "ADA-USD"}, {"trade_id": 143793199, "side": "buy", "size": "155.25539500", "price": "0.74860000", "time": "2025-07-16T01:36:47.578926Z", "fetched_at": "2025-07-16T01:39:34.450816+00:00", "symbol": "ADA-USD"}, {"trade_id": 143793198, "side": "sell", "size": "1.50000000", "price": "0.74860000", "time": "2025-07-16T01:36:45.736839Z", "fetched_at": "2025-07-16T01:39:34.450816+00:00", "symbol": "ADA-USD"}, {"trade_id": 143793197, "side": "sell", "size": "4.70821137", "price": "0.74850000", "time": "2025-07-16T01:36:45.014786Z", "fetched_at": "2025-07-16T01:39:34.450816+00:00", "symbol": "ADA-USD"}, {"trade_id": 143793196, "side": "buy", "size": "4.99545515", "price": "0.74840000", "time": "2025-07-16T01:36:44.609180Z", "fetched_at": "2025-07-16T01:39:34.450816+00:00", "symbol": "ADA-USD"}, {"trade_id": 143793195, "side": "sell", "size": "60.91219600", "price": "0.74850000", "time": "2025-07-16T01:36:43.196626Z", "fetched_at": "2025-07-16T01:39:34.450816+00:00", "symbol": "ADA-USD"}, {"trade_id": 143793194, "side": "sell", "size": "263.83171800", "price": "0.74850000", "time": "2025-07-16T01:36:43.196626Z", "fetched_at": "2025-07-16T01:39:34.450816+00:00", "symbol": "ADA-USD"}, {"trade_id": 143793193, "side": "sell", "size": "12.90096200", "price": "0.74850000", "time": "2025-07-16T01:36:43.181901Z", "fetched_at": "2025-07-16T01:39:34.450816+00:00", "symbol": "ADA-USD"}, {"trade_id": 143793192, "side": "sell", "size": "29.45627558", "price": "0.74860000", "time": "2025-07-16T01:36:41.784652Z", "fetched_at": "2025-07-16T01:39:34.450816+00:00", "symbol": "ADA-USD"}, {"trade_id": 143793191, "side": "sell", "size": "3.62753642", "price": "0.74850000", "time": "2025-07-16T01:36:41.784652Z", "fetched_at": "2025-07-16T01:39:34.450816+00:00", "symbol": "ADA-USD"}, {"trade_id": 143793190, "side": "sell", "size": "3.30838100", "price": "0.74850000", "time": "2025-07-16T01:36:40.669216Z", "fetched_at": "2025-07-16T01:39:34.450816+00:00", "symbol": "ADA-USD"}, {"trade_id": 143793189, "side": "buy", "size": "19.75473685", "price": "0.74830000", "time": "2025-07-16T01:36:39.616723Z", "fetched_at": "2025-07-16T01:39:34.450816+00:00", "symbol": "ADA-USD"}, {"trade_id": 143793188, "side": "buy", "size": "8.66812455", "price": "0.74840000", "time": "2025-07-16T01:36:39.616723Z", "fetched_at": "2025-07-16T01:39:34.450816+00:00", "symbol": "ADA-USD"}, {"trade_id": 143793187, "side": "buy", "size": "19.50328024", "price": "0.74840000", "time": "2025-07-16T01:36:39.616723Z", "fetched_at": "2025-07-16T01:39:34.450816+00:00", "symbol": "ADA-USD"}, {"trade_id": 143793186, "side": "buy", "size": "159.18235648", "price": "0.74840000", "time": "2025-07-16T01:36:39.616723Z", "fetched_at": "2025-07-16T01:39:34.450816+00:00", "symbol": "ADA-USD"}, {"trade_id": 143793185, "side": "sell", "size": "14.71029092", "price": "0.74840000", "time": "2025-07-16T01:36:38.904198Z", "fetched_at": "2025-07-16T01:39:34.450816+00:00", "symbol": "ADA-USD"}, {"trade_id": 143793184, "side": "sell", "size": "1.50000000", "price": "0.74840000", "time": "2025-07-16T01:36:38.904198Z", "fetched_at": "2025-07-16T01:39:34.450816+00:00", "symbol": "ADA-USD"}, {"trade_id": 143793183, "side": "sell", "size": "64.07056000", "price": "0.74820000", "time": "2025-07-16T01:36:38.614573Z", "fetched_at": "2025-07-16T01:39:34.450816+00:00", "symbol": "ADA-USD"}, {"trade_id": 143793182, "side": "sell", "size": "161.58935451", "price": "0.74800000", "time": "2025-07-16T01:36:35.775073Z", "fetched_at": "2025-07-16T01:39:34.450816+00:00", "symbol": "ADA-USD"}, {"trade_id": 143793181, "side": "buy", "size": "69.40463185", "price": "0.74800000", "time": "2025-07-16T01:36:32.573049Z", "fetched_at": "2025-07-16T01:39:34.450816+00:00", "symbol": "ADA-USD"}, {"trade_id": 143793180, "side": "sell", "size": "127.50000000", "price": "0.74810000", "time": "2025-07-16T01:36:28.896336Z", "fetched_at": "2025-07-16T01:39:34.450816+00:00", "symbol": "ADA-USD"}, {"trade_id": 143793179, "side": "buy", "size": "1.50000000", "price": "0.74790000", "time": "2025-07-16T01:36:27.087597Z", "fetched_at": "2025-07-16T01:39:34.450816+00:00", "symbol": "ADA-USD"}, {"trade_id": 143793178, "side": "buy", "size": "1.50000000", "price": "0.74800000", "time": "2025-07-16T01:36:27.074948Z", "fetched_at": "2025-07-16T01:39:34.450816+00:00", "symbol": "ADA-USD"}, {"trade_id": 143793177, "side": "buy", "size": "0.00000219", "price": "0.74810000", "time": "2025-07-16T01:36:27.070390Z", "fetched_at": "2025-07-16T01:39:34.450816+00:00", "symbol": "ADA-USD"}, {"trade_id": 143793176, "side": "buy", "size": "79.22367000", "price": "0.74810000", "time": "2025-07-16T01:36:27.067317Z", "fetched_at": "2025-07-16T01:39:34.450816+00:00", "symbol": "ADA-USD"}, {"trade_id": 143793175, "side": "buy", "size": "4743.36316813", "price": "0.74820000", "time": "2025-07-16T01:36:25.515447Z", "fetched_at": "2025-07-16T01:39:34.450816+00:00", "symbol": "ADA-USD"}, {"trade_id": 143793174, "side": "buy", "size": "290.70737408", "price": "0.74820000", "time": "2025-07-16T01:36:25.515447Z", "fetched_at": "2025-07-16T01:39:34.450816+00:00", "symbol": "ADA-USD"}, {"trade_id": 143793173, "side": "sell", "size": "165.71857775", "price": "0.74810000", "time": "2025-07-16T01:36:23.850777Z", "fetched_at": "2025-07-16T01:39:34.450816+00:00", "symbol": "ADA-USD"}, {"trade_id": 143793172, "side": "sell", "size": "2602.82062181", "price": "0.74810000", "time": "2025-07-16T01:36:23.847971Z", "fetched_at": "2025-07-16T01:39:34.450816+00:00", "symbol": "ADA-USD"}, {"trade_id": 143793171, "side": "sell", "size": "3254.96116721", "price": "0.74810000", "time": "2025-07-16T01:36:23.846658Z", "fetched_at": "2025-07-16T01:39:34.450816+00:00", "symbol": "ADA-USD"}, {"trade_id": 143793170, "side": "sell", "size": "1346.54643525", "price": "0.74810000", "time": "2025-07-16T01:36:23.846309Z", "fetched_at": "2025-07-16T01:39:34.450816+00:00", "symbol": "ADA-USD"}, {"trade_id": 143793169, "side": "sell", "size": "1278.73474426", "price": "0.74810000", "time": "2025-07-16T01:36:23.845832Z", "fetched_at": "2025-07-16T01:39:34.450816+00:00", "symbol": "ADA-USD"}, {"trade_id": 143793168, "side": "sell", "size": "1055.92490246", "price": "0.74810000", "time": "2025-07-16T01:36:23.824273Z", "fetched_at": "2025-07-16T01:39:34.450816+00:00", "symbol": "ADA-USD"}, {"trade_id": 143793167, "side": "sell", "size": "1114.04920901", "price": "0.74810000", "time": "2025-07-16T01:36:23.811823Z", "fetched_at": "2025-07-16T01:39:34.450816+00:00", "symbol": "ADA-USD"}, {"trade_id": 143793166, "side": "sell", "size": "2412.15872213", "price": "0.74810000", "time": "2025-07-16T01:36:23.779124Z", "fetched_at": "2025-07-16T01:39:34.450816+00:00", "symbol": "ADA-USD"}, {"trade_id": 143793165, "side": "sell", "size": "794.36552295", "price": "0.74810000", "time": "2025-07-16T01:36:23.754926Z", "fetched_at": "2025-07-16T01:39:34.450816+00:00", "symbol": "ADA-USD"}, {"trade_id": 143793164, "side": "sell", "size": "1112.95625525", "price": "0.74810000", "time": "2025-07-16T01:36:23.742441Z", "fetched_at": "2025-07-16T01:39:34.450816+00:00", "symbol": "ADA-USD"}, {"trade_id": 143793163, "side": "sell", "size": "87.10333571", "price": "0.74810000", "time": "2025-07-16T01:36:23.742441Z", "fetched_at": "2025-07-16T01:39:34.450816+00:00", "symbol": "ADA-USD"}, {"trade_id": 143793162, "side": "buy", "size": "32.94132001", "price": "0.74800000", "time": "2025-07-16T01:36:20.158595Z", "fetched_at": "2025-07-16T01:39:34.450816+00:00", "symbol": "ADA-USD"}, {"trade_id": 143793161, "side": "buy", "size": "165.68537497", "price": "0.74810000", "time": "2025-07-16T01:36:18.876199Z", "fetched_at": "2025-07-16T01:39:34.450816+00:00", "symbol": "ADA-USD"}, {"trade_id": 143793160, "side": "buy", "size": "822.31345152", "price": "0.74810000", "time": "2025-07-16T01:36:18.876199Z", "fetched_at": "2025-07-16T01:39:34.450816+00:00", "symbol": "ADA-USD"}, {"trade_id": 143793159, "side": "sell", "size": "165.69647654", "price": "0.74810000", "time": "2025-07-16T01:36:16.320191Z", "fetched_at": "2025-07-16T01:39:34.450816+00:00", "symbol": "ADA-USD"}, {"trade_id": 143793158, "side": "sell", "size": "4792.90000000", "price": "0.74810000", "time": "2025-07-16T01:36:16.320191Z", "fetched_at": "2025-07-16T01:39:34.450816+00:00", "symbol": "ADA-USD"}, {"trade_id": 143793157, "side": "sell", "size": "495.93534739", "price": "0.74810000", "time": "2025-07-16T01:36:12.877338Z", "fetched_at": "2025-07-16T01:39:34.450816+00:00", "symbol": "ADA-USD"}, {"trade_id": 143793156, "side": "sell", "size": "165.74089861", "price": "0.74800000", "time": "2025-07-16T01:36:12.877338Z", "fetched_at": "2025-07-16T01:39:34.450816+00:00", "symbol": "ADA-USD"}, {"trade_id": 143793155, "side": "buy", "size": "8.45174384", "price": "0.74790000", "time": "2025-07-16T01:36:08.851715Z", "fetched_at": "2025-07-16T01:39:34.450816+00:00", "symbol": "ADA-USD"}, {"trade_id": 143793154, "side": "buy", "size": "1.50000000", "price": "0.74790000", "time": "2025-07-16T01:36:08.851715Z", "fetched_at": "2025-07-16T01:39:34.450816+00:00", "symbol": "ADA-USD"}, {"trade_id": 143793153, "side": "buy", "size": "12.65742846", "price": "0.74800000", "time": "2025-07-16T01:36:07.727049Z", "fetched_at": "2025-07-16T01:39:34.450816+00:00", "symbol": "ADA-USD"}, {"trade_id": 143793152, "side": "buy", "size": "12.31049546", "price": "0.74800000", "time": "2025-07-16T01:36:07.704181Z", "fetched_at": "2025-07-16T01:39:34.450816+00:00", "symbol": "ADA-USD"}, {"trade_id": 143793151, "side": "sell", "size": "4.99545515", "price": "0.74810000", "time": "2025-07-16T01:36:07.676227Z", "fetched_at": "2025-07-16T01:39:34.450816+00:00", "symbol": "ADA-USD"}, {"trade_id": 143793150, "side": "buy", "size": "208.17542560", "price": "0.74800000", "time": "2025-07-16T01:36:06.197168Z", "fetched_at": "2025-07-16T01:39:34.450816+00:00", "symbol": "ADA-USD"}, {"trade_id": 143793149, "side": "buy", "size": "880.52415954", "price": "0.74800000", "time": "2025-07-16T01:36:06.197168Z", "fetched_at": "2025-07-16T01:39:34.450816+00:00", "symbol": "ADA-USD"}, {"trade_id": 143793148, "side": "buy", "size": "1.50000000", "price": "0.74800000", "time": "2025-07-16T01:36:06.197168Z", "fetched_at": "2025-07-16T01:39:34.450816+00:00", "symbol": "ADA-USD"}, {"trade_id": 143793147, "side": "buy", "size": "13.32696486", "price": "0.74810000", "time": "2025-07-16T01:36:06.197168Z", "fetched_at": "2025-07-16T01:39:34.450816+00:00", "symbol": "ADA-USD"}, {"trade_id": 143793146, "side": "buy", "size": "554.76548200", "price": "0.74810000", "time": "2025-07-16T01:36:03.366805Z", "fetched_at": "2025-07-16T01:39:34.450816+00:00", "symbol": "ADA-USD"}, {"trade_id": 143793145, "side": "buy", "size": "1.50000000", "price": "0.74810000", "time": "2025-07-16T01:36:03.366805Z", "fetched_at": "2025-07-16T01:39:34.450816+00:00", "symbol": "ADA-USD"}, {"trade_id": 143793144, "side": "buy", "size": "34.23490672", "price": "0.74820000", "time": "2025-07-16T01:36:00.885165Z", "fetched_at": "2025-07-16T01:39:34.450816+00:00", "symbol": "ADA-USD"}, {"trade_id": 143793143, "side": "buy", "size": "4793.20000000", "price": "0.74820000", "time": "2025-07-16T01:36:00.885165Z", "fetched_at": "2025-07-16T01:39:34.450816+00:00", "symbol": "ADA-USD"}, {"trade_id": 143793142, "side": "buy", "size": "1.50000000", "price": "0.74820000", "time": "2025-07-16T01:36:00.885165Z", "fetched_at": "2025-07-16T01:39:34.450816+00:00", "symbol": "ADA-USD"}, {"trade_id": 143793141, "side": "buy", "size": "0.10000000", "price": "0.74820000", "time": "2025-07-16T01:36:00.885165Z", "fetched_at": "2025-07-16T01:39:34.450816+00:00", "symbol": "ADA-USD"}, {"trade_id": 143793140, "side": "buy", "size": "0.00000632", "price": "0.74830000", "time": "2025-07-16T01:36:00.839871Z", "fetched_at": "2025-07-16T01:39:34.450816+00:00", "symbol": "ADA-USD"}, {"trade_id": 143793139, "side": "buy", "size": "55.39391000", "price": "0.74830000", "time": "2025-07-16T01:36:00.837034Z", "fetched_at": "2025-07-16T01:39:34.450816+00:00", "symbol": "ADA-USD"}, {"trade_id": 143793138, "side": "buy", "size": "55.39391000", "price": "0.74830000", "time": "2025-07-16T01:36:00.766040Z", "fetched_at": "2025-07-16T01:39:34.450816+00:00", "symbol": "ADA-USD"}, {"trade_id": 143793137, "side": "buy", "size": "1.50000000", "price": "0.74830000", "time": "2025-07-16T01:36:00.766040Z", "fetched_at": "2025-07-16T01:39:34.450816+00:00", "symbol": "ADA-USD"}, {"trade_id": 143793136, "side": "buy", "size": "37.07060000", "price": "0.74840000", "time": "2025-07-16T01:36:00.372371Z", "fetched_at": "2025-07-16T01:39:34.450816+00:00", "symbol": "ADA-USD"}, {"trade_id": 143793135, "side": "buy", "size": "165.61890000", "price": "0.74840000", "time": "2025-07-16T01:36:00.362852Z", "fetched_at": "2025-07-16T01:39:34.450816+00:00", "symbol": "ADA-USD"}, {"trade_id": 143793134, "side": "sell", "size": "670.20592224", "price": "0.74860000", "time": "2025-07-16T01:35:57.385045Z", "fetched_at": "2025-07-16T01:39:34.450816+00:00", "symbol": "ADA-USD"}, {"trade_id": 143793133, "side": "sell", "size": "62.67803013", "price": "0.74860000", "time": "2025-07-16T01:35:57.385045Z", "fetched_at": "2025-07-16T01:39:34.450816+00:00", "symbol": "ADA-USD"}, {"trade_id": 143793132, "side": "sell", "size": "1.50000000", "price": "0.74860000", "time": "2025-07-16T01:35:57.385045Z", "fetched_at": "2025-07-16T01:39:34.450816+00:00", "symbol": "ADA-USD"}, {"trade_id": 143793131, "side": "sell", "size": "651.59654455", "price": "0.74860000", "time": "2025-07-16T01:35:57.385045Z", "fetched_at": "2025-07-16T01:39:34.450816+00:00", "symbol": "ADA-USD"}, {"trade_id": 143793130, "side": "sell", "size": "594.00000000", "price": "0.74860000", "time": "2025-07-16T01:35:57.385045Z", "fetched_at": "2025-07-16T01:39:34.450816+00:00", "symbol": "ADA-USD"}, {"trade_id": 143793129, "side": "sell", "size": "438.00000000", "price": "0.74850000", "time": "2025-07-16T01:35:49.493791Z", "fetched_at": "2025-07-16T01:39:34.450816+00:00", "symbol": "ADA-USD"}, {"trade_id": 143793128, "side": "buy", "size": "1.50000000", "price": "0.74840000", "time": "2025-07-16T01:35:45.379366Z", "fetched_at": "2025-07-16T01:39:34.450816+00:00", "symbol": "ADA-USD"}, {"trade_id": 143793127, "side": "sell", "size": "33.06613200", "price": "0.74850000", "time": "2025-07-16T01:35:38.365204Z", "fetched_at": "2025-07-16T01:39:34.450816+00:00", "symbol": "ADA-USD"}, {"trade_id": 143793126, "side": "sell", "size": "0.09257300", "price": "0.74870000", "time": "2025-07-16T01:35:32.849079Z", "fetched_at": "2025-07-16T01:39:34.450816+00:00", "symbol": "ADA-USD"}, {"trade_id": 143793125, "side": "sell", "size": "375.62786838", "price": "0.74860000", "time": "2025-07-16T01:35:31.497470Z", "fetched_at": "2025-07-16T01:39:34.450816+00:00", "symbol": "ADA-USD"}, {"trade_id": 143793124, "side": "sell", "size": "19.79512221", "price": "0.74860000", "time": "2025-07-16T01:35:31.497470Z", "fetched_at": "2025-07-16T01:39:34.450816+00:00", "symbol": "ADA-USD"}, {"trade_id": 143793123, "side": "sell", "size": "2.64778941", "price": "0.74850000", "time": "2025-07-16T01:35:31.497470Z", "fetched_at": "2025-07-16T01:39:34.450816+00:00", "symbol": "ADA-USD"}, {"trade_id": 143793122, "side": "sell", "size": "202.96175541", "price": "0.74850000", "time": "2025-07-16T01:35:23.436624Z", "fetched_at": "2025-07-16T01:39:34.450816+00:00", "symbol": "ADA-USD"}, {"trade_id": 143793121, "side": "sell", "size": "10.94379941", "price": "0.74850000", "time": "2025-07-16T01:35:23.436624Z", "fetched_at": "2025-07-16T01:39:34.450816+00:00", "symbol": "ADA-USD"}, {"trade_id": 143793120, "side": "sell", "size": "151.69354200", "price": "0.74860000", "time": "2025-07-16T01:35:17.453772Z", "fetched_at": "2025-07-16T01:39:34.450816+00:00", "symbol": "ADA-USD"}, {"trade_id": 143793119, "side": "buy", "size": "9.71746200", "price": "0.74850000", "time": "2025-07-16T01:35:13.613030Z", "fetched_at": "2025-07-16T01:39:34.450816+00:00", "symbol": "ADA-USD"}, {"trade_id": 143793118, "side": "sell", "size": "8.50718413", "price": "0.74860000", "time": "2025-07-16T01:35:07.605144Z", "fetched_at": "2025-07-16T01:39:34.450816+00:00", "symbol": "ADA-USD"}, {"trade_id": 143793117, "side": "sell", "size": "4.71396987", "price": "0.74860000", "time": "2025-07-16T01:35:07.605144Z", "fetched_at": "2025-07-16T01:39:34.450816+00:00", "symbol": "ADA-USD"}, {"trade_id": 143793116, "side": "buy", "size": "16.51676000", "price": "0.74850000", "time": "2025-07-16T01:35:05.774195Z", "fetched_at": "2025-07-16T01:39:34.450816+00:00", "symbol": "ADA-USD"}, {"trade_id": 143793115, "side": "buy", "size": "1.50000000", "price": "0.74850000", "time": "2025-07-16T01:35:05.774195Z", "fetched_at": "2025-07-16T01:39:34.450816+00:00", "symbol": "ADA-USD"}, {"trade_id": 143793114, "side": "sell", "size": "32.44037900", "price": "0.74870000", "time": "2025-07-16T01:35:00.904931Z", "fetched_at": "2025-07-16T01:39:34.450816+00:00", "symbol": "ADA-USD"}, {"trade_id": 143793113, "side": "buy", "size": "1.18883700", "price": "0.74860000", "time": "2025-07-16T01:35:00.589844Z", "fetched_at": "2025-07-16T01:39:34.450816+00:00", "symbol": "ADA-USD"}, {"trade_id": 143793112, "side": "sell", "size": "1.32193900", "price": "0.74890000", "time": "2025-07-16T01:34:56.441777Z", "fetched_at": "2025-07-16T01:39:34.450816+00:00", "symbol": "ADA-USD"}, {"trade_id": 143793111, "side": "sell", "size": "6.60969400", "price": "0.74890000", "time": "2025-07-16T01:34:56.244334Z", "fetched_at": "2025-07-16T01:39:34.450816+00:00", "symbol": "ADA-USD"}, {"trade_id": 143793110, "side": "buy", "size": "49.57795163", "price": "0.74870000", "time": "2025-07-16T01:34:56.015549Z", "fetched_at": "2025-07-16T01:39:34.450816+00:00", "symbol": "ADA-USD"}, {"trade_id": 143793109, "side": "buy", "size": "17.19555237", "price": "0.74880000", "time": "2025-07-16T01:34:56.015549Z", "fetched_at": "2025-07-16T01:39:34.450816+00:00", "symbol": "ADA-USD"}, {"trade_id": 143793108, "side": "sell", "size": "160.13899107", "price": "0.74890000", "time": "2025-07-16T01:34:55.572921Z", "fetched_at": "2025-07-16T01:39:34.450816+00:00", "symbol": "ADA-USD"}, {"trade_id": 143793107, "side": "sell", "size": "26.44230800", "price": "0.74890000", "time": "2025-07-16T01:34:45.767781Z", "fetched_at": "2025-07-16T01:39:34.450816+00:00", "symbol": "ADA-USD"}, {"trade_id": 143793106, "side": "buy", "size": "37.26082243", "price": "0.74880000", "time": "2025-07-16T01:34:44.981423Z", "fetched_at": "2025-07-16T01:39:34.450816+00:00", "symbol": "ADA-USD"}, {"trade_id": 143793105, "side": "buy", "size": "15.87281757", "price": "0.74880000", "time": "2025-07-16T01:34:44.981423Z", "fetched_at": "2025-07-16T01:39:34.450816+00:00", "symbol": "ADA-USD"}, {"trade_id": 143793104, "side": "sell", "size": "276.73268000", "price": "0.74870000", "time": "2025-07-16T01:34:44.949472Z", "fetched_at": "2025-07-16T01:39:34.450816+00:00", "symbol": "ADA-USD"}, {"trade_id": 143793103, "side": "sell", "size": "2031.74058258", "price": "0.74880000", "time": "2025-07-16T01:34:44.726979Z", "fetched_at": "2025-07-16T01:39:34.450816+00:00", "symbol": "ADA-USD"}, {"trade_id": 143793102, "side": "sell", "size": "616.31233578", "price": "0.74880000", "time": "2025-07-16T01:34:44.726979Z", "fetched_at": "2025-07-16T01:39:34.450816+00:00", "symbol": "ADA-USD"}, {"trade_id": 143793101, "side": "sell", "size": "9.71320252", "price": "0.74870000", "time": "2025-07-16T01:34:44.726979Z", "fetched_at": "2025-07-16T01:39:34.450816+00:00", "symbol": "ADA-USD"}, {"trade_id": 143793100, "side": "sell", "size": "124.59076784", "price": "0.74860000", "time": "2025-07-16T01:34:44.387664Z", "fetched_at": "2025-07-16T01:39:34.450816+00:00", "symbol": "ADA-USD"}, {"trade_id": 143793099, "side": "buy", "size": "66.79134400", "price": "0.74850000", "time": "2025-07-16T01:34:43.106092Z", "fetched_at": "2025-07-16T01:39:34.450816+00:00", "symbol": "ADA-USD"}, {"trade_id": 143793098, "side": "sell", "size": "32.45338000", "price": "0.74860000", "time": "2025-07-16T01:34:42.498576Z", "fetched_at": "2025-07-16T01:39:34.450816+00:00", "symbol": "ADA-USD"}, {"trade_id": 143793097, "side": "sell", "size": "12.89062500", "price": "0.74850000", "time": "2025-07-16T01:34:37.935065Z", "fetched_at": "2025-07-16T01:39:34.450816+00:00", "symbol": "ADA-USD"}, {"trade_id": 143793096, "side": "sell", "size": "0.19834400", "price": "0.74850000", "time": "2025-07-16T01:34:37.685324Z", "fetched_at": "2025-07-16T01:39:34.450816+00:00", "symbol": "ADA-USD"}, {"trade_id": 143793095, "side": "buy", "size": "166.60120687", "price": "0.74850000", "time": "2025-07-16T01:34:32.507907Z", "fetched_at": "2025-07-16T01:39:34.450816+00:00", "symbol": "ADA-USD"}, {"trade_id": 143793094, "side": "buy", "size": "1.50000000", "price": "0.74850000", "time": "2025-07-16T01:34:32.507907Z", "fetched_at": "2025-07-16T01:39:34.450816+00:00", "symbol": "ADA-USD"}, {"trade_id": 143793093, "side": "buy", "size": "1.50000000", "price": "0.74860000", "time": "2025-07-16T01:34:32.279659Z", "fetched_at": "2025-07-16T01:39:34.450816+00:00", "symbol": "ADA-USD"}, {"trade_id": 143793092, "side": "sell", "size": "32.44471200", "price": "0.74880000", "time": "2025-07-16T01:34:28.144537Z", "fetched_at": "2025-07-16T01:39:34.450816+00:00", "symbol": "ADA-USD"}, {"trade_id": 143793091, "side": "sell", "size": "60.12643133", "price": "0.74880000", "time": "2025-07-16T01:34:27.822473Z", "fetched_at": "2025-07-16T01:39:34.450816+00:00", "symbol": "ADA-USD"}, {"trade_id": 143793090, "side": "sell", "size": "8.42363542", "price": "0.74880000", "time": "2025-07-16T01:34:27.822473Z", "fetched_at": "2025-07-16T01:39:34.450816+00:00", "symbol": "ADA-USD"}, {"trade_id": 143793089, "side": "sell", "size": "594.00000000", "price": "0.74880000", "time": "2025-07-16T01:34:27.822473Z", "fetched_at": "2025-07-16T01:39:34.450816+00:00", "symbol": "ADA-USD"}, {"trade_id": 143793088, "side": "sell", "size": "45.60979191", "price": "0.74880000", "time": "2025-07-16T01:34:27.231317Z", "fetched_at": "2025-07-16T01:39:34.450816+00:00", "symbol": "ADA-USD"}, {"trade_id": 143793087, "side": "sell", "size": "13.90565875", "price": "0.74880000", "time": "2025-07-16T01:34:27.227324Z", "fetched_at": "2025-07-16T01:39:34.450816+00:00", "symbol": "ADA-USD"}, {"trade_id": 143793086, "side": "sell", "size": "868.15500230", "price": "0.74880000", "time": "2025-07-16T01:34:27.227324Z", "fetched_at": "2025-07-16T01:39:34.450816+00:00", "symbol": "ADA-USD"}, {"trade_id": 143793085, "side": "sell", "size": "9784.88207770", "price": "0.74880000", "time": "2025-07-16T01:34:27.226968Z", "fetched_at": "2025-07-16T01:39:34.450816+00:00", "symbol": "ADA-USD"}, {"trade_id": 143793084, "side": "sell", "size": "1335.11348464", "price": "0.74870000", "time": "2025-07-16T01:34:26.556213Z", "fetched_at": "2025-07-16T01:39:34.450816+00:00", "symbol": "ADA-USD"}, {"trade_id": 143793083, "side": "sell", "size": "166.54554368", "price": "0.74870000", "time": "2025-07-16T01:34:26.556213Z", "fetched_at": "2025-07-16T01:39:34.450816+00:00", "symbol": "ADA-USD"}, {"trade_id": 143793082, "side": "buy", "size": "132.19775653", "price": "0.74870000", "time": "2025-07-16T01:34:15.989509Z", "fetched_at": "2025-07-16T01:39:34.450816+00:00", "symbol": "ADA-USD"}, {"trade_id": 143793081, "side": "buy", "size": "1.50000000", "price": "0.74870000", "time": "2025-07-16T01:34:15.989509Z", "fetched_at": "2025-07-16T01:39:34.450816+00:00", "symbol": "ADA-USD"}, {"trade_id": 143793080, "side": "sell", "size": "39.25110100", "price": "0.74880000", "time": "2025-07-16T01:34:15.760697Z", "fetched_at": "2025-07-16T01:39:34.450816+00:00", "symbol": "ADA-USD"}, {"trade_id": 143793079, "side": "buy", "size": "106.67367839", "price": "0.74880000", "time": "2025-07-16T01:34:13.975960Z", "fetched_at": "2025-07-16T01:39:34.450816+00:00", "symbol": "ADA-USD"}, {"trade_id": 143793078, "side": "buy", "size": "302.92791518", "price": "0.74880000", "time": "2025-07-16T01:34:13.975960Z", "fetched_at": "2025-07-16T01:39:34.450816+00:00", "symbol": "ADA-USD"}, {"trade_id": 143793077, "side": "buy", "size": "188.07133000", "price": "0.74880000", "time": "2025-07-16T01:34:13.974164Z", "fetched_at": "2025-07-16T01:39:34.450816+00:00", "symbol": "ADA-USD"}, {"trade_id": 143793076, "side": "buy", "size": "2014.55694842", "price": "0.74880000", "time": "2025-07-16T01:34:13.972665Z", "fetched_at": "2025-07-16T01:39:34.450816+00:00", "symbol": "ADA-USD"}, {"trade_id": 143793075, "side": "buy", "size": "67.82542546", "price": "0.74880000", "time": "2025-07-16T01:34:13.970628Z", "fetched_at": "2025-07-16T01:39:34.450816+00:00", "symbol": "ADA-USD"}, {"trade_id": 143793074, "side": "buy", "size": "157.54384000", "price": "0.74880000", "time": "2025-07-16T01:34:13.963849Z", "fetched_at": "2025-07-16T01:39:34.450816+00:00", "symbol": "ADA-USD"}, {"trade_id": 143793073, "side": "buy", "size": "72.56237344", "price": "0.74880000", "time": "2025-07-16T01:34:13.960232Z", "fetched_at": "2025-07-16T01:39:34.450816+00:00", "symbol": "ADA-USD"}, {"trade_id": 143793072, "side": "buy", "size": "135.81156000", "price": "0.74880000", "time": "2025-07-16T01:34:13.952922Z", "fetched_at": "2025-07-16T01:39:34.450816+00:00", "symbol": "ADA-USD"}, {"trade_id": 143793071, "side": "buy", "size": "845.97270209", "price": "0.74880000", "time": "2025-07-16T01:34:13.949534Z", "fetched_at": "2025-07-16T01:39:34.450816+00:00", "symbol": "ADA-USD"}, {"trade_id": 143793070, "side": "buy", "size": "6752.63105630", "price": "0.74880000", "time": "2025-07-16T01:34:13.940012Z", "fetched_at": "2025-07-16T01:39:34.450816+00:00", "symbol": "ADA-USD"}, {"trade_id": 143793069, "side": "buy", "size": "1097.51165406", "price": "0.74880000", "time": "2025-07-16T01:34:13.935837Z", "fetched_at": "2025-07-16T01:39:34.450816+00:00", "symbol": "ADA-USD"}, {"trade_id": 143793068, "side": "buy", "size": "1.50000000", "price": "0.74880000", "time": "2025-07-16T01:34:13.935837Z", "fetched_at": "2025-07-16T01:39:34.450816+00:00", "symbol": "ADA-USD"}, {"trade_id": 143793067, "side": "buy", "size": "1.50000000", "price": "0.74890000", "time": "2025-07-16T01:34:11.141763Z", "fetched_at": "2025-07-16T01:39:34.450816+00:00", "symbol": "ADA-USD"}, {"trade_id": 143793066, "side": "buy", "size": "166.48999111", "price": "0.74900000", "time": "2025-07-16T01:34:09.610693Z", "fetched_at": "2025-07-16T01:39:34.450816+00:00", "symbol": "ADA-USD"}, {"trade_id": 143793065, "side": "buy", "size": "1.50000000", "price": "0.74900000", "time": "2025-07-16T01:34:09.610693Z", "fetched_at": "2025-07-16T01:39:34.450816+00:00", "symbol": "ADA-USD"}, {"trade_id": 143793064, "side": "sell", "size": "118.63318542", "price": "0.74920000", "time": "2025-07-16T01:34:08.896075Z", "fetched_at": "2025-07-16T01:39:34.450816+00:00", "symbol": "ADA-USD"}, {"trade_id": 143793063, "side": "sell", "size": "594.00000000", "price": "0.74910000", "time": "2025-07-16T01:34:08.896075Z", "fetched_at": "2025-07-16T01:39:34.450816+00:00", "symbol": "ADA-USD"}, {"trade_id": 143793062, "side": "sell", "size": "11.58511558", "price": "0.74910000", "time": "2025-07-16T01:34:08.896075Z", "fetched_at": "2025-07-16T01:39:34.450816+00:00", "symbol": "ADA-USD"}, {"trade_id": 143793061, "side": "sell", "size": "415.09904000", "price": "0.74910000", "time": "2025-07-16T01:34:08.896075Z", "fetched_at": "2025-07-16T01:39:34.450816+00:00", "symbol": "ADA-USD"}, {"trade_id": 143793060, "side": "sell", "size": "371.81102101", "price": "0.74920000", "time": "2025-07-16T01:34:08.691440Z", "fetched_at": "2025-07-16T01:39:34.450816+00:00", "symbol": "ADA-USD"}, {"trade_id": 143793059, "side": "sell", "size": "674.62182215", "price": "0.74920000", "time": "2025-07-16T01:34:08.691440Z", "fetched_at": "2025-07-16T01:39:34.450816+00:00", "symbol": "ADA-USD"}, {"trade_id": 143793058, "side": "sell", "size": "594.00000000", "price": "0.74920000", "time": "2025-07-16T01:34:08.691440Z", "fetched_at": "2025-07-16T01:39:34.450816+00:00", "symbol": "ADA-USD"}, {"trade_id": 143793057, "side": "sell", "size": "276.73268000", "price": "0.74920000", "time": "2025-07-16T01:34:08.691440Z", "fetched_at": "2025-07-16T01:39:34.450816+00:00", "symbol": "ADA-USD"}, {"trade_id": 143793056, "side": "sell", "size": "594.00000000", "price": "0.74910000", "time": "2025-07-16T01:34:08.691440Z", "fetched_at": "2025-07-16T01:39:34.450816+00:00", "symbol": "ADA-USD"}, {"trade_id": 143793055, "side": "sell", "size": "154.18407428", "price": "0.74910000", "time": "2025-07-16T01:34:08.691440Z", "fetched_at": "2025-07-16T01:39:34.450816+00:00", "symbol": "ADA-USD"}, {"trade_id": 143793054, "side": "sell", "size": "166.43459354", "price": "0.74910000", "time": "2025-07-16T01:34:04.808104Z", "fetched_at": "2025-07-16T01:39:34.450816+00:00", "symbol": "ADA-USD"}, {"trade_id": 143793053, "side": "sell", "size": "221.75947525", "price": "0.74910000", "time": "2025-07-16T01:34:04.808104Z", "fetched_at": "2025-07-16T01:39:34.450816+00:00", "symbol": "ADA-USD"}, {"trade_id": 143793052, "side": "sell", "size": "511.93914619", "price": "0.74910000", "time": "2025-07-16T01:34:04.806503Z", "fetched_at": "2025-07-16T01:39:34.450816+00:00", "symbol": "ADA-USD"}, {"trade_id": 143793051, "side": "sell", "size": "1099.96159000", "price": "0.74910000", "time": "2025-07-16T01:34:04.806503Z", "fetched_at": "2025-07-16T01:39:34.450816+00:00", "symbol": "ADA-USD"}, {"trade_id": 143793050, "side": "buy", "size": "1.50000000", "price": "0.74910000", "time": "2025-07-16T01:34:04.708869Z", "fetched_at": "2025-07-16T01:39:34.450816+00:00", "symbol": "ADA-USD"}, {"trade_id": 143793049, "side": "sell", "size": "66.64679259", "price": "0.74920000", "time": "2025-07-16T01:34:04.590669Z", "fetched_at": "2025-07-16T01:39:34.450816+00:00", "symbol": "ADA-USD"}, {"trade_id": 143793048, "side": "buy", "size": "1.50000000", "price": "0.74920000", "time": "2025-07-16T01:34:04.136905Z", "fetched_at": "2025-07-16T01:39:34.450816+00:00", "symbol": "ADA-USD"}, {"trade_id": 143793047, "side": "buy", "size": "166.42333290", "price": "0.74930000", "time": "2025-07-16T01:34:01.275461Z", "fetched_at": "2025-07-16T01:39:34.450816+00:00", "symbol": "ADA-USD"}, {"trade_id": 143793046, "side": "sell", "size": "50.00000000", "price": "0.74930000", "time": "2025-07-16T01:34:00.517738Z", "fetched_at": "2025-07-16T01:39:34.450816+00:00", "symbol": "ADA-USD"}, {"trade_id": 143793045, "side": "buy", "size": "166.40112536", "price": "0.74940000", "time": "2025-07-16T01:34:00.494626Z", "fetched_at": "2025-07-16T01:39:34.450816+00:00", "symbol": "ADA-USD"}, {"trade_id": 143793044, "side": "buy", "size": "320.29894600", "price": "0.74950000", "time": "2025-07-16T01:33:57.143881Z", "fetched_at": "2025-07-16T01:39:34.450816+00:00", "symbol": "ADA-USD"}, {"trade_id": 143793043, "side": "sell", "size": "1.50000000", "price": "0.74960000", "time": "2025-07-16T01:33:53.439307Z", "fetched_at": "2025-07-16T01:39:34.450816+00:00", "symbol": "ADA-USD"}, {"trade_id": 143793042, "side": "sell", "size": "9.93290346", "price": "0.74960000", "time": "2025-07-16T01:33:53.439307Z", "fetched_at": "2025-07-16T01:39:34.450816+00:00", "symbol": "ADA-USD"}, {"trade_id": 143793041, "side": "sell", "size": "6.27124993", "price": "0.74940000", "time": "2025-07-16T01:33:52.117107Z", "fetched_at": "2025-07-16T01:39:34.450816+00:00", "symbol": "ADA-USD"}, {"trade_id": 143793040, "side": "sell", "size": "100.00000000", "price": "0.74940000", "time": "2025-07-16T01:33:51.148146Z", "fetched_at": "2025-07-16T01:39:34.450816+00:00", "symbol": "ADA-USD"}, {"trade_id": 143793039, "side": "sell", "size": "65.14679259", "price": "0.74950000", "time": "2025-07-16T01:33:47.411930Z", "fetched_at": "2025-07-16T01:39:34.450816+00:00", "symbol": "ADA-USD"}, {"trade_id": 143793038, "side": "sell", "size": "1.50000000", "price": "0.74950000", "time": "2025-07-16T01:33:47.411930Z", "fetched_at": "2025-07-16T01:39:34.450816+00:00", "symbol": "ADA-USD"}, {"trade_id": 143793037, "side": "sell", "size": "110.56302176", "price": "0.74940000", "time": "2025-07-16T01:33:45.776593Z", "fetched_at": "2025-07-16T01:39:34.450816+00:00", "symbol": "ADA-USD"}, {"trade_id": 143793036, "side": "sell", "size": "1.50000000", "price": "0.74940000", "time": "2025-07-16T01:33:45.776593Z", "fetched_at": "2025-07-16T01:39:34.450816+00:00", "symbol": "ADA-USD"}, {"trade_id": 143793035, "side": "sell", "size": "25.93926900", "price": "0.74930000", "time": "2025-07-16T01:33:45.531403Z", "fetched_at": "2025-07-16T01:39:34.450816+00:00", "symbol": "ADA-USD"}, {"trade_id": 143793034, "side": "sell", "size": "71.70925100", "price": "0.74920000", "time": "2025-07-16T01:33:43.279764Z", "fetched_at": "2025-07-16T01:39:34.450816+00:00", "symbol": "ADA-USD"}, {"trade_id": 143793033, "side": "sell", "size": "128.22687200", "price": "0.74930000", "time": "2025-07-16T01:33:42.182281Z", "fetched_at": "2025-07-16T01:39:34.450816+00:00", "symbol": "ADA-USD"}, {"trade_id": 143793032, "side": "sell", "size": "1.50000000", "price": "0.74930000", "time": "2025-07-16T01:33:42.182281Z", "fetched_at": "2025-07-16T01:39:34.450816+00:00", "symbol": "ADA-USD"}, {"trade_id": 143793031, "side": "sell", "size": "24.75573824", "price": "0.74920000", "time": "2025-07-16T01:33:38.106177Z", "fetched_at": "2025-07-16T01:39:34.450816+00:00", "symbol": "ADA-USD"}, {"trade_id": 143793030, "side": "sell", "size": "6.02455654", "price": "0.74920000", "time": "2025-07-16T01:33:38.106177Z", "fetched_at": "2025-07-16T01:39:34.450816+00:00", "symbol": "ADA-USD"}, {"trade_id": 143793029, "side": "sell", "size": "34.36649781", "price": "0.74920000", "time": "2025-07-16T01:33:38.106177Z", "fetched_at": "2025-07-16T01:39:34.450816+00:00", "symbol": "ADA-USD"}, {"trade_id": 143793028, "side": "sell", "size": "1.50000000", "price": "0.74920000", "time": "2025-07-16T01:33:38.106177Z", "fetched_at": "2025-07-16T01:39:34.450816+00:00", "symbol": "ADA-USD"}, {"trade_id": 143793027, "side": "sell", "size": "51.29903326", "price": "0.74910000", "time": "2025-07-16T01:33:35.835770Z", "fetched_at": "2025-07-16T01:39:34.450816+00:00", "symbol": "ADA-USD"}, {"trade_id": 143793026, "side": "sell", "size": "103.90956000", "price": "0.74910000", "time": "2025-07-16T01:33:35.835300Z", "fetched_at": "2025-07-16T01:39:34.450816+00:00", "symbol": "ADA-USD"}, {"trade_id": 143793025, "side": "buy", "size": "7717.12605427", "price": "0.74890000", "time": "2025-07-16T01:33:34.624912Z", "fetched_at": "2025-07-16T01:39:34.450816+00:00", "symbol": "ADA-USD"}, {"trade_id": 143793024, "side": "buy", "size": "880.52415954", "price": "0.74890000", "time": "2025-07-16T01:33:34.624912Z", "fetched_at": "2025-07-16T01:39:34.450816+00:00", "symbol": "ADA-USD"}, {"trade_id": 143793023, "side": "buy", "size": "500.00000000", "price": "0.74890000", "time": "2025-07-16T01:33:34.624912Z", "fetched_at": "2025-07-16T01:39:34.450816+00:00", "symbol": "ADA-USD"}, {"trade_id": 143793022, "side": "buy", "size": "1.50000000", "price": "0.74890000", "time": "2025-07-16T01:33:34.624912Z", "fetched_at": "2025-07-16T01:39:34.450816+00:00", "symbol": "ADA-USD"}, {"trade_id": 143793021, "side": "buy", "size": "86.10902968", "price": "0.74890000", "time": "2025-07-16T01:33:34.624912Z", "fetched_at": "2025-07-16T01:39:34.450816+00:00", "symbol": "ADA-USD"}, {"trade_id": 143793020, "side": "buy", "size": "1101.46159000", "price": "0.74900000", "time": "2025-07-16T01:33:34.624912Z", "fetched_at": "2025-07-16T01:39:34.450816+00:00", "symbol": "ADA-USD"}, {"trade_id": 143793019, "side": "buy", "size": "1335.11348464", "price": "0.74900000", "time": "2025-07-16T01:33:34.624912Z", "fetched_at": "2025-07-16T01:39:34.450816+00:00", "symbol": "ADA-USD"}, {"trade_id": 143793018, "side": "buy", "size": "500.00000000", "price": "0.74900000", "time": "2025-07-16T01:33:34.624912Z", "fetched_at": "2025-07-16T01:39:34.450816+00:00", "symbol": "ADA-USD"}, {"trade_id": 143793017, "side": "buy", "size": "166.48999111", "price": "0.74900000", "time": "2025-07-16T01:33:34.624912Z", "fetched_at": "2025-07-16T01:39:34.450816+00:00", "symbol": "ADA-USD"}, {"trade_id": 143793016, "side": "buy", "size": "558.82177433", "price": "0.74900000", "time": "2025-07-16T01:33:34.624912Z", "fetched_at": "2025-07-16T01:39:34.450816+00:00", "symbol": "ADA-USD"}, {"trade_id": 143793015, "side": "buy", "size": "880.52415954", "price": "0.74900000", "time": "2025-07-16T01:33:34.624912Z", "fetched_at": "2025-07-16T01:39:34.450816+00:00", "symbol": "ADA-USD"}, {"trade_id": 143793014, "side": "buy", "size": "28.21834235", "price": "0.74900000", "time": "2025-07-16T01:33:34.624912Z", "fetched_at": "2025-07-16T01:39:34.450816+00:00", "symbol": "ADA-USD"}, {"trade_id": 143793013, "side": "sell", "size": "11.10757622", "price": "0.74900000", "time": "2025-07-16T01:33:34.354658Z", "fetched_at": "2025-07-16T01:39:34.450816+00:00", "symbol": "ADA-USD"}, {"trade_id": 143793012, "side": "sell", "size": "153.23023000", "price": "0.74900000", "time": "2025-07-16T01:33:34.268723Z", "fetched_at": "2025-07-16T01:39:34.450816+00:00", "symbol": "ADA-USD"}, {"trade_id": 143793011, "side": "buy", "size": "166.46776578", "price": "0.74910000", "time": "2025-07-16T01:33:30.999824Z", "fetched_at": "2025-07-16T01:39:34.450816+00:00", "symbol": "ADA-USD"}, {"trade_id": 143793010, "side": "buy", "size": "37.62445646", "price": "0.74910000", "time": "2025-07-16T01:33:30.999824Z", "fetched_at": "2025-07-16T01:39:34.450816+00:00", "symbol": "ADA-USD"}, {"trade_id": 143793009, "side": "sell", "size": "445.14778864", "price": "0.74920000", "time": "2025-07-16T01:33:30.338938Z", "fetched_at": "2025-07-16T01:39:34.450816+00:00", "symbol": "ADA-USD"}, {"trade_id": 143793008, "side": "sell", "size": "1.50000000", "price": "0.74920000", "time": "2025-07-16T01:33:30.338938Z", "fetched_at": "2025-07-16T01:39:34.450816+00:00", "symbol": "ADA-USD"}, {"trade_id": 143793007, "side": "sell", "size": "53.35221136", "price": "0.74910000", "time": "2025-07-16T01:33:30.338938Z", "fetched_at": "2025-07-16T01:39:34.450816+00:00", "symbol": "ADA-USD"}, {"trade_id": 143793006, "side": "sell", "size": "12.88546300", "price": "0.74910000", "time": "2025-07-16T01:33:29.171187Z", "fetched_at": "2025-07-16T01:39:34.450816+00:00", "symbol": "ADA-USD"}, {"trade_id": 143793005, "side": "buy", "size": "507.89097032", "price": "0.74890000", "time": "2025-07-16T01:33:29.013363Z", "fetched_at": "2025-07-16T01:39:34.450816+00:00", "symbol": "ADA-USD"}, {"trade_id": 143793004, "side": "buy", "size": "1.50000000", "price": "0.74890000", "time": "2025-07-16T01:33:29.013363Z", "fetched_at": "2025-07-16T01:39:34.450816+00:00", "symbol": "ADA-USD"}, {"trade_id": 143793003, "side": "buy", "size": "594.00000000", "price": "0.74900000", "time": "2025-07-16T01:33:29.013363Z", "fetched_at": "2025-07-16T01:39:34.450816+00:00", "symbol": "ADA-USD"}, {"trade_id": 143793002, "side": "buy", "size": "260.36962000", "price": "0.74900000", "time": "2025-07-16T01:33:29.013363Z", "fetched_at": "2025-07-16T01:39:34.450816+00:00", "symbol": "ADA-USD"}, {"trade_id": 143793001, "side": "sell", "size": "6.60793000", "price": "0.74910000", "time": "2025-07-16T01:33:26.198064Z", "fetched_at": "2025-07-16T01:39:34.450816+00:00", "symbol": "ADA-USD"}, {"trade_id": 143793000, "side": "sell", "size": "3.88598100", "price": "0.74910000", "time": "2025-07-16T01:33:23.796732Z", "fetched_at": "2025-07-16T01:39:34.450816+00:00", "symbol": "ADA-USD"}, {"trade_id": 143792999, "side": "sell", "size": "1.50000000", "price": "0.74920000", "time": "2025-07-16T01:33:19.485232Z", "fetched_at": "2025-07-16T01:39:34.450816+00:00", "symbol": "ADA-USD"}, {"trade_id": 143792998, "side": "sell", "size": "1.50000000", "price": "0.74910000", "time": "2025-07-16T01:33:19.386613Z", "fetched_at": "2025-07-16T01:39:34.450816+00:00", "symbol": "ADA-USD"}, {"trade_id": 143792997, "side": "sell", "size": "1637.24720092", "price": "0.74900000", "time": "2025-07-16T01:33:12.930163Z", "fetched_at": "2025-07-16T01:39:34.450816+00:00", "symbol": "ADA-USD"}, {"trade_id": 143792996, "side": "sell", "size": "1.50000000", "price": "0.74900000", "time": "2025-07-16T01:33:12.930163Z", "fetched_at": "2025-07-16T01:39:34.450816+00:00", "symbol": "ADA-USD"}, {"trade_id": 143792995, "side": "sell", "size": "325.30535000", "price": "0.74890000", "time": "2025-07-16T01:33:10.639455Z", "fetched_at": "2025-07-16T01:39:34.450816+00:00", "symbol": "ADA-USD"}, {"trade_id": 143792994, "side": "sell", "size": "1.50000000", "price": "0.74890000", "time": "2025-07-16T01:33:10.639455Z", "fetched_at": "2025-07-16T01:39:34.450816+00:00", "symbol": "ADA-USD"}, {"trade_id": 143792993, "side": "sell", "size": "1.50000000", "price": "0.74880000", "time": "2025-07-16T01:33:10.631043Z", "fetched_at": "2025-07-16T01:39:34.450816+00:00", "symbol": "ADA-USD"}, {"trade_id": 143792992, "side": "sell", "size": "4000.00000000", "price": "0.74870000", "time": "2025-07-16T01:33:10.489461Z", "fetched_at": "2025-07-16T01:39:34.450816+00:00", "symbol": "ADA-USD"}, {"trade_id": 143792991, "side": "sell", "size": "1.50000000", "price": "0.74870000", "time": "2025-07-16T01:33:10.489461Z", "fetched_at": "2025-07-16T01:39:34.450816+00:00", "symbol": "ADA-USD"}, {"trade_id": 143792990, "side": "sell", "size": "2.29419695", "price": "0.74860000", "time": "2025-07-16T01:33:10.217721Z", "fetched_at": "2025-07-16T01:39:34.450816+00:00", "symbol": "ADA-USD"}, {"trade_id": 143792989, "side": "sell", "size": "1.50000000", "price": "0.74860000", "time": "2025-07-16T01:33:10.217721Z", "fetched_at": "2025-07-16T01:39:34.450816+00:00", "symbol": "ADA-USD"}, {"trade_id": 143792988, "side": "sell", "size": "139.67781103", "price": "0.74860000", "time": "2025-07-16T01:33:10.217721Z", "fetched_at": "2025-07-16T01:39:34.450816+00:00", "symbol": "ADA-USD"}, {"trade_id": 143792987, "side": "sell", "size": "33.05754672", "price": "0.74850000", "time": "2025-07-16T01:33:10.037061Z", "fetched_at": "2025-07-16T01:39:34.450816+00:00", "symbol": "ADA-USD"}, {"trade_id": 143792986, "side": "sell", "size": "56.46309172", "price": "0.74840000", "time": "2025-07-16T01:33:09.355853Z", "fetched_at": "2025-07-16T01:39:34.450816+00:00", "symbol": "ADA-USD"}, {"trade_id": 143792985, "side": "sell", "size": "103.88121300", "price": "0.74840000", "time": "2025-07-16T01:33:09.154108Z", "fetched_at": "2025-07-16T01:39:34.450816+00:00", "symbol": "ADA-USD"}, {"trade_id": 143792984, "side": "sell", "size": "6.29012800", "price": "0.74840000", "time": "2025-07-16T01:33:08.222740Z", "fetched_at": "2025-07-16T01:39:34.450816+00:00", "symbol": "ADA-USD"}, {"trade_id": 143792983, "side": "sell", "size": "166.54551000", "price": "0.74840000", "time": "2025-07-16T01:33:06.865942Z", "fetched_at": "2025-07-16T01:39:34.450816+00:00", "symbol": "ADA-USD"}, {"trade_id": 143792982, "side": "buy", "size": "0.13354700", "price": "0.74830000", "time": "2025-07-16T01:33:04.765589Z", "fetched_at": "2025-07-16T01:39:34.450816+00:00", "symbol": "ADA-USD"}, {"trade_id": 143792981, "side": "buy", "size": "1.50000000", "price": "0.74840000", "time": "2025-07-16T01:33:03.281398Z", "fetched_at": "2025-07-16T01:39:34.450816+00:00", "symbol": "ADA-USD"}, {"trade_id": 143792980, "side": "buy", "size": "23.18529752", "price": "0.74850000", "time": "2025-07-16T01:33:02.733860Z", "fetched_at": "2025-07-16T01:39:34.450816+00:00", "symbol": "ADA-USD"}, {"trade_id": 143792979, "side": "buy", "size": "23.18529752", "price": "0.74850000", "time": "2025-07-16T01:33:02.714410Z", "fetched_at": "2025-07-16T01:39:34.450816+00:00", "symbol": "ADA-USD"}, {"trade_id": 143792978, "side": "buy", "size": "1.50000000", "price": "0.74850000", "time": "2025-07-16T01:33:02.714410Z", "fetched_at": "2025-07-16T01:39:34.450816+00:00", "symbol": "ADA-USD"}, {"trade_id": 143792977, "side": "buy", "size": "166.57895183", "price": "0.74860000", "time": "2025-07-16T01:33:02.045535Z", "fetched_at": "2025-07-16T01:39:34.450816+00:00", "symbol": "ADA-USD"}, {"trade_id": 143792976, "side": "buy", "size": "2292.14611000", "price": "0.74860000", "time": "2025-07-16T01:33:02.015836Z", "fetched_at": "2025-07-16T01:39:34.450816+00:00", "symbol": "ADA-USD"}, {"trade_id": 143792975, "side": "buy", "size": "154.70773934", "price": "0.74860000", "time": "2025-07-16T01:33:02.015836Z", "fetched_at": "2025-07-16T01:39:34.450816+00:00", "symbol": "ADA-USD"}, {"trade_id": 143792974, "side": "buy", "size": "2302.01846160", "price": "0.74860000", "time": "2025-07-16T01:33:02.015836Z", "fetched_at": "2025-07-16T01:39:34.450816+00:00", "symbol": "ADA-USD"}, {"trade_id": 143792973, "side": "buy", "size": "1423.14465952", "price": "0.74860000", "time": "2025-07-16T01:33:02.015836Z", "fetched_at": "2025-07-16T01:39:34.450816+00:00", "symbol": "ADA-USD"}, {"trade_id": 143792972, "side": "buy", "size": "1462.92038758", "price": "0.74860000", "time": "2025-07-16T01:33:02.015836Z", "fetched_at": "2025-07-16T01:39:34.450816+00:00", "symbol": "ADA-USD"}, {"trade_id": 143792971, "side": "buy", "size": "1337.91529991", "price": "0.74860000", "time": "2025-07-16T01:33:02.015836Z", "fetched_at": "2025-07-16T01:39:34.450816+00:00", "symbol": "ADA-USD"}, {"trade_id": 143792970, "side": "buy", "size": "880.52415954", "price": "0.74860000", "time": "2025-07-16T01:33:02.015836Z", "fetched_at": "2025-07-16T01:39:34.450816+00:00", "symbol": "ADA-USD"}, {"trade_id": 143792969, "side": "buy", "size": "594.00000000", "price": "0.74860000", "time": "2025-07-16T01:33:02.015836Z", "fetched_at": "2025-07-16T01:39:34.450816+00:00", "symbol": "ADA-USD"}, {"trade_id": 143792968, "side": "buy", "size": "594.00000000", "price": "0.74870000", "time": "2025-07-16T01:33:02.014787Z", "fetched_at": "2025-07-16T01:39:34.450816+00:00", "symbol": "ADA-USD"}, {"trade_id": 143792967, "side": "sell", "size": "64.91543100", "price": "0.74880000", "time": "2025-07-16T01:32:59.132385Z", "fetched_at": "2025-07-16T01:39:34.450816+00:00", "symbol": "ADA-USD"}, {"trade_id": 143792966, "side": "sell", "size": "128.27667300", "price": "0.74890000", "time": "2025-07-16T01:32:56.485290Z", "fetched_at": "2025-07-16T01:39:34.450816+00:00", "symbol": "ADA-USD"}, {"trade_id": 143792965, "side": "sell", "size": "1.50000000", "price": "0.74890000", "time": "2025-07-16T01:32:56.485290Z", "fetched_at": "2025-07-16T01:39:34.450816+00:00", "symbol": "ADA-USD"}, {"trade_id": 143792964, "side": "sell", "size": "128.33086200", "price": "0.74880000", "time": "2025-07-16T01:32:54.520566Z", "fetched_at": "2025-07-16T01:39:34.450816+00:00", "symbol": "ADA-USD"}, {"trade_id": 143792963, "side": "sell", "size": "1.50000000", "price": "0.74880000", "time": "2025-07-16T01:32:54.520566Z", "fetched_at": "2025-07-16T01:39:34.450816+00:00", "symbol": "ADA-USD"}, {"trade_id": 143792962, "side": "sell", "size": "1.50000000", "price": "0.74870000", "time": "2025-07-16T01:32:53.847292Z", "fetched_at": "2025-07-16T01:39:34.450816+00:00", "symbol": "ADA-USD"}, {"trade_id": 143792961, "side": "sell", "size": "1.50000000", "price": "0.74860000", "time": "2025-07-16T01:32:53.773243Z", "fetched_at": "2025-07-16T01:39:34.450816+00:00", "symbol": "ADA-USD"}, {"trade_id": 143792960, "side": "sell", "size": "1.50000000", "price": "0.74850000", "time": "2025-07-16T01:32:51.440118Z", "fetched_at": "2025-07-16T01:39:34.450816+00:00", "symbol": "ADA-USD"}, {"trade_id": 143792959, "side": "buy", "size": "0.51739400", "price": "0.74840000", "time": "2025-07-16T01:32:46.455410Z", "fetched_at": "2025-07-16T01:39:34.450816+00:00", "symbol": "ADA-USD"}, {"trade_id": 143792958, "side": "buy", "size": "1101.46159000", "price": "0.74840000", "time": "2025-07-16T01:32:43.281087Z", "fetched_at": "2025-07-16T01:39:34.450816+00:00", "symbol": "ADA-USD"}, {"trade_id": 143792957, "side": "buy", "size": "594.00000000", "price": "0.74840000", "time": "2025-07-16T01:32:43.281087Z", "fetched_at": "2025-07-16T01:39:34.450816+00:00", "symbol": "ADA-USD"}, {"trade_id": 143792956, "side": "buy", "size": "500.00000000", "price": "0.74840000", "time": "2025-07-16T01:32:43.281087Z", "fetched_at": "2025-07-16T01:39:34.450816+00:00", "symbol": "ADA-USD"}, {"trade_id": 143792955, "side": "sell", "size": "129.37063800", "price": "0.74840000", "time": "2025-07-16T01:32:40.762551Z", "fetched_at": "2025-07-16T01:39:34.450816+00:00", "symbol": "ADA-USD"}, {"trade_id": 143792954, "side": "sell", "size": "1.50000000", "price": "0.74840000", "time": "2025-07-16T01:32:40.762551Z", "fetched_at": "2025-07-16T01:39:34.450816+00:00", "symbol": "ADA-USD"}, {"trade_id": 143792953, "side": "sell", "size": "1.50000000", "price": "0.74830000", "time": "2025-07-16T01:32:40.762551Z", "fetched_at": "2025-07-16T01:39:34.450816+00:00", "symbol": "ADA-USD"}, {"trade_id": 143792952, "side": "sell", "size": "12.40641928", "price": "0.74820000", "time": "2025-07-16T01:32:40.105803Z", "fetched_at": "2025-07-16T01:39:34.450816+00:00", "symbol": "ADA-USD"}, {"trade_id": 143792951, "side": "sell", "size": "1.50000000", "price": "0.74820000", "time": "2025-07-16T01:32:39.227805Z", "fetched_at": "2025-07-16T01:39:34.450816+00:00", "symbol": "ADA-USD"}, {"trade_id": 143792950, "side": "sell", "size": "1.50000000", "price": "0.74810000", "time": "2025-07-16T01:32:38.594026Z", "fetched_at": "2025-07-16T01:39:34.450816+00:00", "symbol": "ADA-USD"}, {"trade_id": 143792949, "side": "sell", "size": "153.72287346", "price": "0.74800000", "time": "2025-07-16T01:32:38.565962Z", "fetched_at": "2025-07-16T01:39:34.450816+00:00", "symbol": "ADA-USD"}, {"trade_id": 143792948, "side": "sell", "size": "381.54657924", "price": "0.74800000", "time": "2025-07-16T01:32:38.565962Z", "fetched_at": "2025-07-16T01:39:34.450816+00:00", "symbol": "ADA-USD"}, {"trade_id": 143792947, "side": "buy", "size": "27.27263043", "price": "0.74780000", "time": "2025-07-16T01:32:37.523457Z", "fetched_at": "2025-07-16T01:39:34.450816+00:00", "symbol": "ADA-USD"}, {"trade_id": 143792946, "side": "buy", "size": "500.00000000", "price": "0.74780000", "time": "2025-07-16T01:32:37.523457Z", "fetched_at": "2025-07-16T01:39:34.450816+00:00", "symbol": "ADA-USD"}, {"trade_id": 143792945, "side": "buy", "size": "594.00000000", "price": "0.74780000", "time": "2025-07-16T01:32:37.523457Z", "fetched_at": "2025-07-16T01:39:34.450816+00:00", "symbol": "ADA-USD"}, {"trade_id": 143792944, "side": "buy", "size": "34.73026750", "price": "0.74780000", "time": "2025-07-16T01:32:37.523457Z", "fetched_at": "2025-07-16T01:39:34.450816+00:00", "symbol": "ADA-USD"}, {"trade_id": 143792943, "side": "buy", "size": "166.73486207", "price": "0.74790000", "time": "2025-07-16T01:32:37.523457Z", "fetched_at": "2025-07-16T01:39:34.450816+00:00", "symbol": "ADA-USD"}, {"trade_id": 143792942, "side": "sell", "size": "0.03274090", "price": "0.74800000", "time": "2025-07-16T01:32:35.937943Z", "fetched_at": "2025-07-16T01:39:34.450816+00:00", "symbol": "ADA-USD"}, {"trade_id": 143792941, "side": "sell", "size": "52.91265846", "price": "0.74800000", "time": "2025-07-16T01:32:35.919182Z", "fetched_at": "2025-07-16T01:39:34.450816+00:00", "symbol": "ADA-USD"}, {"trade_id": 143792940, "side": "sell", "size": "92.70070846", "price": "0.74810000", "time": "2025-07-16T01:32:29.984767Z", "fetched_at": "2025-07-16T01:39:34.450816+00:00", "symbol": "ADA-USD"}, {"trade_id": 143792939, "side": "sell", "size": "1.50000000", "price": "0.74800000", "time": "2025-07-16T01:32:29.984767Z", "fetched_at": "2025-07-16T01:39:34.450816+00:00", "symbol": "ADA-USD"}, {"trade_id": 143792938, "side": "sell", "size": "4477.18618536", "price": "0.74790000", "time": "2025-07-16T01:32:29.485584Z", "fetched_at": "2025-07-16T01:39:34.450816+00:00", "symbol": "ADA-USD"}, {"trade_id": 143792937, "side": "sell", "size": "1.50000000", "price": "0.74790000", "time": "2025-07-16T01:32:29.485584Z", "fetched_at": "2025-07-16T01:39:34.450816+00:00", "symbol": "ADA-USD"}, {"trade_id": 143792936, "side": "sell", "size": "9395.36315557", "price": "0.74780000", "time": "2025-07-16T01:32:28.364076Z", "fetched_at": "2025-07-16T01:39:34.450816+00:00", "symbol": "ADA-USD"}, {"trade_id": 143792935, "side": "sell", "size": "12.91131600", "price": "0.74780000", "time": "2025-07-16T01:32:28.359870Z", "fetched_at": "2025-07-16T01:39:34.450816+00:00", "symbol": "ADA-USD"}, {"trade_id": 143792934, "side": "sell", "size": "12.91131600", "price": "0.74780000", "time": "2025-07-16T01:32:26.951574Z", "fetched_at": "2025-07-16T01:39:34.450816+00:00", "symbol": "ADA-USD"}, {"trade_id": 143792933, "side": "sell", "size": "116.41606704", "price": "0.74780000", "time": "2025-07-16T01:32:26.009871Z", "fetched_at": "2025-07-16T01:39:34.450816+00:00", "symbol": "ADA-USD"}, {"trade_id": 143792932, "side": "sell", "size": "135.27135823", "price": "0.74780000", "time": "2025-07-16T01:32:25.998122Z", "fetched_at": "2025-07-16T01:39:34.450816+00:00", "symbol": "ADA-USD"}, {"trade_id": 143792931, "side": "sell", "size": "278.82700393", "price": "0.74780000", "time": "2025-07-16T01:32:25.969303Z", "fetched_at": "2025-07-16T01:39:34.450816+00:00", "symbol": "ADA-USD"}, {"trade_id": 143792930, "side": "sell", "size": "701.33686323", "price": "0.74780000", "time": "2025-07-16T01:32:25.958052Z", "fetched_at": "2025-07-16T01:39:34.450816+00:00", "symbol": "ADA-USD"}, {"trade_id": 143792929, "side": "sell", "size": "1.50000000", "price": "0.74780000", "time": "2025-07-16T01:32:25.958052Z", "fetched_at": "2025-07-16T01:39:34.450816+00:00", "symbol": "ADA-USD"}, {"trade_id": 143792928, "side": "sell", "size": "1.50000000", "price": "0.74770000", "time": "2025-07-16T01:32:25.931497Z", "fetched_at": "2025-07-16T01:39:34.450816+00:00", "symbol": "ADA-USD"}, {"trade_id": 143792927, "side": "sell", "size": "14.14507724", "price": "0.74770000", "time": "2025-07-16T01:32:25.931497Z", "fetched_at": "2025-07-16T01:39:34.450816+00:00", "symbol": "ADA-USD"}, {"trade_id": 143792926, "side": "sell", "size": "1.50000000", "price": "0.74760000", "time": "2025-07-16T01:32:25.242679Z", "fetched_at": "2025-07-16T01:39:34.450816+00:00", "symbol": "ADA-USD"}, {"trade_id": 143792925, "side": "buy", "size": "176.63771257", "price": "0.74740000", "time": "2025-07-16T01:32:21.430982Z", "fetched_at": "2025-07-16T01:39:34.450816+00:00", "symbol": "ADA-USD"}, {"trade_id": 143792924, "side": "buy", "size": "1.73913043", "price": "0.74750000", "time": "2025-07-16T01:32:21.430982Z", "fetched_at": "2025-07-16T01:39:34.450816+00:00", "symbol": "ADA-USD"}, {"trade_id": 143792923, "side": "buy", "size": "248.92128900", "price": "0.74740000", "time": "2025-07-16T01:32:18.186192Z", "fetched_at": "2025-07-16T01:39:34.450816+00:00", "symbol": "ADA-USD"}, {"trade_id": 143792922, "side": "buy", "size": "17.87443000", "price": "0.74740000", "time": "2025-07-16T01:32:17.653928Z", "fetched_at": "2025-07-16T01:39:34.450816+00:00", "symbol": "ADA-USD"}, {"trade_id": 143792921, "side": "sell", "size": "6.34479500", "price": "0.74760000", "time": "2025-07-16T01:32:15.433010Z", "fetched_at": "2025-07-16T01:39:34.450816+00:00", "symbol": "ADA-USD"}, {"trade_id": 143792920, "side": "buy", "size": "11.62947333", "price": "0.74740000", "time": "2025-07-16T01:32:14.970220Z", "fetched_at": "2025-07-16T01:39:34.450816+00:00", "symbol": "ADA-USD"}, {"trade_id": 143792919, "side": "buy", "size": "2303.33539000", "price": "0.74740000", "time": "2025-07-16T01:32:14.970220Z", "fetched_at": "2025-07-16T01:39:34.450816+00:00", "symbol": "ADA-USD"}, {"trade_id": 143792918, "side": "buy", "size": "1707.56825000", "price": "0.74740000", "time": "2025-07-16T01:32:14.970220Z", "fetched_at": "2025-07-16T01:39:34.450816+00:00", "symbol": "ADA-USD"}, {"trade_id": 143792917, "side": "buy", "size": "2299.29366000", "price": "0.74740000", "time": "2025-07-16T01:32:14.970220Z", "fetched_at": "2025-07-16T01:39:34.450816+00:00", "symbol": "ADA-USD"}, {"trade_id": 143792916, "side": "buy", "size": "641.61692816", "price": "0.74740000", "time": "2025-07-16T01:32:14.970220Z", "fetched_at": "2025-07-16T01:39:34.450816+00:00", "symbol": "ADA-USD"}, {"trade_id": 143792915, "side": "buy", "size": "4810.90000000", "price": "0.74740000", "time": "2025-07-16T01:32:14.970220Z", "fetched_at": "2025-07-16T01:39:34.450816+00:00", "symbol": "ADA-USD"}, {"trade_id": 143792914, "side": "buy", "size": "1134.24178019", "price": "0.74740000", "time": "2025-07-16T01:32:14.970220Z", "fetched_at": "2025-07-16T01:39:34.450816+00:00", "symbol": "ADA-USD"}, {"trade_id": 143792913, "side": "buy", "size": "880.52415954", "price": "0.74740000", "time": "2025-07-16T01:32:14.970220Z", "fetched_at": "2025-07-16T01:39:34.450816+00:00", "symbol": "ADA-USD"}, {"trade_id": 143792912, "side": "buy", "size": "306.42876878", "price": "0.74740000", "time": "2025-07-16T01:32:14.970220Z", "fetched_at": "2025-07-16T01:39:34.450816+00:00", "symbol": "ADA-USD"}, {"trade_id": 143792911, "side": "buy", "size": "50.00000000", "price": "0.74750000", "time": "2025-07-16T01:32:14.970220Z", "fetched_at": "2025-07-16T01:39:34.450816+00:00", "symbol": "ADA-USD"}, {"trade_id": 143792910, "side": "buy", "size": "1101.46159000", "price": "0.74750000", "time": "2025-07-16T01:32:14.970220Z", "fetched_at": "2025-07-16T01:39:34.450816+00:00", "symbol": "ADA-USD"}, {"trade_id": 143792909, "side": "sell", "size": "6.54173400", "price": "0.74760000", "time": "2025-07-16T01:32:11.921115Z", "fetched_at": "2025-07-16T01:39:34.450816+00:00", "symbol": "ADA-USD"}, {"trade_id": 143792908, "side": "sell", "size": "63.43946500", "price": "0.74760000", "time": "2025-07-16T01:32:10.859424Z", "fetched_at": "2025-07-16T01:39:34.450816+00:00", "symbol": "ADA-USD"}, {"trade_id": 143792907, "side": "sell", "size": "36.39978600", "price": "0.74760000", "time": "2025-07-16T01:32:06.891733Z", "fetched_at": "2025-07-16T01:39:34.450816+00:00", "symbol": "ADA-USD"}, {"trade_id": 143792906, "side": "buy", "size": "287.57123122", "price": "0.74740000", "time": "2025-07-16T01:32:03.610190Z", "fetched_at": "2025-07-16T01:39:34.450816+00:00", "symbol": "ADA-USD"}, {"trade_id": 143792905, "side": "buy", "size": "61.74269778", "price": "0.74740000", "time": "2025-07-16T01:32:03.610190Z", "fetched_at": "2025-07-16T01:39:34.450816+00:00", "symbol": "ADA-USD"}, {"trade_id": 143792904, "side": "buy", "size": "500.00000000", "price": "0.74740000", "time": "2025-07-16T01:32:03.610190Z", "fetched_at": "2025-07-16T01:39:34.450816+00:00", "symbol": "ADA-USD"}, {"trade_id": 143792903, "side": "buy", "size": "1101.46159000", "price": "0.74750000", "time": "2025-07-16T01:32:03.610190Z", "fetched_at": "2025-07-16T01:39:34.450816+00:00", "symbol": "ADA-USD"}, {"trade_id": 143792902, "side": "buy", "size": "50.00000000", "price": "0.74750000", "time": "2025-07-16T01:32:03.610190Z", "fetched_at": "2025-07-16T01:39:34.450816+00:00", "symbol": "ADA-USD"}, {"trade_id": 143792901, "side": "sell", "size": "7.05757361", "price": "0.74740000", "time": "2025-07-16T01:32:03.427917Z", "fetched_at": "2025-07-16T01:39:34.450816+00:00", "symbol": "ADA-USD"}, {"trade_id": 143792900, "side": "buy", "size": "1.50000000", "price": "0.74740000", "time": "2025-07-16T01:32:02.092751Z", "fetched_at": "2025-07-16T01:39:34.450816+00:00", "symbol": "ADA-USD"}, {"trade_id": 143792899, "side": "sell", "size": "102.03922619", "price": "0.74750000", "time": "2025-07-16T01:32:00.206678Z", "fetched_at": "2025-07-16T01:39:34.450816+00:00", "symbol": "ADA-USD"}, {"trade_id": 143792898, "side": "sell", "size": "10620.23615700", "price": "0.74750000", "time": "2025-07-16T01:32:00.206678Z", "fetched_at": "2025-07-16T01:39:34.450816+00:00", "symbol": "ADA-USD"}, {"trade_id": 143792897, "side": "sell", "size": "32.80092300", "price": "0.74750000", "time": "2025-07-16T01:32:00.081072Z", "fetched_at": "2025-07-16T01:39:34.450816+00:00", "symbol": "ADA-USD"}, {"trade_id": 143792896, "side": "sell", "size": "12.44440700", "price": "0.74760000", "time": "2025-07-16T01:31:55.693447Z", "fetched_at": "2025-07-16T01:39:34.450816+00:00", "symbol": "ADA-USD"}, {"trade_id": 143792895, "side": "sell", "size": "1.50000000", "price": "0.74760000", "time": "2025-07-16T01:31:55.693447Z", "fetched_at": "2025-07-16T01:39:34.450816+00:00", "symbol": "ADA-USD"}, {"trade_id": 143792894, "side": "sell", "size": "159.09476427", "price": "0.74750000", "time": "2025-07-16T01:31:51.856778Z", "fetched_at": "2025-07-16T01:39:34.450816+00:00", "symbol": "ADA-USD"}, {"trade_id": 143792893, "side": "sell", "size": "4014.18344819", "price": "0.74750000", "time": "2025-07-16T01:31:51.856778Z", "fetched_at": "2025-07-16T01:39:34.450816+00:00", "symbol": "ADA-USD"}, {"trade_id": 143792892, "side": "sell", "size": "594.00000000", "price": "0.74750000", "time": "2025-07-16T01:31:51.856778Z", "fetched_at": "2025-07-16T01:39:34.450816+00:00", "symbol": "ADA-USD"}, {"trade_id": 143792891, "side": "sell", "size": "594.00000000", "price": "0.74740000", "time": "2025-07-16T01:31:51.712531Z", "fetched_at": "2025-07-16T01:39:34.450816+00:00", "symbol": "ADA-USD"}, {"trade_id": 143792890, "side": "sell", "size": "166.90205461", "price": "0.74730000", "time": "2025-07-16T01:31:51.712531Z", "fetched_at": "2025-07-16T01:39:34.450816+00:00", "symbol": "ADA-USD"}, {"trade_id": 143792889, "side": "sell", "size": "594.00000000", "price": "0.74730000", "time": "2025-07-16T01:31:49.664368Z", "fetched_at": "2025-07-16T01:39:34.450816+00:00", "symbol": "ADA-USD"}, {"trade_id": 143792888, "side": "sell", "size": "166.87966103", "price": "0.74720000", "time": "2025-07-16T01:31:49.664368Z", "fetched_at": "2025-07-16T01:39:34.450816+00:00", "symbol": "ADA-USD"}, {"trade_id": 143792887, "side": "sell", "size": "49.99994072", "price": "0.74730000", "time": "2025-07-16T01:31:47.116060Z", "fetched_at": "2025-07-16T01:39:34.450816+00:00", "symbol": "ADA-USD"}, {"trade_id": 143792886, "side": "sell", "size": "594.00000000", "price": "0.74730000", "time": "2025-07-16T01:31:47.116060Z", "fetched_at": "2025-07-16T01:39:34.450816+00:00", "symbol": "ADA-USD"}, {"trade_id": 143792885, "side": "sell", "size": "166.81301408", "price": "0.74730000", "time": "2025-07-16T01:31:47.116060Z", "fetched_at": "2025-07-16T01:39:34.450816+00:00", "symbol": "ADA-USD"}, {"trade_id": 143792884, "side": "sell", "size": "166.65678866", "price": "0.74740000", "time": "2025-07-16T01:31:46.698163Z", "fetched_at": "2025-07-16T01:39:34.450816+00:00", "symbol": "ADA-USD"}, {"trade_id": 143792883, "side": "sell", "size": "35.31443281", "price": "0.74740000", "time": "2025-07-16T01:31:45.766109Z", "fetched_at": "2025-07-16T01:39:34.450816+00:00", "symbol": "ADA-USD"}, {"trade_id": 143792882, "side": "sell", "size": "50.00000000", "price": "0.74740000", "time": "2025-07-16T01:31:45.766109Z", "fetched_at": "2025-07-16T01:39:34.450816+00:00", "symbol": "ADA-USD"}, {"trade_id": 143792881, "side": "sell", "size": "594.00000000", "price": "0.74740000", "time": "2025-07-16T01:31:45.766109Z", "fetched_at": "2025-07-16T01:39:34.450816+00:00", "symbol": "ADA-USD"}, {"trade_id": 143792880, "side": "sell", "size": "166.65678866", "price": "0.74730000", "time": "2025-07-16T01:31:45.766109Z", "fetched_at": "2025-07-16T01:39:34.450816+00:00", "symbol": "ADA-USD"}, {"trade_id": 143792879, "side": "sell", "size": "594.00000000", "price": "0.74730000", "time": "2025-07-16T01:31:45.766109Z", "fetched_at": "2025-07-16T01:39:34.450816+00:00", "symbol": "ADA-USD"}, {"trade_id": 143792878, "side": "buy", "size": "464.40163883", "price": "0.74720000", "time": "2025-07-16T01:31:45.687399Z", "fetched_at": "2025-07-16T01:39:34.450816+00:00", "symbol": "ADA-USD"}, {"trade_id": 143792877, "side": "buy", "size": "1.50000000", "price": "0.74720000", "time": "2025-07-16T01:31:45.687399Z", "fetched_at": "2025-07-16T01:39:34.450816+00:00", "symbol": "ADA-USD"}, {"trade_id": 143792876, "side": "buy", "size": "594.00000000", "price": "0.74720000", "time": "2025-07-16T01:31:45.687399Z", "fetched_at": "2025-07-16T01:39:34.450816+00:00", "symbol": "ADA-USD"}, {"trade_id": 143792875, "side": "buy", "size": "179.71200000", "price": "0.74720000", "time": "2025-07-16T01:31:45.687399Z", "fetched_at": "2025-07-16T01:39:34.450816+00:00", "symbol": "ADA-USD"}, {"trade_id": 143792874, "side": "buy", "size": "1268.97385606", "price": "0.74730000", "time": "2025-07-16T01:31:45.687399Z", "fetched_at": "2025-07-16T01:39:34.450816+00:00", "symbol": "ADA-USD"}, {"trade_id": 143792873, "side": "buy", "size": "915.82863958", "price": "0.74730000", "time": "2025-07-16T01:31:45.687399Z", "fetched_at": "2025-07-16T01:39:34.450816+00:00", "symbol": "ADA-USD"}, {"trade_id": 143792872, "side": "buy", "size": "636.89602202", "price": "0.74730000", "time": "2025-07-16T01:31:45.687399Z", "fetched_at": "2025-07-16T01:39:34.450816+00:00", "symbol": "ADA-USD"}, {"trade_id": 143792871, "side": "buy", "size": "591.11542678", "price": "0.74730000", "time": "2025-07-16T01:31:45.687399Z", "fetched_at": "2025-07-16T01:39:34.450816+00:00", "symbol": "ADA-USD"}, {"trade_id": 143792870, "side": "buy", "size": "866.41024330", "price": "0.74730000", "time": "2025-07-16T01:31:45.687399Z", "fetched_at": "2025-07-16T01:39:34.450816+00:00", "symbol": "ADA-USD"}, {"trade_id": 143792869, "side": "buy", "size": "1.50000000", "price": "0.74730000", "time": "2025-07-16T01:31:45.687399Z", "fetched_at": "2025-07-16T01:39:34.450816+00:00", "symbol": "ADA-USD"}, {"trade_id": 143792868, "side": "buy", "size": "1.50000000", "price": "0.74740000", "time": "2025-07-16T01:31:45.687399Z", "fetched_at": "2025-07-16T01:39:34.450816+00:00", "symbol": "ADA-USD"}, {"trade_id": 143792867, "side": "buy", "size": "18.16217343", "price": "0.74740000", "time": "2025-07-16T01:31:45.687399Z", "fetched_at": "2025-07-16T01:39:34.450816+00:00", "symbol": "ADA-USD"}, {"trade_id": 143792866, "side": "buy", "size": "0.00004917", "price": "0.74750000", "time": "2025-07-16T01:31:45.662268Z", "fetched_at": "2025-07-16T01:39:34.450816+00:00", "symbol": "ADA-USD"}, {"trade_id": 143792865, "side": "buy", "size": "521.82060000", "price": "0.74750000", "time": "2025-07-16T01:31:45.661420Z", "fetched_at": "2025-07-16T01:39:34.450816+00:00", "symbol": "ADA-USD"}, {"trade_id": 143792864, "side": "buy", "size": "163.28963989", "price": "0.74750000", "time": "2025-07-16T01:31:45.657632Z", "fetched_at": "2025-07-16T01:39:34.450816+00:00", "symbol": "ADA-USD"}, {"trade_id": 143792863, "side": "sell", "size": "1099.96159000", "price": "0.74750000", "time": "2025-07-16T01:31:45.484305Z", "fetched_at": "2025-07-16T01:39:34.450816+00:00", "symbol": "ADA-USD"}, {"trade_id": 143792862, "side": "buy", "size": "1.50000000", "price": "0.74750000", "time": "2025-07-16T01:31:45.477748Z", "fetched_at": "2025-07-16T01:39:34.450816+00:00", "symbol": "ADA-USD"}, {"trade_id": 143792861, "side": "buy", "size": "166.80177012", "price": "0.74760000", "time": "2025-07-16T01:31:45.374540Z", "fetched_at": "2025-07-16T01:39:34.450816+00:00", "symbol": "ADA-USD"}, {"trade_id": 143792860, "side": "buy", "size": "337.22693000", "price": "0.74760000", "time": "2025-07-16T01:31:45.364470Z", "fetched_at": "2025-07-16T01:39:34.450816+00:00", "symbol": "ADA-USD"}, {"trade_id": 143792859, "side": "buy", "size": "218.01760000", "price": "0.74760000", "time": "2025-07-16T01:31:45.360898Z", "fetched_at": "2025-07-16T01:39:34.450816+00:00", "symbol": "ADA-USD"}, {"trade_id": 143792858, "side": "buy", "size": "75.46534000", "price": "0.74760000", "time": "2025-07-16T01:31:45.355460Z", "fetched_at": "2025-07-16T01:39:34.450816+00:00", "symbol": "ADA-USD"}, {"trade_id": 143792857, "side": "buy", "size": "1.50000000", "price": "0.74760000", "time": "2025-07-16T01:31:45.355460Z", "fetched_at": "2025-07-16T01:39:34.450816+00:00", "symbol": "ADA-USD"}, {"trade_id": 143792856, "side": "buy", "size": "166.77946147", "price": "0.74770000", "time": "2025-07-16T01:31:45.353834Z", "fetched_at": "2025-07-16T01:39:34.450816+00:00", "symbol": "ADA-USD"}, {"trade_id": 143792855, "side": "buy", "size": "358.31881000", "price": "0.74770000", "time": "2025-07-16T01:31:45.353834Z", "fetched_at": "2025-07-16T01:39:34.450816+00:00", "symbol": "ADA-USD"}, {"trade_id": 143792854, "side": "buy", "size": "1101.46159000", "price": "0.74770000", "time": "2025-07-16T01:31:45.351641Z", "fetched_at": "2025-07-16T01:39:34.450816+00:00", "symbol": "ADA-USD"}, {"trade_id": 143792853, "side": "buy", "size": "1500.00000000", "price": "0.74770000", "time": "2025-07-16T01:31:45.350985Z", "fetched_at": "2025-07-16T01:39:34.450816+00:00", "symbol": "ADA-USD"}, {"trade_id": 143792852, "side": "buy", "size": "600.00000000", "price": "0.74770000", "time": "2025-07-16T01:31:45.348927Z", "fetched_at": "2025-07-16T01:39:34.450816+00:00", "symbol": "ADA-USD"}, {"trade_id": 143792851, "side": "buy", "size": "34743.11684000", "price": "0.74770000", "time": "2025-07-16T01:31:45.347269Z", "fetched_at": "2025-07-16T01:39:34.450816+00:00", "symbol": "ADA-USD"}, {"trade_id": 143792850, "side": "buy", "size": "14533.86470000", "price": "0.74770000", "time": "2025-07-16T01:31:45.346942Z", "fetched_at": "2025-07-16T01:39:34.450816+00:00", "symbol": "ADA-USD"}, {"trade_id": 143792849, "side": "buy", "size": "1.50000000", "price": "0.74770000", "time": "2025-07-16T01:31:45.346942Z", "fetched_at": "2025-07-16T01:39:34.450816+00:00", "symbol": "ADA-USD"}, {"trade_id": 143792848, "side": "buy", "size": "166.75715879", "price": "0.74780000", "time": "2025-07-16T01:31:45.332420Z", "fetched_at": "2025-07-16T01:39:34.450816+00:00", "symbol": "ADA-USD"}, {"trade_id": 143792847, "side": "buy", "size": "9.35651700", "price": "0.74780000", "time": "2025-07-16T01:31:45.327308Z", "fetched_at": "2025-07-16T01:39:34.450816+00:00", "symbol": "ADA-USD"}, {"trade_id": 143792846, "side": "buy", "size": "1.50000000", "price": "0.74780000", "time": "2025-07-16T01:31:45.318302Z", "fetched_at": "2025-07-16T01:39:34.450816+00:00", "symbol": "ADA-USD"}, {"trade_id": 143792845, "side": "buy", "size": "594.00000000", "price": "0.74780000", "time": "2025-07-16T01:31:45.318302Z", "fetched_at": "2025-07-16T01:39:34.450816+00:00", "symbol": "ADA-USD"}, {"trade_id": 143792844, "side": "buy", "size": "2742.71802761", "price": "0.74790000", "time": "2025-07-16T01:31:45.312266Z", "fetched_at": "2025-07-16T01:39:34.450816+00:00", "symbol": "ADA-USD"}, {"trade_id": 143792843, "side": "buy", "size": "462.77988891", "price": "0.74790000", "time": "2025-07-16T01:31:45.312266Z", "fetched_at": "2025-07-16T01:39:34.450816+00:00", "symbol": "ADA-USD"}, {"trade_id": 143792842, "side": "buy", "size": "1449.79672351", "price": "0.74790000", "time": "2025-07-16T01:31:45.312266Z", "fetched_at": "2025-07-16T01:39:34.450816+00:00", "symbol": "ADA-USD"}, {"trade_id": 143792841, "side": "buy", "size": "390.83287876", "price": "0.74790000", "time": "2025-07-16T01:31:45.312266Z", "fetched_at": "2025-07-16T01:39:34.450816+00:00", "symbol": "ADA-USD"}, {"trade_id": 143792840, "side": "buy", "size": "489.69128078", "price": "0.74790000", "time": "2025-07-16T01:31:45.310003Z", "fetched_at": "2025-07-16T01:39:34.450816+00:00", "symbol": "ADA-USD"}, {"trade_id": 143792839, "side": "buy", "size": "603.96978406", "price": "0.74790000", "time": "2025-07-16T01:31:45.310003Z", "fetched_at": "2025-07-16T01:39:34.450816+00:00", "symbol": "ADA-USD"}, {"trade_id": 143792838, "side": "buy", "size": "1.50000000", "price": "0.74790000", "time": "2025-07-16T01:31:45.310003Z", "fetched_at": "2025-07-16T01:39:34.450816+00:00", "symbol": "ADA-USD"}