[{"trade_id": 143780707, "side": "buy", "size": "370.44683587", "price": "0.74710000", "time": "2025-07-15T23:10:48.290476Z", "fetched_at": "2025-07-15T23:10:49.985985+00:00", "symbol": "ADA-USD"}, {"trade_id": 143780706, "side": "buy", "size": "636.79817731", "price": "0.74720000", "time": "2025-07-15T23:10:48.278766Z", "fetched_at": "2025-07-15T23:10:49.985985+00:00", "symbol": "ADA-USD"}, {"trade_id": 143780705, "side": "buy", "size": "629.38474824", "price": "0.74720000", "time": "2025-07-15T23:10:48.267954Z", "fetched_at": "2025-07-15T23:10:49.985985+00:00", "symbol": "ADA-USD"}, {"trade_id": 143780704, "side": "sell", "size": "10.32595663", "price": "0.74730000", "time": "2025-07-15T23:10:48.136731Z", "fetched_at": "2025-07-15T23:10:49.985985+00:00", "symbol": "ADA-USD"}, {"trade_id": 143780703, "side": "sell", "size": "2.35309937", "price": "0.74730000", "time": "2025-07-15T23:10:48.136731Z", "fetched_at": "2025-07-15T23:10:49.985985+00:00", "symbol": "ADA-USD"}, {"trade_id": 143780702, "side": "sell", "size": "6.28844600", "price": "0.74710000", "time": "2025-07-15T23:10:46.618609Z", "fetched_at": "2025-07-15T23:10:49.985985+00:00", "symbol": "ADA-USD"}, {"trade_id": 143780701, "side": "buy", "size": "1.50000000", "price": "0.74710000", "time": "2025-07-15T23:10:46.344910Z", "fetched_at": "2025-07-15T23:10:49.985985+00:00", "symbol": "ADA-USD"}, {"trade_id": 143780700, "side": "buy", "size": "66.48861328", "price": "0.74720000", "time": "2025-07-15T23:10:45.458636Z", "fetched_at": "2025-07-15T23:10:49.985985+00:00", "symbol": "ADA-USD"}, {"trade_id": 143780699, "side": "buy", "size": "1.50000000", "price": "0.74720000", "time": "2025-07-15T23:10:45.458636Z", "fetched_at": "2025-07-15T23:10:49.985985+00:00", "symbol": "ADA-USD"}, {"trade_id": 143780698, "side": "buy", "size": "0.00158672", "price": "0.74720000", "time": "2025-07-15T23:10:45.458636Z", "fetched_at": "2025-07-15T23:10:49.985985+00:00", "symbol": "ADA-USD"}, {"trade_id": 143780697, "side": "buy", "size": "1.50000000", "price": "0.74730000", "time": "2025-07-15T23:10:45.153966Z", "fetched_at": "2025-07-15T23:10:49.985985+00:00", "symbol": "ADA-USD"}, {"trade_id": 143780696, "side": "buy", "size": "283.72809946", "price": "0.74740000", "time": "2025-07-15T23:10:45.063792Z", "fetched_at": "2025-07-15T23:10:49.985985+00:00", "symbol": "ADA-USD"}, {"trade_id": 143780695, "side": "buy", "size": "1.50000000", "price": "0.74740000", "time": "2025-07-15T23:10:45.063792Z", "fetched_at": "2025-07-15T23:10:49.985985+00:00", "symbol": "ADA-USD"}, {"trade_id": 143780694, "side": "buy", "size": "1.77440622", "price": "0.74750000", "time": "2025-07-15T23:10:44.323292Z", "fetched_at": "2025-07-15T23:10:49.985985+00:00", "symbol": "ADA-USD"}, {"trade_id": 143780693, "side": "buy", "size": "2.36587496", "price": "0.74750000", "time": "2025-07-15T23:10:44.294505Z", "fetched_at": "2025-07-15T23:10:49.985985+00:00", "symbol": "ADA-USD"}, {"trade_id": 143780692, "side": "buy", "size": "1.50000000", "price": "0.74750000", "time": "2025-07-15T23:10:44.166230Z", "fetched_at": "2025-07-15T23:10:49.985985+00:00", "symbol": "ADA-USD"}, {"trade_id": 143780691, "side": "buy", "size": "3.15449995", "price": "0.74760000", "time": "2025-07-15T23:10:43.830583Z", "fetched_at": "2025-07-15T23:10:49.985985+00:00", "symbol": "ADA-USD"}, {"trade_id": 143780690, "side": "buy", "size": "1.50000000", "price": "0.74760000", "time": "2025-07-15T23:10:43.788524Z", "fetched_at": "2025-07-15T23:10:49.985985+00:00", "symbol": "ADA-USD"}, {"trade_id": 143780689, "side": "buy", "size": "1.50000000", "price": "0.74770000", "time": "2025-07-15T23:10:43.510669Z", "fetched_at": "2025-07-15T23:10:49.985985+00:00", "symbol": "ADA-USD"}, {"trade_id": 143780688, "side": "sell", "size": "119.72460253", "price": "0.74780000", "time": "2025-07-15T23:10:41.405581Z", "fetched_at": "2025-07-15T23:10:49.985985+00:00", "symbol": "ADA-USD"}, {"trade_id": 143780687, "side": "sell", "size": "10.12360747", "price": "0.74780000", "time": "2025-07-15T23:10:41.405581Z", "fetched_at": "2025-07-15T23:10:49.985985+00:00", "symbol": "ADA-USD"}, {"trade_id": 143780686, "side": "buy", "size": "368.62294000", "price": "0.74790000", "time": "2025-07-15T23:10:38.628303Z", "fetched_at": "2025-07-15T23:10:49.985985+00:00", "symbol": "ADA-USD"}, {"trade_id": 143780685, "side": "buy", "size": "270.32644000", "price": "0.74790000", "time": "2025-07-15T23:10:38.628303Z", "fetched_at": "2025-07-15T23:10:49.985985+00:00", "symbol": "ADA-USD"}, {"trade_id": 143780684, "side": "buy", "size": "229.05062000", "price": "0.74790000", "time": "2025-07-15T23:10:38.628303Z", "fetched_at": "2025-07-15T23:10:49.985985+00:00", "symbol": "ADA-USD"}, {"trade_id": 143780683, "side": "sell", "size": "0.00000174", "price": "0.74780000", "time": "2025-07-15T23:10:37.855632Z", "fetched_at": "2025-07-15T23:10:49.985985+00:00", "symbol": "ADA-USD"}, {"trade_id": 143780682, "side": "sell", "size": "157.34878000", "price": "0.74780000", "time": "2025-07-15T23:10:37.855610Z", "fetched_at": "2025-07-15T23:10:49.985985+00:00", "symbol": "ADA-USD"}, {"trade_id": 143780681, "side": "buy", "size": "417.91876841", "price": "0.74770000", "time": "2025-07-15T23:10:36.814239Z", "fetched_at": "2025-07-15T23:10:49.985985+00:00", "symbol": "ADA-USD"}, {"trade_id": 143780680, "side": "buy", "size": "19.66502099", "price": "0.74770000", "time": "2025-07-15T23:10:36.613931Z", "fetched_at": "2025-07-15T23:10:49.985985+00:00", "symbol": "ADA-USD"}, {"trade_id": 143780679, "side": "buy", "size": "6.68717401", "price": "0.74770000", "time": "2025-07-15T23:10:36.613931Z", "fetched_at": "2025-07-15T23:10:49.985985+00:00", "symbol": "ADA-USD"}, {"trade_id": 143780678, "side": "buy", "size": "1.50000000", "price": "0.74780000", "time": "2025-07-15T23:10:36.088422Z", "fetched_at": "2025-07-15T23:10:49.985985+00:00", "symbol": "ADA-USD"}, {"trade_id": 143780677, "side": "buy", "size": "3.82519725", "price": "0.74780000", "time": "2025-07-15T23:10:36.088422Z", "fetched_at": "2025-07-15T23:10:49.985985+00:00", "symbol": "ADA-USD"}, {"trade_id": 143780676, "side": "sell", "size": "12.66924900", "price": "0.74790000", "time": "2025-07-15T23:10:35.861669Z", "fetched_at": "2025-07-15T23:10:49.985985+00:00", "symbol": "ADA-USD"}, {"trade_id": 143780675, "side": "buy", "size": "594.00000000", "price": "0.74790000", "time": "2025-07-15T23:10:35.721417Z", "fetched_at": "2025-07-15T23:10:49.985985+00:00", "symbol": "ADA-USD"}, {"trade_id": 143780674, "side": "buy", "size": "1.50000000", "price": "0.74790000", "time": "2025-07-15T23:10:35.721417Z", "fetched_at": "2025-07-15T23:10:49.985985+00:00", "symbol": "ADA-USD"}, {"trade_id": 143780673, "side": "buy", "size": "4.20599993", "price": "0.74800000", "time": "2025-07-15T23:10:34.799286Z", "fetched_at": "2025-07-15T23:10:49.985985+00:00", "symbol": "ADA-USD"}, {"trade_id": 143780672, "side": "buy", "size": "5.60799991", "price": "0.74800000", "time": "2025-07-15T23:10:34.679288Z", "fetched_at": "2025-07-15T23:10:49.985985+00:00", "symbol": "ADA-USD"}, {"trade_id": 143780671, "side": "buy", "size": "167.49202983", "price": "0.74800000", "time": "2025-07-15T23:10:34.500890Z", "fetched_at": "2025-07-15T23:10:49.985985+00:00", "symbol": "ADA-USD"}, {"trade_id": 143780670, "side": "buy", "size": "1.50000000", "price": "0.74800000", "time": "2025-07-15T23:10:34.500890Z", "fetched_at": "2025-07-15T23:10:49.985985+00:00", "symbol": "ADA-USD"}, {"trade_id": 143780669, "side": "buy", "size": "4.62238925", "price": "0.74800000", "time": "2025-07-15T23:10:34.500890Z", "fetched_at": "2025-07-15T23:10:49.985985+00:00", "symbol": "ADA-USD"}, {"trade_id": 143780668, "side": "buy", "size": "66.49020000", "price": "0.74810000", "time": "2025-07-15T23:10:34.178301Z", "fetched_at": "2025-07-15T23:10:49.985985+00:00", "symbol": "ADA-USD"}, {"trade_id": 143780667, "side": "buy", "size": "1.50000000", "price": "0.74810000", "time": "2025-07-15T23:10:34.178301Z", "fetched_at": "2025-07-15T23:10:49.985985+00:00", "symbol": "ADA-USD"}, {"trade_id": 143780666, "side": "buy", "size": "7.47733321", "price": "0.74820000", "time": "2025-07-15T23:10:34.076243Z", "fetched_at": "2025-07-15T23:10:49.985985+00:00", "symbol": "ADA-USD"}, {"trade_id": 143780665, "side": "buy", "size": "9.96977761", "price": "0.74820000", "time": "2025-07-15T23:10:33.710592Z", "fetched_at": "2025-07-15T23:10:49.985985+00:00", "symbol": "ADA-USD"}, {"trade_id": 143780664, "side": "buy", "size": "2.86736418", "price": "0.74820000", "time": "2025-07-15T23:10:33.532254Z", "fetched_at": "2025-07-15T23:10:49.985985+00:00", "symbol": "ADA-USD"}, {"trade_id": 143780663, "side": "buy", "size": "1.50000000", "price": "0.74820000", "time": "2025-07-15T23:10:33.532254Z", "fetched_at": "2025-07-15T23:10:49.985985+00:00", "symbol": "ADA-USD"}, {"trade_id": 143780662, "side": "buy", "size": "1.50000000", "price": "0.74830000", "time": "2025-07-15T23:10:33.288441Z", "fetched_at": "2025-07-15T23:10:49.985985+00:00", "symbol": "ADA-USD"}, {"trade_id": 143780661, "side": "buy", "size": "13.29303681", "price": "0.74830000", "time": "2025-07-15T23:10:33.288441Z", "fetched_at": "2025-07-15T23:10:49.985985+00:00", "symbol": "ADA-USD"}, {"trade_id": 143780660, "side": "buy", "size": "17.72404908", "price": "0.74830000", "time": "2025-07-15T23:10:31.451622Z", "fetched_at": "2025-07-15T23:10:49.985985+00:00", "symbol": "ADA-USD"}, {"trade_id": 143780659, "side": "buy", "size": "23.63206545", "price": "0.74830000", "time": "2025-07-15T23:10:30.161049Z", "fetched_at": "2025-07-15T23:10:49.985985+00:00", "symbol": "ADA-USD"}, {"trade_id": 143780658, "side": "buy", "size": "1.50000000", "price": "0.74830000", "time": "2025-07-15T23:10:30.133917Z", "fetched_at": "2025-07-15T23:10:49.985985+00:00", "symbol": "ADA-USD"}, {"trade_id": 143780657, "side": "buy", "size": "4229.49374614", "price": "0.74850000", "time": "2025-07-15T23:10:28.223445Z", "fetched_at": "2025-07-15T23:10:49.985985+00:00", "symbol": "ADA-USD"}, {"trade_id": 143780656, "side": "buy", "size": "771.70657897", "price": "0.74850000", "time": "2025-07-15T23:10:28.221158Z", "fetched_at": "2025-07-15T23:10:49.985985+00:00", "symbol": "ADA-USD"}, {"trade_id": 143780655, "side": "buy", "size": "72.25869540", "price": "0.74840000", "time": "2025-07-15T23:10:26.074112Z", "fetched_at": "2025-07-15T23:10:49.985985+00:00", "symbol": "ADA-USD"}, {"trade_id": 143780654, "side": "buy", "size": "31.50942060", "price": "0.74840000", "time": "2025-07-15T23:10:26.074112Z", "fetched_at": "2025-07-15T23:10:49.985985+00:00", "symbol": "ADA-USD"}, {"trade_id": 143780653, "side": "sell", "size": "4.54271163", "price": "0.74840000", "time": "2025-07-15T23:10:25.884515Z", "fetched_at": "2025-07-15T23:10:49.985985+00:00", "symbol": "ADA-USD"}, {"trade_id": 143780652, "side": "sell", "size": "21.31932225", "price": "0.74840000", "time": "2025-07-15T23:10:24.472126Z", "fetched_at": "2025-07-15T23:10:49.985985+00:00", "symbol": "ADA-USD"}, {"trade_id": 143780651, "side": "buy", "size": "2.14994844", "price": "0.74840000", "time": "2025-07-15T23:10:23.211473Z", "fetched_at": "2025-07-15T23:10:49.985985+00:00", "symbol": "ADA-USD"}, {"trade_id": 143780650, "side": "buy", "size": "1.50000000", "price": "0.74840000", "time": "2025-07-15T23:10:23.211473Z", "fetched_at": "2025-07-15T23:10:49.985985+00:00", "symbol": "ADA-USD"}, {"trade_id": 143780649, "side": "sell", "size": "167.36992977", "price": "0.74850000", "time": "2025-07-15T23:10:21.392424Z", "fetched_at": "2025-07-15T23:10:49.985985+00:00", "symbol": "ADA-USD"}, {"trade_id": 143780648, "side": "sell", "size": "167.28408007", "price": "0.74850000", "time": "2025-07-15T23:10:19.180783Z", "fetched_at": "2025-07-15T23:10:49.985985+00:00", "symbol": "ADA-USD"}, {"trade_id": 143780647, "side": "buy", "size": "167.38014470", "price": "0.74850000", "time": "2025-07-15T23:10:18.531288Z", "fetched_at": "2025-07-15T23:10:49.985985+00:00", "symbol": "ADA-USD"}, {"trade_id": 143780646, "side": "buy", "size": "1.50000000", "price": "0.74850000", "time": "2025-07-15T23:10:18.531288Z", "fetched_at": "2025-07-15T23:10:49.985985+00:00", "symbol": "ADA-USD"}, {"trade_id": 143780645, "side": "buy", "size": "100.86758561", "price": "0.74860000", "time": "2025-07-15T23:10:18.442482Z", "fetched_at": "2025-07-15T23:10:49.985985+00:00", "symbol": "ADA-USD"}, {"trade_id": 143780644, "side": "buy", "size": "66.49020000", "price": "0.74860000", "time": "2025-07-15T23:10:18.382463Z", "fetched_at": "2025-07-15T23:10:49.985985+00:00", "symbol": "ADA-USD"}, {"trade_id": 143780643, "side": "buy", "size": "1.50000000", "price": "0.74860000", "time": "2025-07-15T23:10:18.382463Z", "fetched_at": "2025-07-15T23:10:49.985985+00:00", "symbol": "ADA-USD"}, {"trade_id": 143780642, "side": "buy", "size": "1.50000000", "price": "0.74870000", "time": "2025-07-15T23:10:18.311652Z", "fetched_at": "2025-07-15T23:10:49.985985+00:00", "symbol": "ADA-USD"}, {"trade_id": 143780641, "side": "buy", "size": "1.50000000", "price": "0.74880000", "time": "2025-07-15T23:10:18.123465Z", "fetched_at": "2025-07-15T23:10:49.985985+00:00", "symbol": "ADA-USD"}, {"trade_id": 143780640, "side": "buy", "size": "169.89000494", "price": "0.74890000", "time": "2025-07-15T23:10:18.076357Z", "fetched_at": "2025-07-15T23:10:49.985985+00:00", "symbol": "ADA-USD"}, {"trade_id": 143780639, "side": "buy", "size": "218.46700000", "price": "0.74890000", "time": "2025-07-15T23:10:18.072027Z", "fetched_at": "2025-07-15T23:10:49.985985+00:00", "symbol": "ADA-USD"}, {"trade_id": 143780638, "side": "buy", "size": "1.50000000", "price": "0.74890000", "time": "2025-07-15T23:10:18.072027Z", "fetched_at": "2025-07-15T23:10:49.985985+00:00", "symbol": "ADA-USD"}, {"trade_id": 143780637, "side": "buy", "size": "682.04672144", "price": "0.74910000", "time": "2025-07-15T23:10:16.604659Z", "fetched_at": "2025-07-15T23:10:49.985985+00:00", "symbol": "ADA-USD"}, {"trade_id": 143780636, "side": "buy", "size": "396.21009795", "price": "0.74910000", "time": "2025-07-15T23:10:16.601428Z", "fetched_at": "2025-07-15T23:10:49.985985+00:00", "symbol": "ADA-USD"}, {"trade_id": 143780635, "side": "buy", "size": "134.33946000", "price": "0.74910000", "time": "2025-07-15T23:10:16.601312Z", "fetched_at": "2025-07-15T23:10:49.985985+00:00", "symbol": "ADA-USD"}, {"trade_id": 143780634, "side": "buy", "size": "170.69502000", "price": "0.74910000", "time": "2025-07-15T23:10:16.598175Z", "fetched_at": "2025-07-15T23:10:49.985985+00:00", "symbol": "ADA-USD"}, {"trade_id": 143780633, "side": "buy", "size": "157.57531000", "price": "0.74910000", "time": "2025-07-15T23:10:16.597058Z", "fetched_at": "2025-07-15T23:10:49.985985+00:00", "symbol": "ADA-USD"}, {"trade_id": 143780632, "side": "buy", "size": "141.70746000", "price": "0.74910000", "time": "2025-07-15T23:10:16.593513Z", "fetched_at": "2025-07-15T23:10:49.985985+00:00", "symbol": "ADA-USD"}, {"trade_id": 143780631, "side": "buy", "size": "258.11064684", "price": "0.74910000", "time": "2025-07-15T23:10:16.590075Z", "fetched_at": "2025-07-15T23:10:49.985985+00:00", "symbol": "ADA-USD"}, {"trade_id": 143780630, "side": "buy", "size": "205.43244506", "price": "0.74910000", "time": "2025-07-15T23:10:16.551517Z", "fetched_at": "2025-07-15T23:10:49.985985+00:00", "symbol": "ADA-USD"}, {"trade_id": 143780629, "side": "buy", "size": "457.12788491", "price": "0.74910000", "time": "2025-07-15T23:10:16.534779Z", "fetched_at": "2025-07-15T23:10:49.985985+00:00", "symbol": "ADA-USD"}, {"trade_id": 143780628, "side": "buy", "size": "49.60662912", "price": "0.74910000", "time": "2025-07-15T23:10:16.531278Z", "fetched_at": "2025-07-15T23:10:49.985985+00:00", "symbol": "ADA-USD"}, {"trade_id": 143780627, "side": "buy", "size": "180.54475113", "price": "0.74910000", "time": "2025-07-15T23:10:16.511764Z", "fetched_at": "2025-07-15T23:10:49.985985+00:00", "symbol": "ADA-USD"}, {"trade_id": 143780626, "side": "buy", "size": "58.00256351", "price": "0.74910000", "time": "2025-07-15T23:10:16.500293Z", "fetched_at": "2025-07-15T23:10:49.985985+00:00", "symbol": "ADA-USD"}, {"trade_id": 143780625, "side": "buy", "size": "124.22376883", "price": "0.74910000", "time": "2025-07-15T23:10:16.471998Z", "fetched_at": "2025-07-15T23:10:49.985985+00:00", "symbol": "ADA-USD"}, {"trade_id": 143780624, "side": "buy", "size": "122.73153196", "price": "0.74910000", "time": "2025-07-15T23:10:16.453382Z", "fetched_at": "2025-07-15T23:10:49.985985+00:00", "symbol": "ADA-USD"}, {"trade_id": 143780623, "side": "buy", "size": "295.26359730", "price": "0.74910000", "time": "2025-07-15T23:10:16.437988Z", "fetched_at": "2025-07-15T23:10:49.985985+00:00", "symbol": "ADA-USD"}, {"trade_id": 143780622, "side": "buy", "size": "67.99020000", "price": "0.74910000", "time": "2025-07-15T23:10:16.419265Z", "fetched_at": "2025-07-15T23:10:49.985985+00:00", "symbol": "ADA-USD"}, {"trade_id": 143780621, "side": "buy", "size": "195.58197187", "price": "0.74910000", "time": "2025-07-15T23:10:16.415911Z", "fetched_at": "2025-07-15T23:10:49.985985+00:00", "symbol": "ADA-USD"}, {"trade_id": 143780620, "side": "buy", "size": "115.17592487", "price": "0.74910000", "time": "2025-07-15T23:10:16.386446Z", "fetched_at": "2025-07-15T23:10:49.985985+00:00", "symbol": "ADA-USD"}, {"trade_id": 143780619, "side": "buy", "size": "224.34739064", "price": "0.74910000", "time": "2025-07-15T23:10:16.369231Z", "fetched_at": "2025-07-15T23:10:49.985985+00:00", "symbol": "ADA-USD"}, {"trade_id": 143780618, "side": "buy", "size": "274.65004974", "price": "0.74910000", "time": "2025-07-15T23:10:16.337962Z", "fetched_at": "2025-07-15T23:10:49.985985+00:00", "symbol": "ADA-USD"}, {"trade_id": 143780617, "side": "buy", "size": "281.43077075", "price": "0.74910000", "time": "2025-07-15T23:10:16.314788Z", "fetched_at": "2025-07-15T23:10:49.985985+00:00", "symbol": "ADA-USD"}, {"trade_id": 143780616, "side": "buy", "size": "85.06921803", "price": "0.74910000", "time": "2025-07-15T23:10:16.261011Z", "fetched_at": "2025-07-15T23:10:49.985985+00:00", "symbol": "ADA-USD"}, {"trade_id": 143780615, "side": "buy", "size": "108.83894134", "price": "0.74910000", "time": "2025-07-15T23:10:16.248176Z", "fetched_at": "2025-07-15T23:10:49.985985+00:00", "symbol": "ADA-USD"}, {"trade_id": 143780614, "side": "buy", "size": "71.56295749", "price": "0.74910000", "time": "2025-07-15T23:10:16.231803Z", "fetched_at": "2025-07-15T23:10:49.985985+00:00", "symbol": "ADA-USD"}, {"trade_id": 143780613, "side": "buy", "size": "69.81468344", "price": "0.74910000", "time": "2025-07-15T23:10:16.192093Z", "fetched_at": "2025-07-15T23:10:49.985985+00:00", "symbol": "ADA-USD"}, {"trade_id": 143780612, "side": "buy", "size": "825.91264905", "price": "0.74910000", "time": "2025-07-15T23:10:16.142732Z", "fetched_at": "2025-07-15T23:10:49.985985+00:00", "symbol": "ADA-USD"}, {"trade_id": 143780611, "side": "buy", "size": "3728.96128936", "price": "0.74910000", "time": "2025-07-15T23:10:16.141937Z", "fetched_at": "2025-07-15T23:10:49.985985+00:00", "symbol": "ADA-USD"}, {"trade_id": 143780610, "side": "buy", "size": "956.93714537", "price": "0.74910000", "time": "2025-07-15T23:10:16.131761Z", "fetched_at": "2025-07-15T23:10:49.985985+00:00", "symbol": "ADA-USD"}, {"trade_id": 143780609, "side": "sell", "size": "1.02000000", "price": "0.74910000", "time": "2025-07-15T23:10:08.314999Z", "fetched_at": "2025-07-15T23:10:49.985985+00:00", "symbol": "ADA-USD"}, {"trade_id": 143780608, "side": "sell", "size": "133.24472630", "price": "0.74900000", "time": "2025-07-15T23:10:06.797952Z", "fetched_at": "2025-07-15T23:10:49.985985+00:00", "symbol": "ADA-USD"}, {"trade_id": 143780607, "side": "buy", "size": "211.89555094", "price": "0.74910000", "time": "2025-07-15T23:10:06.569413Z", "fetched_at": "2025-07-15T23:10:49.985985+00:00", "symbol": "ADA-USD"}, {"trade_id": 143780606, "side": "buy", "size": "727.72901102", "price": "0.74910000", "time": "2025-07-15T23:10:06.539648Z", "fetched_at": "2025-07-15T23:10:49.985985+00:00", "symbol": "ADA-USD"}, {"trade_id": 143780605, "side": "buy", "size": "512.00000000", "price": "0.74910000", "time": "2025-07-15T23:10:06.532630Z", "fetched_at": "2025-07-15T23:10:49.985985+00:00", "symbol": "ADA-USD"}, {"trade_id": 143780604, "side": "sell", "size": "197.91577682", "price": "0.74920000", "time": "2025-07-15T23:10:06.457668Z", "fetched_at": "2025-07-15T23:10:49.985985+00:00", "symbol": "ADA-USD"}, {"trade_id": 143780603, "side": "sell", "size": "1.50000000", "price": "0.74920000", "time": "2025-07-15T23:10:06.457668Z", "fetched_at": "2025-07-15T23:10:49.985985+00:00", "symbol": "ADA-USD"}, {"trade_id": 143780602, "side": "sell", "size": "1.50000000", "price": "0.74910000", "time": "2025-07-15T23:10:05.940834Z", "fetched_at": "2025-07-15T23:10:49.985985+00:00", "symbol": "ADA-USD"}, {"trade_id": 143780601, "side": "buy", "size": "67.99020000", "price": "0.74900000", "time": "2025-07-15T23:10:05.758871Z", "fetched_at": "2025-07-15T23:10:49.985985+00:00", "symbol": "ADA-USD"}, {"trade_id": 143780600, "side": "buy", "size": "191.44871238", "price": "0.74870000", "time": "2025-07-15T23:10:01.170368Z", "fetched_at": "2025-07-15T23:10:49.985985+00:00", "symbol": "ADA-USD"}, {"trade_id": 143780599, "side": "buy", "size": "650.62793662", "price": "0.74870000", "time": "2025-07-15T23:10:01.170368Z", "fetched_at": "2025-07-15T23:10:49.985985+00:00", "symbol": "ADA-USD"}, {"trade_id": 143780598, "side": "buy", "size": "229.05062000", "price": "0.74870000", "time": "2025-07-15T23:10:01.170368Z", "fetched_at": "2025-07-15T23:10:49.985985+00:00", "symbol": "ADA-USD"}, {"trade_id": 143780597, "side": "sell", "size": "3.90296137", "price": "0.74870000", "time": "2025-07-15T23:09:56.518733Z", "fetched_at": "2025-07-15T23:10:49.985985+00:00", "symbol": "ADA-USD"}, {"trade_id": 143780596, "side": "buy", "size": "1.50000000", "price": "0.74870000", "time": "2025-07-15T23:09:55.891146Z", "fetched_at": "2025-07-15T23:10:49.985985+00:00", "symbol": "ADA-USD"}, {"trade_id": 143780595, "side": "buy", "size": "972.15045434", "price": "0.74880000", "time": "2025-07-15T23:09:54.846494Z", "fetched_at": "2025-07-15T23:10:49.985985+00:00", "symbol": "ADA-USD"}, {"trade_id": 143780594, "side": "sell", "size": "594.00000000", "price": "0.74880000", "time": "2025-07-15T23:09:54.842102Z", "fetched_at": "2025-07-15T23:10:49.985985+00:00", "symbol": "ADA-USD"}, {"trade_id": 143780593, "side": "sell", "size": "296.48936000", "price": "0.74880000", "time": "2025-07-15T23:09:54.842102Z", "fetched_at": "2025-07-15T23:10:49.985985+00:00", "symbol": "ADA-USD"}, {"trade_id": 143780592, "side": "sell", "size": "31.52604977", "price": "0.74880000", "time": "2025-07-15T23:09:54.842102Z", "fetched_at": "2025-07-15T23:10:49.985985+00:00", "symbol": "ADA-USD"}, {"trade_id": 143780591, "side": "sell", "size": "85.00080255", "price": "0.74880000", "time": "2025-07-15T23:09:54.842102Z", "fetched_at": "2025-07-15T23:10:49.985985+00:00", "symbol": "ADA-USD"}, {"trade_id": 143780590, "side": "buy", "size": "1.50000000", "price": "0.74880000", "time": "2025-07-15T23:09:54.606656Z", "fetched_at": "2025-07-15T23:10:49.985985+00:00", "symbol": "ADA-USD"}, {"trade_id": 143780589, "side": "buy", "size": "4516.00126903", "price": "0.74890000", "time": "2025-07-15T23:09:54.367894Z", "fetched_at": "2025-07-15T23:10:49.985985+00:00", "symbol": "ADA-USD"}, {"trade_id": 143780588, "side": "buy", "size": "1.50000000", "price": "0.74890000", "time": "2025-07-15T23:09:54.367894Z", "fetched_at": "2025-07-15T23:10:49.985985+00:00", "symbol": "ADA-USD"}, {"trade_id": 143780587, "side": "sell", "size": "78.42178000", "price": "0.74900000", "time": "2025-07-15T23:09:52.883783Z", "fetched_at": "2025-07-15T23:10:49.985985+00:00", "symbol": "ADA-USD"}, {"trade_id": 143780586, "side": "buy", "size": "705.86985521", "price": "0.74900000", "time": "2025-07-15T23:09:51.669887Z", "fetched_at": "2025-07-15T23:10:49.985985+00:00", "symbol": "ADA-USD"}, {"trade_id": 143780585, "side": "buy", "size": "68.52207026", "price": "0.74900000", "time": "2025-07-15T23:09:51.659698Z", "fetched_at": "2025-07-15T23:10:49.985985+00:00", "symbol": "ADA-USD"}, {"trade_id": 143780584, "side": "buy", "size": "124.52408552", "price": "0.74900000", "time": "2025-07-15T23:09:51.648773Z", "fetched_at": "2025-07-15T23:10:49.985985+00:00", "symbol": "ADA-USD"}, {"trade_id": 143780583, "side": "buy", "size": "355.15234197", "price": "0.74900000", "time": "2025-07-15T23:09:51.629878Z", "fetched_at": "2025-07-15T23:10:49.985985+00:00", "symbol": "ADA-USD"}, {"trade_id": 143780582, "side": "buy", "size": "1012.51412598", "price": "0.74900000", "time": "2025-07-15T23:09:51.617756Z", "fetched_at": "2025-07-15T23:10:49.985985+00:00", "symbol": "ADA-USD"}, {"trade_id": 143780581, "side": "buy", "size": "29.60229612", "price": "0.74900000", "time": "2025-07-15T23:09:48.139601Z", "fetched_at": "2025-07-15T23:10:49.985985+00:00", "symbol": "ADA-USD"}, {"trade_id": 143780580, "side": "buy", "size": "80.00630625", "price": "0.74900000", "time": "2025-07-15T23:09:48.129204Z", "fetched_at": "2025-07-15T23:10:49.985985+00:00", "symbol": "ADA-USD"}, {"trade_id": 143780579, "side": "buy", "size": "74.49284141", "price": "0.74900000", "time": "2025-07-15T23:09:48.071716Z", "fetched_at": "2025-07-15T23:10:49.985985+00:00", "symbol": "ADA-USD"}, {"trade_id": 143780578, "side": "buy", "size": "115.86154314", "price": "0.74900000", "time": "2025-07-15T23:09:48.060464Z", "fetched_at": "2025-07-15T23:10:49.985985+00:00", "symbol": "ADA-USD"}, {"trade_id": 143780577, "side": "buy", "size": "173.42319225", "price": "0.74900000", "time": "2025-07-15T23:09:48.042866Z", "fetched_at": "2025-07-15T23:10:49.985985+00:00", "symbol": "ADA-USD"}, {"trade_id": 143780576, "side": "buy", "size": "337.73136448", "price": "0.74900000", "time": "2025-07-15T23:09:48.032547Z", "fetched_at": "2025-07-15T23:10:49.985985+00:00", "symbol": "ADA-USD"}, {"trade_id": 143780575, "side": "buy", "size": "672.86854750", "price": "0.74900000", "time": "2025-07-15T23:09:48.021562Z", "fetched_at": "2025-07-15T23:10:49.985985+00:00", "symbol": "ADA-USD"}, {"trade_id": 143780574, "side": "buy", "size": "1.50000000", "price": "0.74900000", "time": "2025-07-15T23:09:48.021562Z", "fetched_at": "2025-07-15T23:10:49.985985+00:00", "symbol": "ADA-USD"}, {"trade_id": 143780573, "side": "buy", "size": "167.24607971", "price": "0.74910000", "time": "2025-07-15T23:09:47.833021Z", "fetched_at": "2025-07-15T23:10:49.985985+00:00", "symbol": "ADA-USD"}, {"trade_id": 143780572, "side": "buy", "size": "1.50000000", "price": "0.74910000", "time": "2025-07-15T23:09:47.833021Z", "fetched_at": "2025-07-15T23:10:49.985985+00:00", "symbol": "ADA-USD"}, {"trade_id": 143780571, "side": "buy", "size": "582.59731302", "price": "0.74920000", "time": "2025-07-15T23:09:47.820562Z", "fetched_at": "2025-07-15T23:10:49.985985+00:00", "symbol": "ADA-USD"}, {"trade_id": 143780570, "side": "buy", "size": "512.00000000", "price": "0.74920000", "time": "2025-07-15T23:09:47.818618Z", "fetched_at": "2025-07-15T23:10:49.985985+00:00", "symbol": "ADA-USD"}, {"trade_id": 143780569, "side": "buy", "size": "240.15976119", "price": "0.74920000", "time": "2025-07-15T23:09:47.816264Z", "fetched_at": "2025-07-15T23:10:49.985985+00:00", "symbol": "ADA-USD"}, {"trade_id": 143780568, "side": "buy", "size": "31.54030900", "price": "0.74920000", "time": "2025-07-15T23:09:47.645179Z", "fetched_at": "2025-07-15T23:10:49.985985+00:00", "symbol": "ADA-USD"}, {"trade_id": 143780567, "side": "buy", "size": "2862.90503484", "price": "0.74920000", "time": "2025-07-15T23:09:47.227343Z", "fetched_at": "2025-07-15T23:10:49.985985+00:00", "symbol": "ADA-USD"}, {"trade_id": 143780566, "side": "buy", "size": "2252.75771987", "price": "0.74920000", "time": "2025-07-15T23:09:47.227343Z", "fetched_at": "2025-07-15T23:10:49.985985+00:00", "symbol": "ADA-USD"}, {"trade_id": 143780565, "side": "buy", "size": "840.82468450", "price": "0.74920000", "time": "2025-07-15T23:09:47.227343Z", "fetched_at": "2025-07-15T23:10:49.985985+00:00", "symbol": "ADA-USD"}, {"trade_id": 143780564, "side": "buy", "size": "1.50000000", "price": "0.74920000", "time": "2025-07-15T23:09:47.227343Z", "fetched_at": "2025-07-15T23:10:49.985985+00:00", "symbol": "ADA-USD"}, {"trade_id": 143780563, "side": "buy", "size": "42.01256079", "price": "0.74920000", "time": "2025-07-15T23:09:47.227343Z", "fetched_at": "2025-07-15T23:10:49.985985+00:00", "symbol": "ADA-USD"}, {"trade_id": 143780562, "side": "sell", "size": "2.85966661", "price": "0.74950000", "time": "2025-07-15T23:09:46.477152Z", "fetched_at": "2025-07-15T23:10:49.985985+00:00", "symbol": "ADA-USD"}, {"trade_id": 143780561, "side": "sell", "size": "22.44840539", "price": "0.74940000", "time": "2025-07-15T23:09:46.477152Z", "fetched_at": "2025-07-15T23:10:49.985985+00:00", "symbol": "ADA-USD"}, {"trade_id": 143780560, "side": "buy", "size": "26.78584853", "price": "0.74930000", "time": "2025-07-15T23:09:43.060167Z", "fetched_at": "2025-07-15T23:10:49.985985+00:00", "symbol": "ADA-USD"}, {"trade_id": 143780559, "side": "sell", "size": "7.59669158", "price": "0.74940000", "time": "2025-07-15T23:09:39.078296Z", "fetched_at": "2025-07-15T23:10:49.985985+00:00", "symbol": "ADA-USD"}, {"trade_id": 143780558, "side": "sell", "size": "25.75442902", "price": "0.74940000", "time": "2025-07-15T23:09:39.078296Z", "fetched_at": "2025-07-15T23:10:49.985985+00:00", "symbol": "ADA-USD"}, {"trade_id": 143780557, "side": "buy", "size": "26.78225266", "price": "0.74940000", "time": "2025-07-15T23:09:37.563594Z", "fetched_at": "2025-07-15T23:10:49.985985+00:00", "symbol": "ADA-USD"}, {"trade_id": 143780556, "side": "sell", "size": "1.50000000", "price": "0.74960000", "time": "2025-07-15T23:09:36.143470Z", "fetched_at": "2025-07-15T23:10:49.985985+00:00", "symbol": "ADA-USD"}, {"trade_id": 143780555, "side": "sell", "size": "84.26100000", "price": "0.74960000", "time": "2025-07-15T23:09:36.143470Z", "fetched_at": "2025-07-15T23:10:49.985985+00:00", "symbol": "ADA-USD"}, {"trade_id": 143780554, "side": "sell", "size": "1.50000000", "price": "0.74950000", "time": "2025-07-15T23:09:34.206520Z", "fetched_at": "2025-07-15T23:10:49.985985+00:00", "symbol": "ADA-USD"}, {"trade_id": 143780553, "side": "sell", "size": "1.50000000", "price": "0.74940000", "time": "2025-07-15T23:09:31.322311Z", "fetched_at": "2025-07-15T23:10:49.985985+00:00", "symbol": "ADA-USD"}, {"trade_id": 143780552, "side": "sell", "size": "5.91221793", "price": "0.74930000", "time": "2025-07-15T23:09:30.279289Z", "fetched_at": "2025-07-15T23:10:49.985985+00:00", "symbol": "ADA-USD"}, {"trade_id": 143780551, "side": "sell", "size": "6.48552400", "price": "0.74930000", "time": "2025-07-15T23:09:27.750550Z", "fetched_at": "2025-07-15T23:10:49.985985+00:00", "symbol": "ADA-USD"}, {"trade_id": 143780550, "side": "sell", "size": "90.54421866", "price": "0.74920000", "time": "2025-07-15T23:09:27.447935Z", "fetched_at": "2025-07-15T23:10:49.985985+00:00", "symbol": "ADA-USD"}, {"trade_id": 143780549, "side": "sell", "size": "1.96868500", "price": "0.74920000", "time": "2025-07-15T23:09:26.929304Z", "fetched_at": "2025-07-15T23:10:49.985985+00:00", "symbol": "ADA-USD"}, {"trade_id": 143780548, "side": "buy", "size": "0.06737800", "price": "0.74910000", "time": "2025-07-15T23:09:26.469939Z", "fetched_at": "2025-07-15T23:10:49.985985+00:00", "symbol": "ADA-USD"}, {"trade_id": 143780547, "side": "buy", "size": "2291.59360000", "price": "0.74920000", "time": "2025-07-15T23:09:26.431339Z", "fetched_at": "2025-07-15T23:10:49.985985+00:00", "symbol": "ADA-USD"}, {"trade_id": 143780546, "side": "buy", "size": "98.47045355", "price": "0.74920000", "time": "2025-07-15T23:09:26.431339Z", "fetched_at": "2025-07-15T23:10:49.985985+00:00", "symbol": "ADA-USD"}, {"trade_id": 143780545, "side": "buy", "size": "10439.89108000", "price": "0.74930000", "time": "2025-07-15T23:09:26.431339Z", "fetched_at": "2025-07-15T23:10:49.985985+00:00", "symbol": "ADA-USD"}, {"trade_id": 143780544, "side": "sell", "size": "511.01651418", "price": "0.74930000", "time": "2025-07-15T23:09:26.384528Z", "fetched_at": "2025-07-15T23:10:49.985985+00:00", "symbol": "ADA-USD"}, {"trade_id": 143780543, "side": "sell", "size": "204.12201511", "price": "0.74930000", "time": "2025-07-15T23:09:26.384528Z", "fetched_at": "2025-07-15T23:10:49.985985+00:00", "symbol": "ADA-USD"}, {"trade_id": 143780542, "side": "buy", "size": "237.29028200", "price": "0.74920000", "time": "2025-07-15T23:09:24.450890Z", "fetched_at": "2025-07-15T23:10:49.985985+00:00", "symbol": "ADA-USD"}, {"trade_id": 143780541, "side": "sell", "size": "49.37220840", "price": "0.74920000", "time": "2025-07-15T23:09:23.168895Z", "fetched_at": "2025-07-15T23:10:49.985985+00:00", "symbol": "ADA-USD"}, {"trade_id": 143780540, "side": "sell", "size": "77.31658560", "price": "0.74920000", "time": "2025-07-15T23:09:23.168895Z", "fetched_at": "2025-07-15T23:10:49.985985+00:00", "symbol": "ADA-USD"}, {"trade_id": 143780539, "side": "buy", "size": "4204.64309328", "price": "0.74920000", "time": "2025-07-15T23:09:23.081485Z", "fetched_at": "2025-07-15T23:10:49.985985+00:00", "symbol": "ADA-USD"}, {"trade_id": 143780538, "side": "buy", "size": "94.20958515", "price": "0.74920000", "time": "2025-07-15T23:09:22.718079Z", "fetched_at": "2025-07-15T23:10:49.985985+00:00", "symbol": "ADA-USD"}, {"trade_id": 143780537, "side": "buy", "size": "44.01250525", "price": "0.74920000", "time": "2025-07-15T23:09:22.704163Z", "fetched_at": "2025-07-15T23:10:49.985985+00:00", "symbol": "ADA-USD"}, {"trade_id": 143780536, "side": "buy", "size": "236.98586660", "price": "0.74920000", "time": "2025-07-15T23:09:22.670039Z", "fetched_at": "2025-07-15T23:10:49.985985+00:00", "symbol": "ADA-USD"}, {"trade_id": 143780535, "side": "buy", "size": "848.34894972", "price": "0.74920000", "time": "2025-07-15T23:09:22.659794Z", "fetched_at": "2025-07-15T23:10:49.985985+00:00", "symbol": "ADA-USD"}, {"trade_id": 143780534, "side": "sell", "size": "7.08555336", "price": "0.74940000", "time": "2025-07-15T23:09:16.406756Z", "fetched_at": "2025-07-15T23:10:49.985985+00:00", "symbol": "ADA-USD"}, {"trade_id": 143780533, "side": "sell", "size": "1.50000000", "price": "0.74940000", "time": "2025-07-15T23:09:16.406756Z", "fetched_at": "2025-07-15T23:10:49.985985+00:00", "symbol": "ADA-USD"}, {"trade_id": 143780532, "side": "sell", "size": "594.00000000", "price": "0.74930000", "time": "2025-07-15T23:09:16.376427Z", "fetched_at": "2025-07-15T23:10:49.985985+00:00", "symbol": "ADA-USD"}, {"trade_id": 143780531, "side": "sell", "size": "40.30191821", "price": "0.74930000", "time": "2025-07-15T23:09:16.376427Z", "fetched_at": "2025-07-15T23:10:49.985985+00:00", "symbol": "ADA-USD"}, {"trade_id": 143780530, "side": "buy", "size": "67.99020000", "price": "0.74890000", "time": "2025-07-15T23:09:15.228288Z", "fetched_at": "2025-07-15T23:10:49.985985+00:00", "symbol": "ADA-USD"}, {"trade_id": 143780529, "side": "buy", "size": "707.53230848", "price": "0.74900000", "time": "2025-07-15T23:09:15.156037Z", "fetched_at": "2025-07-15T23:10:49.985985+00:00", "symbol": "ADA-USD"}, {"trade_id": 143780528, "side": "buy", "size": "104.79475536", "price": "0.74890000", "time": "2025-07-15T23:09:15.151910Z", "fetched_at": "2025-07-15T23:10:49.985985+00:00", "symbol": "ADA-USD"}, {"trade_id": 143780527, "side": "buy", "size": "594.00000000", "price": "0.74890000", "time": "2025-07-15T23:09:15.151910Z", "fetched_at": "2025-07-15T23:10:49.985985+00:00", "symbol": "ADA-USD"}, {"trade_id": 143780526, "side": "buy", "size": "594.00000000", "price": "0.74890000", "time": "2025-07-15T23:09:15.141897Z", "fetched_at": "2025-07-15T23:10:49.985985+00:00", "symbol": "ADA-USD"}, {"trade_id": 143780525, "side": "sell", "size": "51644.07910610", "price": "0.74950000", "time": "2025-07-15T23:09:15.100709Z", "fetched_at": "2025-07-15T23:10:49.985985+00:00", "symbol": "ADA-USD"}, {"trade_id": 143780524, "side": "sell", "size": "570.67806740", "price": "0.74950000", "time": "2025-07-15T23:09:15.100709Z", "fetched_at": "2025-07-15T23:10:49.985985+00:00", "symbol": "ADA-USD"}, {"trade_id": 143780523, "side": "sell", "size": "483.94029394", "price": "0.74950000", "time": "2025-07-15T23:09:15.100709Z", "fetched_at": "2025-07-15T23:10:49.985985+00:00", "symbol": "ADA-USD"}, {"trade_id": 143780522, "side": "sell", "size": "9803.30000000", "price": "0.74950000", "time": "2025-07-15T23:09:15.100709Z", "fetched_at": "2025-07-15T23:10:49.985985+00:00", "symbol": "ADA-USD"}, {"trade_id": 143780521, "side": "sell", "size": "840.82468450", "price": "0.74950000", "time": "2025-07-15T23:09:15.100709Z", "fetched_at": "2025-07-15T23:10:49.985985+00:00", "symbol": "ADA-USD"}, {"trade_id": 143780520, "side": "sell", "size": "594.00000000", "price": "0.74950000", "time": "2025-07-15T23:09:15.100709Z", "fetched_at": "2025-07-15T23:10:49.985985+00:00", "symbol": "ADA-USD"}, {"trade_id": 143780519, "side": "sell", "size": "1703.46598000", "price": "0.74950000", "time": "2025-07-15T23:09:15.100709Z", "fetched_at": "2025-07-15T23:10:49.985985+00:00", "symbol": "ADA-USD"}, {"trade_id": 143780518, "side": "sell", "size": "275.69095044", "price": "0.74950000", "time": "2025-07-15T23:09:15.100709Z", "fetched_at": "2025-07-15T23:10:49.985985+00:00", "symbol": "ADA-USD"}, {"trade_id": 143780517, "side": "sell", "size": "1.50000000", "price": "0.74950000", "time": "2025-07-15T23:09:15.100709Z", "fetched_at": "2025-07-15T23:10:49.985985+00:00", "symbol": "ADA-USD"}, {"trade_id": 143780516, "side": "sell", "size": "21.56334232", "price": "0.74950000", "time": "2025-07-15T23:09:15.100709Z", "fetched_at": "2025-07-15T23:10:49.985985+00:00", "symbol": "ADA-USD"}, {"trade_id": 143780515, "side": "sell", "size": "0.11962034", "price": "0.74950000", "time": "2025-07-15T23:09:15.100709Z", "fetched_at": "2025-07-15T23:10:49.985985+00:00", "symbol": "ADA-USD"}, {"trade_id": 143780514, "side": "sell", "size": "55.00000000", "price": "0.74950000", "time": "2025-07-15T23:09:15.100709Z", "fetched_at": "2025-07-15T23:10:49.985985+00:00", "symbol": "ADA-USD"}, {"trade_id": 143780513, "side": "sell", "size": "267.08116292", "price": "0.74940000", "time": "2025-07-15T23:09:15.100709Z", "fetched_at": "2025-07-15T23:10:49.985985+00:00", "symbol": "ADA-USD"}, {"trade_id": 143780512, "side": "sell", "size": "9000.00000000", "price": "0.74940000", "time": "2025-07-15T23:09:15.100709Z", "fetched_at": "2025-07-15T23:10:49.985985+00:00", "symbol": "ADA-USD"}, {"trade_id": 143780511, "side": "sell", "size": "40561.11874296", "price": "0.74940000", "time": "2025-07-15T23:09:15.100709Z", "fetched_at": "2025-07-15T23:10:49.985985+00:00", "symbol": "ADA-USD"}, {"trade_id": 143780510, "side": "sell", "size": "787.30000000", "price": "0.74940000", "time": "2025-07-15T23:09:15.100709Z", "fetched_at": "2025-07-15T23:10:49.985985+00:00", "symbol": "ADA-USD"}, {"trade_id": 143780509, "side": "sell", "size": "666.35525366", "price": "0.74940000", "time": "2025-07-15T23:09:15.100709Z", "fetched_at": "2025-07-15T23:10:49.985985+00:00", "symbol": "ADA-USD"}, {"trade_id": 143780508, "side": "sell", "size": "5779.88516529", "price": "0.74940000", "time": "2025-07-15T23:09:15.100709Z", "fetched_at": "2025-07-15T23:10:49.985985+00:00", "symbol": "ADA-USD"}, {"trade_id": 143780507, "side": "sell", "size": "816.75867763", "price": "0.74940000", "time": "2025-07-15T23:09:15.100709Z", "fetched_at": "2025-07-15T23:10:49.985985+00:00", "symbol": "ADA-USD"}, {"trade_id": 143780506, "side": "sell", "size": "688.04022954", "price": "0.74940000", "time": "2025-07-15T23:09:15.100709Z", "fetched_at": "2025-07-15T23:10:49.985985+00:00", "symbol": "ADA-USD"}, {"trade_id": 143780505, "side": "sell", "size": "1.50000000", "price": "0.74940000", "time": "2025-07-15T23:09:15.100709Z", "fetched_at": "2025-07-15T23:10:49.985985+00:00", "symbol": "ADA-USD"}, {"trade_id": 143780504, "side": "sell", "size": "1703.46598000", "price": "0.74940000", "time": "2025-07-15T23:09:15.100709Z", "fetched_at": "2025-07-15T23:10:49.985985+00:00", "symbol": "ADA-USD"}, {"trade_id": 143780503, "side": "sell", "size": "594.00000000", "price": "0.74940000", "time": "2025-07-15T23:09:15.100709Z", "fetched_at": "2025-07-15T23:10:49.985985+00:00", "symbol": "ADA-USD"}, {"trade_id": 143780502, "side": "sell", "size": "4006.14275222", "price": "0.74930000", "time": "2025-07-15T23:09:15.100709Z", "fetched_at": "2025-07-15T23:10:49.985985+00:00", "symbol": "ADA-USD"}, {"trade_id": 143780501, "side": "sell", "size": "5648.86876522", "price": "0.74930000", "time": "2025-07-15T23:09:15.100709Z", "fetched_at": "2025-07-15T23:10:49.985985+00:00", "symbol": "ADA-USD"}, {"trade_id": 143780500, "side": "sell", "size": "52259.13628000", "price": "0.74930000", "time": "2025-07-15T23:09:15.100709Z", "fetched_at": "2025-07-15T23:10:49.985985+00:00", "symbol": "ADA-USD"}, {"trade_id": 143780499, "side": "sell", "size": "505.90480865", "price": "0.74930000", "time": "2025-07-15T23:09:15.100709Z", "fetched_at": "2025-07-15T23:10:49.985985+00:00", "symbol": "ADA-USD"}, {"trade_id": 143780498, "side": "sell", "size": "433.45181794", "price": "0.74930000", "time": "2025-07-15T23:09:15.100709Z", "fetched_at": "2025-07-15T23:10:49.985985+00:00", "symbol": "ADA-USD"}, {"trade_id": 143780497, "side": "sell", "size": "840.82468450", "price": "0.74930000", "time": "2025-07-15T23:09:15.100709Z", "fetched_at": "2025-07-15T23:10:49.985985+00:00", "symbol": "ADA-USD"}, {"trade_id": 143780496, "side": "sell", "size": "275.69095044", "price": "0.74930000", "time": "2025-07-15T23:09:15.100709Z", "fetched_at": "2025-07-15T23:10:49.985985+00:00", "symbol": "ADA-USD"}, {"trade_id": 143780495, "side": "sell", "size": "1.50000000", "price": "0.74930000", "time": "2025-07-15T23:09:15.100709Z", "fetched_at": "2025-07-15T23:10:49.985985+00:00", "symbol": "ADA-USD"}, {"trade_id": 143780494, "side": "sell", "size": "594.00000000", "price": "0.74930000", "time": "2025-07-15T23:09:15.100709Z", "fetched_at": "2025-07-15T23:10:49.985985+00:00", "symbol": "ADA-USD"}, {"trade_id": 143780493, "side": "sell", "size": "1703.46598000", "price": "0.74930000", "time": "2025-07-15T23:09:15.100709Z", "fetched_at": "2025-07-15T23:10:49.985985+00:00", "symbol": "ADA-USD"}, {"trade_id": 143780492, "side": "sell", "size": "31280.62346948", "price": "0.74920000", "time": "2025-07-15T23:09:15.100709Z", "fetched_at": "2025-07-15T23:10:49.985985+00:00", "symbol": "ADA-USD"}, {"trade_id": 143780491, "side": "sell", "size": "598.86638820", "price": "0.74920000", "time": "2025-07-15T23:09:15.100709Z", "fetched_at": "2025-07-15T23:10:49.985985+00:00", "symbol": "ADA-USD"}, {"trade_id": 143780490, "side": "sell", "size": "1703.92102000", "price": "0.74920000", "time": "2025-07-15T23:09:15.100709Z", "fetched_at": "2025-07-15T23:10:49.985985+00:00", "symbol": "ADA-USD"}, {"trade_id": 143780489, "side": "sell", "size": "840.82468450", "price": "0.74920000", "time": "2025-07-15T23:09:15.100709Z", "fetched_at": "2025-07-15T23:10:49.985985+00:00", "symbol": "ADA-USD"}, {"trade_id": 143780488, "side": "sell", "size": "1.50000000", "price": "0.74920000", "time": "2025-07-15T23:09:15.100709Z", "fetched_at": "2025-07-15T23:10:49.985985+00:00", "symbol": "ADA-USD"}, {"trade_id": 143780487, "side": "sell", "size": "594.00000000", "price": "0.74920000", "time": "2025-07-15T23:09:15.100709Z", "fetched_at": "2025-07-15T23:10:49.985985+00:00", "symbol": "ADA-USD"}, {"trade_id": 143780486, "side": "sell", "size": "275.69095044", "price": "0.74910000", "time": "2025-07-15T23:09:15.100709Z", "fetched_at": "2025-07-15T23:10:49.985985+00:00", "symbol": "ADA-USD"}, {"trade_id": 143780485, "side": "sell", "size": "939.27237685", "price": "0.74910000", "time": "2025-07-15T23:09:15.100709Z", "fetched_at": "2025-07-15T23:10:49.985985+00:00", "symbol": "ADA-USD"}, {"trade_id": 143780484, "side": "sell", "size": "840.82468450", "price": "0.74910000", "time": "2025-07-15T23:09:15.100709Z", "fetched_at": "2025-07-15T23:10:49.985985+00:00", "symbol": "ADA-USD"}, {"trade_id": 143780483, "side": "sell", "size": "5429.90000000", "price": "0.74910000", "time": "2025-07-15T23:09:15.100709Z", "fetched_at": "2025-07-15T23:10:49.985985+00:00", "symbol": "ADA-USD"}, {"trade_id": 143780482, "side": "sell", "size": "678.73415178", "price": "0.74910000", "time": "2025-07-15T23:09:15.100709Z", "fetched_at": "2025-07-15T23:10:49.985985+00:00", "symbol": "ADA-USD"}, {"trade_id": 143780481, "side": "sell", "size": "1.50000000", "price": "0.74910000", "time": "2025-07-15T23:09:15.100709Z", "fetched_at": "2025-07-15T23:10:49.985985+00:00", "symbol": "ADA-USD"}, {"trade_id": 143780480, "side": "sell", "size": "1703.92102000", "price": "0.74910000", "time": "2025-07-15T23:09:15.100709Z", "fetched_at": "2025-07-15T23:10:49.985985+00:00", "symbol": "ADA-USD"}, {"trade_id": 143780479, "side": "sell", "size": "594.00000000", "price": "0.74910000", "time": "2025-07-15T23:09:15.100709Z", "fetched_at": "2025-07-15T23:10:49.985985+00:00", "symbol": "ADA-USD"}, {"trade_id": 143780478, "side": "sell", "size": "796.95565329", "price": "0.74900000", "time": "2025-07-15T23:09:15.100709Z", "fetched_at": "2025-07-15T23:10:49.985985+00:00", "symbol": "ADA-USD"}, {"trade_id": 143780477, "side": "sell", "size": "667.58334156", "price": "0.74900000", "time": "2025-07-15T23:09:15.100709Z", "fetched_at": "2025-07-15T23:10:49.985985+00:00", "symbol": "ADA-USD"}, {"trade_id": 143780476, "side": "sell", "size": "3607.95506742", "price": "0.74900000", "time": "2025-07-15T23:09:15.100709Z", "fetched_at": "2025-07-15T23:10:49.985985+00:00", "symbol": "ADA-USD"}, {"trade_id": 143780475, "side": "sell", "size": "840.82468450", "price": "0.74900000", "time": "2025-07-15T23:09:15.100709Z", "fetched_at": "2025-07-15T23:10:49.985985+00:00", "symbol": "ADA-USD"}, {"trade_id": 143780474, "side": "sell", "size": "1704.37606000", "price": "0.74900000", "time": "2025-07-15T23:09:15.100709Z", "fetched_at": "2025-07-15T23:10:49.985985+00:00", "symbol": "ADA-USD"}, {"trade_id": 143780473, "side": "sell", "size": "1.50000000", "price": "0.74900000", "time": "2025-07-15T23:09:15.100709Z", "fetched_at": "2025-07-15T23:10:49.985985+00:00", "symbol": "ADA-USD"}, {"trade_id": 143780472, "side": "sell", "size": "1061.42434841", "price": "0.74890000", "time": "2025-07-15T23:09:15.100709Z", "fetched_at": "2025-07-15T23:10:49.985985+00:00", "symbol": "ADA-USD"}, {"trade_id": 143780471, "side": "sell", "size": "840.82468450", "price": "0.74890000", "time": "2025-07-15T23:09:15.100709Z", "fetched_at": "2025-07-15T23:10:49.985985+00:00", "symbol": "ADA-USD"}, {"trade_id": 143780470, "side": "sell", "size": "1704.37606000", "price": "0.74890000", "time": "2025-07-15T23:09:15.100709Z", "fetched_at": "2025-07-15T23:10:49.985985+00:00", "symbol": "ADA-USD"}, {"trade_id": 143780469, "side": "sell", "size": "2286.82178000", "price": "0.74890000", "time": "2025-07-15T23:09:15.100709Z", "fetched_at": "2025-07-15T23:10:49.985985+00:00", "symbol": "ADA-USD"}, {"trade_id": 143780468, "side": "sell", "size": "594.00000000", "price": "0.74890000", "time": "2025-07-15T23:09:15.100709Z", "fetched_at": "2025-07-15T23:10:49.985985+00:00", "symbol": "ADA-USD"}, {"trade_id": 143780467, "side": "sell", "size": "500.36323024", "price": "0.74880000", "time": "2025-07-15T23:09:15.100709Z", "fetched_at": "2025-07-15T23:10:49.985985+00:00", "symbol": "ADA-USD"}, {"trade_id": 143780466, "side": "sell", "size": "601.24897653", "price": "0.74880000", "time": "2025-07-15T23:09:15.100709Z", "fetched_at": "2025-07-15T23:10:49.985985+00:00", "symbol": "ADA-USD"}, {"trade_id": 143780465, "side": "sell", "size": "298.17788000", "price": "0.74880000", "time": "2025-07-15T23:09:15.100709Z", "fetched_at": "2025-07-15T23:10:49.985985+00:00", "symbol": "ADA-USD"}, {"trade_id": 143780464, "side": "buy", "size": "23.46212369", "price": "0.74860000", "time": "2025-07-15T23:09:11.396005Z", "fetched_at": "2025-07-15T23:10:49.985985+00:00", "symbol": "ADA-USD"}, {"trade_id": 143780463, "side": "buy", "size": "4.25873438", "price": "0.74860000", "time": "2025-07-15T23:09:11.396005Z", "fetched_at": "2025-07-15T23:10:49.985985+00:00", "symbol": "ADA-USD"}, {"trade_id": 143780462, "side": "sell", "size": "6.32130055", "price": "0.74870000", "time": "2025-07-15T23:09:07.337708Z", "fetched_at": "2025-07-15T23:10:49.985985+00:00", "symbol": "ADA-USD"}, {"trade_id": 143780461, "side": "sell", "size": "465.24494869", "price": "0.74880000", "time": "2025-07-15T23:09:06.744084Z", "fetched_at": "2025-07-15T23:10:49.985985+00:00", "symbol": "ADA-USD"}, {"trade_id": 143780460, "side": "sell", "size": "577.96166605", "price": "0.74880000", "time": "2025-07-15T23:09:06.744084Z", "fetched_at": "2025-07-15T23:10:49.985985+00:00", "symbol": "ADA-USD"}, {"trade_id": 143780459, "side": "sell", "size": "93.84849477", "price": "0.74880000", "time": "2025-07-15T23:09:06.744084Z", "fetched_at": "2025-07-15T23:10:49.985985+00:00", "symbol": "ADA-USD"}, {"trade_id": 143780458, "side": "sell", "size": "160.98841449", "price": "0.74870000", "time": "2025-07-15T23:09:06.744084Z", "fetched_at": "2025-07-15T23:10:49.985985+00:00", "symbol": "ADA-USD"}, {"trade_id": 143780457, "side": "buy", "size": "1.50000000", "price": "0.74860000", "time": "2025-07-15T23:09:04.807282Z", "fetched_at": "2025-07-15T23:10:49.985985+00:00", "symbol": "ADA-USD"}, {"trade_id": 143780456, "side": "buy", "size": "6.67913439", "price": "0.74860000", "time": "2025-07-15T23:09:04.807282Z", "fetched_at": "2025-07-15T23:10:49.985985+00:00", "symbol": "ADA-USD"}, {"trade_id": 143780455, "side": "buy", "size": "1.50000000", "price": "0.74870000", "time": "2025-07-15T23:09:04.700314Z", "fetched_at": "2025-07-15T23:10:49.985985+00:00", "symbol": "ADA-USD"}, {"trade_id": 143780454, "side": "buy", "size": "167.31308535", "price": "0.74880000", "time": "2025-07-15T23:09:01.302576Z", "fetched_at": "2025-07-15T23:10:49.985985+00:00", "symbol": "ADA-USD"}, {"trade_id": 143780453, "side": "buy", "size": "1.50000000", "price": "0.74880000", "time": "2025-07-15T23:09:01.302576Z", "fetched_at": "2025-07-15T23:10:49.985985+00:00", "symbol": "ADA-USD"}, {"trade_id": 143780452, "side": "buy", "size": "5.67831251", "price": "0.74880000", "time": "2025-07-15T23:09:01.302576Z", "fetched_at": "2025-07-15T23:10:49.985985+00:00", "symbol": "ADA-USD"}, {"trade_id": 143780451, "side": "sell", "size": "67.99020000", "price": "0.74890000", "time": "2025-07-15T23:09:00.183179Z", "fetched_at": "2025-07-15T23:10:49.985985+00:00", "symbol": "ADA-USD"}, {"trade_id": 143780450, "side": "buy", "size": "507.06130556", "price": "0.74890000", "time": "2025-07-15T23:08:59.403366Z", "fetched_at": "2025-07-15T23:10:49.985985+00:00", "symbol": "ADA-USD"}, {"trade_id": 143780449, "side": "buy", "size": "614.52355944", "price": "0.74900000", "time": "2025-07-15T23:08:59.403366Z", "fetched_at": "2025-07-15T23:10:49.985985+00:00", "symbol": "ADA-USD"}, {"trade_id": 143780448, "side": "sell", "size": "0.03269283", "price": "0.74910000", "time": "2025-07-15T23:08:58.324370Z", "fetched_at": "2025-07-15T23:10:49.985985+00:00", "symbol": "ADA-USD"}, {"trade_id": 143780447, "side": "sell", "size": "44.34093723", "price": "0.74910000", "time": "2025-07-15T23:08:58.305210Z", "fetched_at": "2025-07-15T23:10:49.985985+00:00", "symbol": "ADA-USD"}, {"trade_id": 143780446, "side": "sell", "size": "6.99402276", "price": "0.74910000", "time": "2025-07-15T23:08:58.305210Z", "fetched_at": "2025-07-15T23:10:49.985985+00:00", "symbol": "ADA-USD"}, {"trade_id": 143780445, "side": "sell", "size": "1.50000000", "price": "0.74910000", "time": "2025-07-15T23:08:58.305210Z", "fetched_at": "2025-07-15T23:10:49.985985+00:00", "symbol": "ADA-USD"}, {"trade_id": 143780444, "side": "sell", "size": "2.71682266", "price": "0.74910000", "time": "2025-07-15T23:08:57.025978Z", "fetched_at": "2025-07-15T23:10:49.985985+00:00", "symbol": "ADA-USD"}, {"trade_id": 143780443, "side": "sell", "size": "1.50000000", "price": "0.74900000", "time": "2025-07-15T23:08:57.025978Z", "fetched_at": "2025-07-15T23:10:49.985985+00:00", "symbol": "ADA-USD"}, {"trade_id": 143780442, "side": "sell", "size": "28.57257913", "price": "0.74890000", "time": "2025-07-15T23:08:56.600574Z", "fetched_at": "2025-07-15T23:10:49.985985+00:00", "symbol": "ADA-USD"}, {"trade_id": 143780441, "side": "buy", "size": "25.48022330", "price": "0.74890000", "time": "2025-07-15T23:08:51.723604Z", "fetched_at": "2025-07-15T23:10:49.985985+00:00", "symbol": "ADA-USD"}, {"trade_id": 143780440, "side": "buy", "size": "1.22561193", "price": "0.74890000", "time": "2025-07-15T23:08:51.700624Z", "fetched_at": "2025-07-15T23:10:49.985985+00:00", "symbol": "ADA-USD"}, {"trade_id": 143780439, "side": "buy", "size": "66.76458807", "price": "0.74890000", "time": "2025-07-15T23:08:51.700624Z", "fetched_at": "2025-07-15T23:10:49.985985+00:00", "symbol": "ADA-USD"}, {"trade_id": 143780438, "side": "sell", "size": "447.26680000", "price": "0.74900000", "time": "2025-07-15T23:08:51.621945Z", "fetched_at": "2025-07-15T23:10:49.985985+00:00", "symbol": "ADA-USD"}, {"trade_id": 143780437, "side": "sell", "size": "2.17547200", "price": "0.74910000", "time": "2025-07-15T23:08:50.682100Z", "fetched_at": "2025-07-15T23:10:49.985985+00:00", "symbol": "ADA-USD"}, {"trade_id": 143780436, "side": "sell", "size": "5.11146000", "price": "0.74910000", "time": "2025-07-15T23:08:50.276503Z", "fetched_at": "2025-07-15T23:10:49.985985+00:00", "symbol": "ADA-USD"}, {"trade_id": 143780435, "side": "sell", "size": "1.50000000", "price": "0.74910000", "time": "2025-07-15T23:08:50.276503Z", "fetched_at": "2025-07-15T23:10:49.985985+00:00", "symbol": "ADA-USD"}, {"trade_id": 143780434, "side": "sell", "size": "1.50000000", "price": "0.74900000", "time": "2025-07-15T23:08:49.563425Z", "fetched_at": "2025-07-15T23:10:49.985985+00:00", "symbol": "ADA-USD"}, {"trade_id": 143780433, "side": "buy", "size": "8.36707400", "price": "0.74890000", "time": "2025-07-15T23:08:49.156205Z", "fetched_at": "2025-07-15T23:10:49.985985+00:00", "symbol": "ADA-USD"}, {"trade_id": 143780432, "side": "sell", "size": "63.37273500", "price": "0.74880000", "time": "2025-07-15T23:08:46.153666Z", "fetched_at": "2025-07-15T23:10:49.985985+00:00", "symbol": "ADA-USD"}, {"trade_id": 143780431, "side": "sell", "size": "1.50000000", "price": "0.74880000", "time": "2025-07-15T23:08:46.153666Z", "fetched_at": "2025-07-15T23:10:49.985985+00:00", "symbol": "ADA-USD"}, {"trade_id": 143780430, "side": "sell", "size": "3.73496249", "price": "0.74870000", "time": "2025-07-15T23:08:45.834643Z", "fetched_at": "2025-07-15T23:10:49.985985+00:00", "symbol": "ADA-USD"}, {"trade_id": 143780429, "side": "sell", "size": "67.82516333", "price": "0.74860000", "time": "2025-07-15T23:08:45.296982Z", "fetched_at": "2025-07-15T23:10:49.985985+00:00", "symbol": "ADA-USD"}, {"trade_id": 143780428, "side": "sell", "size": "12.89234700", "price": "0.74860000", "time": "2025-07-15T23:08:44.565013Z", "fetched_at": "2025-07-15T23:10:49.985985+00:00", "symbol": "ADA-USD"}, {"trade_id": 143780427, "side": "sell", "size": "167.41511942", "price": "0.74840000", "time": "2025-07-15T23:08:41.716094Z", "fetched_at": "2025-07-15T23:10:49.985985+00:00", "symbol": "ADA-USD"}, {"trade_id": 143780426, "side": "sell", "size": "167.41511942", "price": "0.74840000", "time": "2025-07-15T23:08:41.702305Z", "fetched_at": "2025-07-15T23:10:49.985985+00:00", "symbol": "ADA-USD"}, {"trade_id": 143780425, "side": "sell", "size": "1414.28842555", "price": "0.74840000", "time": "2025-07-15T23:08:41.702305Z", "fetched_at": "2025-07-15T23:10:49.985985+00:00", "symbol": "ADA-USD"}, {"trade_id": 143780424, "side": "sell", "size": "1414.48122404", "price": "0.74830000", "time": "2025-07-15T23:08:41.656219Z", "fetched_at": "2025-07-15T23:10:49.985985+00:00", "symbol": "ADA-USD"}, {"trade_id": 143780423, "side": "sell", "size": "167.37072947", "price": "0.74830000", "time": "2025-07-15T23:08:41.656219Z", "fetched_at": "2025-07-15T23:10:49.985985+00:00", "symbol": "ADA-USD"}, {"trade_id": 143780422, "side": "buy", "size": "1.50000000", "price": "0.74830000", "time": "2025-07-15T23:08:41.162385Z", "fetched_at": "2025-07-15T23:10:49.985985+00:00", "symbol": "ADA-USD"}, {"trade_id": 143780421, "side": "buy", "size": "1.50000000", "price": "0.74840000", "time": "2025-07-15T23:08:40.968499Z", "fetched_at": "2025-07-15T23:10:49.985985+00:00", "symbol": "ADA-USD"}, {"trade_id": 143780420, "side": "buy", "size": "1.50000000", "price": "0.74850000", "time": "2025-07-15T23:08:39.652024Z", "fetched_at": "2025-07-15T23:10:49.985985+00:00", "symbol": "ADA-USD"}, {"trade_id": 143780419, "side": "sell", "size": "167.36879912", "price": "0.74870000", "time": "2025-07-15T23:08:36.217522Z", "fetched_at": "2025-07-15T23:10:49.985985+00:00", "symbol": "ADA-USD"}, {"trade_id": 143780418, "side": "sell", "size": "167.36879912", "price": "0.74870000", "time": "2025-07-15T23:08:36.202382Z", "fetched_at": "2025-07-15T23:10:49.985985+00:00", "symbol": "ADA-USD"}, {"trade_id": 143780417, "side": "sell", "size": "854.85131336", "price": "0.74860000", "time": "2025-07-15T23:08:35.856878Z", "fetched_at": "2025-07-15T23:10:49.985985+00:00", "symbol": "ADA-USD"}, {"trade_id": 143780416, "side": "sell", "size": "105.54569601", "price": "0.74860000", "time": "2025-07-15T23:08:35.729024Z", "fetched_at": "2025-07-15T23:10:49.985985+00:00", "symbol": "ADA-USD"}, {"trade_id": 143780415, "side": "sell", "size": "679.08532777", "price": "0.74860000", "time": "2025-07-15T23:08:35.713148Z", "fetched_at": "2025-07-15T23:10:49.985985+00:00", "symbol": "ADA-USD"}, {"trade_id": 143780414, "side": "buy", "size": "1.50000000", "price": "0.74860000", "time": "2025-07-15T23:08:35.240993Z", "fetched_at": "2025-07-15T23:10:49.985985+00:00", "symbol": "ADA-USD"}, {"trade_id": 143780413, "side": "sell", "size": "278.74299400", "price": "0.74870000", "time": "2025-07-15T23:08:34.569551Z", "fetched_at": "2025-07-15T23:10:49.985985+00:00", "symbol": "ADA-USD"}, {"trade_id": 143780412, "side": "buy", "size": "316.12300266", "price": "0.74870000", "time": "2025-07-15T23:08:34.453326Z", "fetched_at": "2025-07-15T23:10:49.985985+00:00", "symbol": "ADA-USD"}, {"trade_id": 143780411, "side": "buy", "size": "840.82468450", "price": "0.74870000", "time": "2025-07-15T23:08:34.453326Z", "fetched_at": "2025-07-15T23:10:49.985985+00:00", "symbol": "ADA-USD"}, {"trade_id": 143780410, "side": "buy", "size": "1.50000000", "price": "0.74870000", "time": "2025-07-15T23:08:34.453326Z", "fetched_at": "2025-07-15T23:10:49.985985+00:00", "symbol": "ADA-USD"}, {"trade_id": 143780409, "side": "buy", "size": "1.50000000", "price": "0.74880000", "time": "2025-07-15T23:08:34.453326Z", "fetched_at": "2025-07-15T23:10:49.985985+00:00", "symbol": "ADA-USD"}, {"trade_id": 143780408, "side": "buy", "size": "1.50000000", "price": "0.74890000", "time": "2025-07-15T23:08:33.945072Z", "fetched_at": "2025-07-15T23:10:49.985985+00:00", "symbol": "ADA-USD"}, {"trade_id": 143780407, "side": "sell", "size": "39.98454293", "price": "0.74900000", "time": "2025-07-15T23:08:33.227254Z", "fetched_at": "2025-07-15T23:10:49.985985+00:00", "symbol": "ADA-USD"}, {"trade_id": 143780406, "side": "sell", "size": "2.31184900", "price": "0.74900000", "time": "2025-07-15T23:08:33.205176Z", "fetched_at": "2025-07-15T23:10:49.985985+00:00", "symbol": "ADA-USD"}, {"trade_id": 143780405, "side": "sell", "size": "45.00500000", "price": "0.74900000", "time": "2025-07-15T23:08:31.637297Z", "fetched_at": "2025-07-15T23:10:49.985985+00:00", "symbol": "ADA-USD"}, {"trade_id": 143780404, "side": "buy", "size": "74.14235572", "price": "0.74900000", "time": "2025-07-15T23:08:31.626161Z", "fetched_at": "2025-07-15T23:10:49.985985+00:00", "symbol": "ADA-USD"}, {"trade_id": 143780403, "side": "buy", "size": "5454.80000000", "price": "0.74900000", "time": "2025-07-15T23:08:31.626161Z", "fetched_at": "2025-07-15T23:10:49.985985+00:00", "symbol": "ADA-USD"}, {"trade_id": 143780402, "side": "buy", "size": "1.50000000", "price": "0.74900000", "time": "2025-07-15T23:08:31.626161Z", "fetched_at": "2025-07-15T23:10:49.985985+00:00", "symbol": "ADA-USD"}, {"trade_id": 143780401, "side": "buy", "size": "26.79664204", "price": "0.74910000", "time": "2025-07-15T23:08:30.824281Z", "fetched_at": "2025-07-15T23:10:49.985985+00:00", "symbol": "ADA-USD"}, {"trade_id": 143780400, "side": "sell", "size": "67.99020000", "price": "0.74920000", "time": "2025-07-15T23:08:30.440019Z", "fetched_at": "2025-07-15T23:10:49.985985+00:00", "symbol": "ADA-USD"}, {"trade_id": 143780399, "side": "sell", "size": "1070.00000000", "price": "0.74930000", "time": "2025-07-15T23:08:29.755165Z", "fetched_at": "2025-07-15T23:10:49.985985+00:00", "symbol": "ADA-USD"}, {"trade_id": 143780398, "side": "buy", "size": "26.80374322", "price": "0.74920000", "time": "2025-07-15T23:08:29.482612Z", "fetched_at": "2025-07-15T23:10:49.985985+00:00", "symbol": "ADA-USD"}, {"trade_id": 143780397, "side": "buy", "size": "12.38500300", "price": "0.74920000", "time": "2025-07-15T23:08:29.308214Z", "fetched_at": "2025-07-15T23:10:49.985985+00:00", "symbol": "ADA-USD"}, {"trade_id": 143780396, "side": "sell", "size": "67.99020000", "price": "0.74930000", "time": "2025-07-15T23:08:29.161093Z", "fetched_at": "2025-07-15T23:10:49.985985+00:00", "symbol": "ADA-USD"}, {"trade_id": 143780395, "side": "sell", "size": "1189.83494191", "price": "0.74940000", "time": "2025-07-15T23:08:28.301709Z", "fetched_at": "2025-07-15T23:10:49.985985+00:00", "symbol": "ADA-USD"}, {"trade_id": 143780394, "side": "sell", "size": "217.96279018", "price": "0.74940000", "time": "2025-07-15T23:08:28.301709Z", "fetched_at": "2025-07-15T23:10:49.985985+00:00", "symbol": "ADA-USD"}, {"trade_id": 143780393, "side": "sell", "size": "645.12689450", "price": "0.74930000", "time": "2025-07-15T23:08:28.301709Z", "fetched_at": "2025-07-15T23:10:49.985985+00:00", "symbol": "ADA-USD"}, {"trade_id": 143780392, "side": "sell", "size": "0.61150076", "price": "0.74930000", "time": "2025-07-15T23:08:28.301709Z", "fetched_at": "2025-07-15T23:10:49.985985+00:00", "symbol": "ADA-USD"}, {"trade_id": 143780391, "side": "sell", "size": "67.99020000", "price": "0.74930000", "time": "2025-07-15T23:08:28.157982Z", "fetched_at": "2025-07-15T23:10:49.985985+00:00", "symbol": "ADA-USD"}, {"trade_id": 143780390, "side": "sell", "size": "67.99020000", "price": "0.74930000", "time": "2025-07-15T23:08:26.727539Z", "fetched_at": "2025-07-15T23:10:49.985985+00:00", "symbol": "ADA-USD"}, {"trade_id": 143780389, "side": "buy", "size": "143.99876515", "price": "0.74920000", "time": "2025-07-15T23:08:26.393476Z", "fetched_at": "2025-07-15T23:10:49.985985+00:00", "symbol": "ADA-USD"}, {"trade_id": 143780388, "side": "buy", "size": "748.98413485", "price": "0.74920000", "time": "2025-07-15T23:08:26.393476Z", "fetched_at": "2025-07-15T23:10:49.985985+00:00", "symbol": "ADA-USD"}, {"trade_id": 143780387, "side": "sell", "size": "6.60881200", "price": "0.74940000", "time": "2025-07-15T23:08:25.911894Z", "fetched_at": "2025-07-15T23:10:49.985985+00:00", "symbol": "ADA-USD"}, {"trade_id": 143780386, "side": "buy", "size": "20.44719200", "price": "0.74920000", "time": "2025-07-15T23:08:25.625043Z", "fetched_at": "2025-07-15T23:10:49.985985+00:00", "symbol": "ADA-USD"}, {"trade_id": 143780385, "side": "buy", "size": "6.33858141", "price": "0.74930000", "time": "2025-07-15T23:08:25.625043Z", "fetched_at": "2025-07-15T23:10:49.985985+00:00", "symbol": "ADA-USD"}, {"trade_id": 143780384, "side": "buy", "size": "4.28741384", "price": "0.74930000", "time": "2025-07-15T23:08:24.950533Z", "fetched_at": "2025-07-15T23:10:49.985985+00:00", "symbol": "ADA-USD"}, {"trade_id": 143780383, "side": "sell", "size": "77.54527863", "price": "0.74940000", "time": "2025-07-15T23:08:24.259490Z", "fetched_at": "2025-07-15T23:10:49.985985+00:00", "symbol": "ADA-USD"}, {"trade_id": 143780382, "side": "sell", "size": "787.50000000", "price": "0.74940000", "time": "2025-07-15T23:08:24.259490Z", "fetched_at": "2025-07-15T23:10:49.985985+00:00", "symbol": "ADA-USD"}, {"trade_id": 143780381, "side": "sell", "size": "1.50000000", "price": "0.74940000", "time": "2025-07-15T23:08:24.259490Z", "fetched_at": "2025-07-15T23:10:49.985985+00:00", "symbol": "ADA-USD"}, {"trade_id": 143780380, "side": "sell", "size": "26.03610601", "price": "0.74940000", "time": "2025-07-15T23:08:24.259490Z", "fetched_at": "2025-07-15T23:10:49.985985+00:00", "symbol": "ADA-USD"}, {"trade_id": 143780379, "side": "buy", "size": "34.15056426", "price": "0.74920000", "time": "2025-07-15T23:08:22.556713Z", "fetched_at": "2025-07-15T23:10:49.985985+00:00", "symbol": "ADA-USD"}, {"trade_id": 143780378, "side": "sell", "size": "1.50000000", "price": "0.74930000", "time": "2025-07-15T23:08:22.096030Z", "fetched_at": "2025-07-15T23:10:49.985985+00:00", "symbol": "ADA-USD"}, {"trade_id": 143780377, "side": "sell", "size": "728.02991679", "price": "0.74930000", "time": "2025-07-15T23:08:22.096030Z", "fetched_at": "2025-07-15T23:10:49.985985+00:00", "symbol": "ADA-USD"}, {"trade_id": 143780376, "side": "buy", "size": "59.53875813", "price": "0.74920000", "time": "2025-07-15T23:08:22.083373Z", "fetched_at": "2025-07-15T23:10:49.985985+00:00", "symbol": "ADA-USD"}, {"trade_id": 143780375, "side": "buy", "size": "8.45144187", "price": "0.74920000", "time": "2025-07-15T23:08:22.083373Z", "fetched_at": "2025-07-15T23:10:49.985985+00:00", "symbol": "ADA-USD"}, {"trade_id": 143780374, "side": "sell", "size": "67.99020000", "price": "0.74930000", "time": "2025-07-15T23:08:22.083253Z", "fetched_at": "2025-07-15T23:10:49.985985+00:00", "symbol": "ADA-USD"}, {"trade_id": 143780373, "side": "sell", "size": "67.99020000", "price": "0.74930000", "time": "2025-07-15T23:08:22.083113Z", "fetched_at": "2025-07-15T23:10:49.985985+00:00", "symbol": "ADA-USD"}, {"trade_id": 143780372, "side": "sell", "size": "117.77837200", "price": "0.74920000", "time": "2025-07-15T23:08:19.505645Z", "fetched_at": "2025-07-15T23:10:49.985985+00:00", "symbol": "ADA-USD"}, {"trade_id": 143780371, "side": "sell", "size": "64.64593621", "price": "0.74930000", "time": "2025-07-15T23:08:19.098745Z", "fetched_at": "2025-07-15T23:10:49.985985+00:00", "symbol": "ADA-USD"}, {"trade_id": 143780370, "side": "sell", "size": "10.35406379", "price": "0.74930000", "time": "2025-07-15T23:08:19.098745Z", "fetched_at": "2025-07-15T23:10:49.985985+00:00", "symbol": "ADA-USD"}, {"trade_id": 143780369, "side": "sell", "size": "594.00000000", "price": "0.74920000", "time": "2025-07-15T23:08:19.082700Z", "fetched_at": "2025-07-15T23:10:49.985985+00:00", "symbol": "ADA-USD"}, {"trade_id": 143780368, "side": "sell", "size": "1.50000000", "price": "0.74920000", "time": "2025-07-15T23:08:19.082700Z", "fetched_at": "2025-07-15T23:10:49.985985+00:00", "symbol": "ADA-USD"}, {"trade_id": 143780367, "side": "sell", "size": "31.27986236", "price": "0.74920000", "time": "2025-07-15T23:08:19.082700Z", "fetched_at": "2025-07-15T23:10:49.985985+00:00", "symbol": "ADA-USD"}, {"trade_id": 143780366, "side": "sell", "size": "84.26100000", "price": "0.74920000", "time": "2025-07-15T23:08:19.082700Z", "fetched_at": "2025-07-15T23:10:49.985985+00:00", "symbol": "ADA-USD"}, {"trade_id": 143780365, "side": "sell", "size": "400.06191363", "price": "0.74910000", "time": "2025-07-15T23:08:19.082452Z", "fetched_at": "2025-07-15T23:10:49.985985+00:00", "symbol": "ADA-USD"}, {"trade_id": 143780364, "side": "sell", "size": "67.99020000", "price": "0.74910000", "time": "2025-07-15T23:08:19.082266Z", "fetched_at": "2025-07-15T23:10:49.985985+00:00", "symbol": "ADA-USD"}, {"trade_id": 143780363, "side": "sell", "size": "67.99020000", "price": "0.74910000", "time": "2025-07-15T23:08:19.082064Z", "fetched_at": "2025-07-15T23:10:49.985985+00:00", "symbol": "ADA-USD"}, {"trade_id": 143780362, "side": "sell", "size": "57.95768637", "price": "0.74910000", "time": "2025-07-15T23:08:19.082001Z", "fetched_at": "2025-07-15T23:10:49.985985+00:00", "symbol": "ADA-USD"}, {"trade_id": 143780361, "side": "sell", "size": "9.93648580", "price": "0.74910000", "time": "2025-07-15T23:08:19.082001Z", "fetched_at": "2025-07-15T23:10:49.985985+00:00", "symbol": "ADA-USD"}, {"trade_id": 143780360, "side": "sell", "size": "0.00000941", "price": "0.74910000", "time": "2025-07-15T23:08:19.082001Z", "fetched_at": "2025-07-15T23:10:49.985985+00:00", "symbol": "ADA-USD"}, {"trade_id": 143780359, "side": "sell", "size": "0.09601842", "price": "0.74910000", "time": "2025-07-15T23:08:19.082001Z", "fetched_at": "2025-07-15T23:10:49.985985+00:00", "symbol": "ADA-USD"}, {"trade_id": 143780358, "side": "sell", "size": "11.07307971", "price": "0.74900000", "time": "2025-07-15T23:08:19.081414Z", "fetched_at": "2025-07-15T23:10:49.985985+00:00", "symbol": "ADA-USD"}, {"trade_id": 143780357, "side": "buy", "size": "10.94859795", "price": "0.74890000", "time": "2025-07-15T23:08:17.825875Z", "fetched_at": "2025-07-15T23:10:49.985985+00:00", "symbol": "ADA-USD"}, {"trade_id": 143780356, "side": "buy", "size": "13.10251326", "price": "0.74890000", "time": "2025-07-15T23:08:17.825875Z", "fetched_at": "2025-07-15T23:10:49.985985+00:00", "symbol": "ADA-USD"}, {"trade_id": 143780355, "side": "buy", "size": "1.92227230", "price": "0.74890000", "time": "2025-07-15T23:08:17.825875Z", "fetched_at": "2025-07-15T23:10:49.985985+00:00", "symbol": "ADA-USD"}, {"trade_id": 143780354, "side": "buy", "size": "9.82688495", "price": "0.74900000", "time": "2025-07-15T23:08:17.107884Z", "fetched_at": "2025-07-15T23:10:49.985985+00:00", "symbol": "ADA-USD"}, {"trade_id": 143780353, "side": "sell", "size": "2889.52761601", "price": "0.74900000", "time": "2025-07-15T23:08:17.102457Z", "fetched_at": "2025-07-15T23:10:49.985985+00:00", "symbol": "ADA-USD"}, {"trade_id": 143780352, "side": "sell", "size": "3.65895492", "price": "0.74900000", "time": "2025-07-15T23:08:17.101914Z", "fetched_at": "2025-07-15T23:10:49.985985+00:00", "symbol": "ADA-USD"}, {"trade_id": 143780351, "side": "sell", "size": "1.50000000", "price": "0.74900000", "time": "2025-07-15T23:08:17.101914Z", "fetched_at": "2025-07-15T23:10:49.985985+00:00", "symbol": "ADA-USD"}, {"trade_id": 143780350, "side": "sell", "size": "20.63418880", "price": "0.74900000", "time": "2025-07-15T23:08:17.101914Z", "fetched_at": "2025-07-15T23:10:49.985985+00:00", "symbol": "ADA-USD"}, {"trade_id": 143780349, "side": "sell", "size": "33.88452156", "price": "0.74900000", "time": "2025-07-15T23:08:17.101914Z", "fetched_at": "2025-07-15T23:10:49.985985+00:00", "symbol": "ADA-USD"}, {"trade_id": 143780348, "side": "sell", "size": "8.31253472", "price": "0.74900000", "time": "2025-07-15T23:08:17.101914Z", "fetched_at": "2025-07-15T23:10:49.985985+00:00", "symbol": "ADA-USD"}, {"trade_id": 143780347, "side": "sell", "size": "17.35811089", "price": "0.74900000", "time": "2025-07-15T23:08:17.101700Z", "fetched_at": "2025-07-15T23:10:49.985985+00:00", "symbol": "ADA-USD"}, {"trade_id": 143780346, "side": "sell", "size": "0.00015835", "price": "0.74900000", "time": "2025-07-15T23:08:17.101700Z", "fetched_at": "2025-07-15T23:10:49.985985+00:00", "symbol": "ADA-USD"}, {"trade_id": 143780345, "side": "sell", "size": "0.63188206", "price": "0.74900000", "time": "2025-07-15T23:08:17.101700Z", "fetched_at": "2025-07-15T23:10:49.985985+00:00", "symbol": "ADA-USD"}, {"trade_id": 143780344, "side": "sell", "size": "50.00000000", "price": "0.74900000", "time": "2025-07-15T23:08:17.101700Z", "fetched_at": "2025-07-15T23:10:49.985985+00:00", "symbol": "ADA-USD"}, {"trade_id": 143780343, "side": "sell", "size": "0.00004870", "price": "0.74900000", "time": "2025-07-15T23:08:17.101700Z", "fetched_at": "2025-07-15T23:10:49.985985+00:00", "symbol": "ADA-USD"}, {"trade_id": 143780342, "side": "buy", "size": "388.52998232", "price": "0.74880000", "time": "2025-07-15T23:08:17.089981Z", "fetched_at": "2025-07-15T23:10:49.985985+00:00", "symbol": "ADA-USD"}, {"trade_id": 143780341, "side": "buy", "size": "594.00000000", "price": "0.74880000", "time": "2025-07-15T23:08:17.089981Z", "fetched_at": "2025-07-15T23:10:49.985985+00:00", "symbol": "ADA-USD"}, {"trade_id": 143780340, "side": "buy", "size": "17.47001768", "price": "0.74890000", "time": "2025-07-15T23:08:17.089981Z", "fetched_at": "2025-07-15T23:10:49.985985+00:00", "symbol": "ADA-USD"}, {"trade_id": 143780339, "side": "sell", "size": "1.50000000", "price": "0.74890000", "time": "2025-07-15T23:08:16.258406Z", "fetched_at": "2025-07-15T23:10:49.985985+00:00", "symbol": "ADA-USD"}, {"trade_id": 143780338, "side": "sell", "size": "9.95862691", "price": "0.74890000", "time": "2025-07-15T23:08:16.258406Z", "fetched_at": "2025-07-15T23:10:49.985985+00:00", "symbol": "ADA-USD"}, {"trade_id": 143780337, "side": "sell", "size": "2.39211930", "price": "0.74890000", "time": "2025-07-15T23:08:16.258406Z", "fetched_at": "2025-07-15T23:10:49.985985+00:00", "symbol": "ADA-USD"}, {"trade_id": 143780336, "side": "sell", "size": "96.79944332", "price": "0.74890000", "time": "2025-07-15T23:08:16.258406Z", "fetched_at": "2025-07-15T23:10:49.985985+00:00", "symbol": "ADA-USD"}, {"trade_id": 143780335, "side": "sell", "size": "26.12415407", "price": "0.74890000", "time": "2025-07-15T23:08:16.258406Z", "fetched_at": "2025-07-15T23:10:49.985985+00:00", "symbol": "ADA-USD"}, {"trade_id": 143780334, "side": "sell", "size": "23.00000000", "price": "0.74890000", "time": "2025-07-15T23:08:16.258406Z", "fetched_at": "2025-07-15T23:10:49.985985+00:00", "symbol": "ADA-USD"}, {"trade_id": 143780333, "side": "sell", "size": "20.00000000", "price": "0.74890000", "time": "2025-07-15T23:08:16.258406Z", "fetched_at": "2025-07-15T23:10:49.985985+00:00", "symbol": "ADA-USD"}, {"trade_id": 143780332, "side": "sell", "size": "0.01583464", "price": "0.74890000", "time": "2025-07-15T23:08:16.258406Z", "fetched_at": "2025-07-15T23:10:49.985985+00:00", "symbol": "ADA-USD"}, {"trade_id": 143780331, "side": "sell", "size": "0.05984192", "price": "0.74890000", "time": "2025-07-15T23:08:16.258406Z", "fetched_at": "2025-07-15T23:10:49.985985+00:00", "symbol": "ADA-USD"}, {"trade_id": 143780330, "side": "sell", "size": "84.26100000", "price": "0.74890000", "time": "2025-07-15T23:08:16.258406Z", "fetched_at": "2025-07-15T23:10:49.985985+00:00", "symbol": "ADA-USD"}, {"trade_id": 143780329, "side": "sell", "size": "12.38283849", "price": "0.74880000", "time": "2025-07-15T23:08:15.101854Z", "fetched_at": "2025-07-15T23:10:49.985985+00:00", "symbol": "ADA-USD"}, {"trade_id": 143780328, "side": "sell", "size": "1.50000000", "price": "0.74880000", "time": "2025-07-15T23:08:15.101854Z", "fetched_at": "2025-07-15T23:10:49.985985+00:00", "symbol": "ADA-USD"}, {"trade_id": 143780327, "side": "sell", "size": "55.35181429", "price": "0.74880000", "time": "2025-07-15T23:08:15.101854Z", "fetched_at": "2025-07-15T23:10:49.985985+00:00", "symbol": "ADA-USD"}, {"trade_id": 143780326, "side": "sell", "size": "0.87006051", "price": "0.74880000", "time": "2025-07-15T23:08:15.101854Z", "fetched_at": "2025-07-15T23:10:49.985985+00:00", "symbol": "ADA-USD"}, {"trade_id": 143780325, "side": "sell", "size": "1.50000000", "price": "0.74870000", "time": "2025-07-15T23:08:14.159567Z", "fetched_at": "2025-07-15T23:10:49.985985+00:00", "symbol": "ADA-USD"}, {"trade_id": 143780324, "side": "sell", "size": "19.27136151", "price": "0.74870000", "time": "2025-07-15T23:08:14.159567Z", "fetched_at": "2025-07-15T23:10:49.985985+00:00", "symbol": "ADA-USD"}, {"trade_id": 143780323, "side": "sell", "size": "1.45703125", "price": "0.74870000", "time": "2025-07-15T23:08:14.159567Z", "fetched_at": "2025-07-15T23:10:49.985985+00:00", "symbol": "ADA-USD"}, {"trade_id": 143780322, "side": "sell", "size": "0.08977502", "price": "0.74870000", "time": "2025-07-15T23:08:14.159567Z", "fetched_at": "2025-07-15T23:10:49.985985+00:00", "symbol": "ADA-USD"}, {"trade_id": 143780321, "side": "sell", "size": "51.30802197", "price": "0.74860000", "time": "2025-07-15T23:08:13.423404Z", "fetched_at": "2025-07-15T23:10:49.985985+00:00", "symbol": "ADA-USD"}, {"trade_id": 143780320, "side": "sell", "size": "1.50000000", "price": "0.74860000", "time": "2025-07-15T23:08:13.423404Z", "fetched_at": "2025-07-15T23:10:49.985985+00:00", "symbol": "ADA-USD"}, {"trade_id": 143780319, "side": "sell", "size": "0.11676126", "price": "0.74860000", "time": "2025-07-15T23:08:13.423404Z", "fetched_at": "2025-07-15T23:10:49.985985+00:00", "symbol": "ADA-USD"}, {"trade_id": 143780318, "side": "sell", "size": "0.15851413", "price": "0.74860000", "time": "2025-07-15T23:08:13.423404Z", "fetched_at": "2025-07-15T23:10:49.985985+00:00", "symbol": "ADA-USD"}, {"trade_id": 143780317, "side": "sell", "size": "84.26100000", "price": "0.74860000", "time": "2025-07-15T23:08:13.423404Z", "fetched_at": "2025-07-15T23:10:49.985985+00:00", "symbol": "ADA-USD"}, {"trade_id": 143780316, "side": "sell", "size": "0.00019678", "price": "0.74850000", "time": "2025-07-15T23:08:13.421497Z", "fetched_at": "2025-07-15T23:10:49.985985+00:00", "symbol": "ADA-USD"}, {"trade_id": 143780315, "side": "sell", "size": "1.49980322", "price": "0.74850000", "time": "2025-07-15T23:08:13.420408Z", "fetched_at": "2025-07-15T23:10:49.985985+00:00", "symbol": "ADA-USD"}, {"trade_id": 143780314, "side": "sell", "size": "37.99896351", "price": "0.74850000", "time": "2025-07-15T23:08:13.420408Z", "fetched_at": "2025-07-15T23:10:49.985985+00:00", "symbol": "ADA-USD"}, {"trade_id": 143780313, "side": "sell", "size": "26.95417790", "price": "0.74850000", "time": "2025-07-15T23:08:13.420408Z", "fetched_at": "2025-07-15T23:10:49.985985+00:00", "symbol": "ADA-USD"}, {"trade_id": 143780312, "side": "sell", "size": "23.88825537", "price": "0.74850000", "time": "2025-07-15T23:08:13.420408Z", "fetched_at": "2025-07-15T23:10:49.985985+00:00", "symbol": "ADA-USD"}, {"trade_id": 143780311, "side": "sell", "size": "0.10000000", "price": "0.74850000", "time": "2025-07-15T23:08:13.420408Z", "fetched_at": "2025-07-15T23:10:49.985985+00:00", "symbol": "ADA-USD"}, {"trade_id": 143780310, "side": "sell", "size": "45.00000000", "price": "0.74850000", "time": "2025-07-15T23:08:13.420408Z", "fetched_at": "2025-07-15T23:10:49.985985+00:00", "symbol": "ADA-USD"}, {"trade_id": 143780309, "side": "sell", "size": "1308.32581659", "price": "0.74840000", "time": "2025-07-15T23:08:13.367496Z", "fetched_at": "2025-07-15T23:10:49.985985+00:00", "symbol": "ADA-USD"}, {"trade_id": 143780308, "side": "sell", "size": "1.43037214", "price": "0.74840000", "time": "2025-07-15T23:08:13.367496Z", "fetched_at": "2025-07-15T23:10:49.985985+00:00", "symbol": "ADA-USD"}, {"trade_id": 143780307, "side": "sell", "size": "37.98455082", "price": "0.74840000", "time": "2025-07-15T23:08:13.367496Z", "fetched_at": "2025-07-15T23:10:49.985985+00:00", "symbol": "ADA-USD"}, {"trade_id": 143780306, "side": "sell", "size": "1.50000000", "price": "0.74840000", "time": "2025-07-15T23:08:13.367496Z", "fetched_at": "2025-07-15T23:10:49.985985+00:00", "symbol": "ADA-USD"}, {"trade_id": 143780305, "side": "sell", "size": "0.00425656", "price": "0.74840000", "time": "2025-07-15T23:08:13.367496Z", "fetched_at": "2025-07-15T23:10:49.985985+00:00", "symbol": "ADA-USD"}, {"trade_id": 143780304, "side": "sell", "size": "50.58110622", "price": "0.74840000", "time": "2025-07-15T23:08:13.367496Z", "fetched_at": "2025-07-15T23:10:49.985985+00:00", "symbol": "ADA-USD"}, {"trade_id": 143780303, "side": "sell", "size": "0.90135416", "price": "0.74840000", "time": "2025-07-15T23:08:13.367496Z", "fetched_at": "2025-07-15T23:10:49.985985+00:00", "symbol": "ADA-USD"}, {"trade_id": 143780302, "side": "sell", "size": "788.60000000", "price": "0.74830000", "time": "2025-07-15T23:08:13.356316Z", "fetched_at": "2025-07-15T23:10:49.985985+00:00", "symbol": "ADA-USD"}, {"trade_id": 143780301, "side": "sell", "size": "1.50000000", "price": "0.74830000", "time": "2025-07-15T23:08:13.356316Z", "fetched_at": "2025-07-15T23:10:49.985985+00:00", "symbol": "ADA-USD"}, {"trade_id": 143780300, "side": "sell", "size": "20.61753266", "price": "0.74830000", "time": "2025-07-15T23:08:13.356316Z", "fetched_at": "2025-07-15T23:10:49.985985+00:00", "symbol": "ADA-USD"}, {"trade_id": 143780299, "side": "sell", "size": "0.00008700", "price": "0.74830000", "time": "2025-07-15T23:08:13.356316Z", "fetched_at": "2025-07-15T23:10:49.985985+00:00", "symbol": "ADA-USD"}, {"trade_id": 143780298, "side": "sell", "size": "84.26100000", "price": "0.74830000", "time": "2025-07-15T23:08:13.356316Z", "fetched_at": "2025-07-15T23:10:49.985985+00:00", "symbol": "ADA-USD"}, {"trade_id": 143780297, "side": "sell", "size": "67.99020000", "price": "0.74820000", "time": "2025-07-15T23:08:11.529936Z", "fetched_at": "2025-07-15T23:10:49.985985+00:00", "symbol": "ADA-USD"}, {"trade_id": 143780296, "side": "buy", "size": "47.82188196", "price": "0.74810000", "time": "2025-07-15T23:08:10.785910Z", "fetched_at": "2025-07-15T23:10:49.985985+00:00", "symbol": "ADA-USD"}, {"trade_id": 143780295, "side": "buy", "size": "20.16831804", "price": "0.74810000", "time": "2025-07-15T23:08:10.785910Z", "fetched_at": "2025-07-15T23:10:49.985985+00:00", "symbol": "ADA-USD"}, {"trade_id": 143780294, "side": "sell", "size": "5.13598997", "price": "0.74780000", "time": "2025-07-15T23:08:06.901407Z", "fetched_at": "2025-07-15T23:10:49.985985+00:00", "symbol": "ADA-USD"}, {"trade_id": 143780293, "side": "buy", "size": "1029.19502347", "price": "0.74780000", "time": "2025-07-15T23:08:05.857238Z", "fetched_at": "2025-07-15T23:10:49.985985+00:00", "symbol": "ADA-USD"}, {"trade_id": 143780292, "side": "sell", "size": "93.02125003", "price": "0.74790000", "time": "2025-07-15T23:08:05.803471Z", "fetched_at": "2025-07-15T23:10:49.985985+00:00", "symbol": "ADA-USD"}, {"trade_id": 143780291, "side": "sell", "size": "68.76230672", "price": "0.74790000", "time": "2025-07-15T23:08:05.789890Z", "fetched_at": "2025-07-15T23:10:49.985985+00:00", "symbol": "ADA-USD"}, {"trade_id": 143780290, "side": "sell", "size": "86.15682080", "price": "0.74790000", "time": "2025-07-15T23:08:05.771046Z", "fetched_at": "2025-07-15T23:10:49.985985+00:00", "symbol": "ADA-USD"}, {"trade_id": 143780289, "side": "sell", "size": "73.92908056", "price": "0.74790000", "time": "2025-07-15T23:08:05.758817Z", "fetched_at": "2025-07-15T23:10:49.985985+00:00", "symbol": "ADA-USD"}, {"trade_id": 143780288, "side": "sell", "size": "165.89647965", "price": "0.74790000", "time": "2025-07-15T23:08:05.748048Z", "fetched_at": "2025-07-15T23:10:49.985985+00:00", "symbol": "ADA-USD"}, {"trade_id": 143780287, "side": "sell", "size": "166.73586485", "price": "0.74790000", "time": "2025-07-15T23:08:05.727897Z", "fetched_at": "2025-07-15T23:10:49.985985+00:00", "symbol": "ADA-USD"}, {"trade_id": 143780286, "side": "sell", "size": "84.86520877", "price": "0.74790000", "time": "2025-07-15T23:08:05.704014Z", "fetched_at": "2025-07-15T23:10:49.985985+00:00", "symbol": "ADA-USD"}, {"trade_id": 143780285, "side": "sell", "size": "26.12843695", "price": "0.74790000", "time": "2025-07-15T23:08:05.690304Z", "fetched_at": "2025-07-15T23:10:49.985985+00:00", "symbol": "ADA-USD"}, {"trade_id": 143780284, "side": "sell", "size": "748.33471138", "price": "0.74790000", "time": "2025-07-15T23:08:05.680137Z", "fetched_at": "2025-07-15T23:10:49.985985+00:00", "symbol": "ADA-USD"}, {"trade_id": 143780283, "side": "sell", "size": "73.97783353", "price": "0.74780000", "time": "2025-07-15T23:08:03.178378Z", "fetched_at": "2025-07-15T23:10:49.985985+00:00", "symbol": "ADA-USD"}, {"trade_id": 143780282, "side": "sell", "size": "67.99020000", "price": "0.74780000", "time": "2025-07-15T23:08:02.643398Z", "fetched_at": "2025-07-15T23:10:49.985985+00:00", "symbol": "ADA-USD"}, {"trade_id": 143780281, "side": "buy", "size": "145.26958400", "price": "0.74780000", "time": "2025-07-15T23:08:00.631386Z", "fetched_at": "2025-07-15T23:10:49.985985+00:00", "symbol": "ADA-USD"}, {"trade_id": 143780280, "side": "sell", "size": "15.58545863", "price": "0.74770000", "time": "2025-07-15T23:08:00.563932Z", "fetched_at": "2025-07-15T23:10:49.985985+00:00", "symbol": "ADA-USD"}, {"trade_id": 143780279, "side": "sell", "size": "160.19167243", "price": "0.74770000", "time": "2025-07-15T23:07:57.895608Z", "fetched_at": "2025-07-15T23:10:49.985985+00:00", "symbol": "ADA-USD"}, {"trade_id": 143780278, "side": "sell", "size": "160.19167243", "price": "0.74770000", "time": "2025-07-15T23:07:57.817538Z", "fetched_at": "2025-07-15T23:10:49.985985+00:00", "symbol": "ADA-USD"}, {"trade_id": 143780277, "side": "sell", "size": "97.47854569", "price": "0.74770000", "time": "2025-07-15T23:07:57.817538Z", "fetched_at": "2025-07-15T23:10:49.985985+00:00", "symbol": "ADA-USD"}, {"trade_id": 143780276, "side": "sell", "size": "1466.04537000", "price": "0.74770000", "time": "2025-07-15T23:07:57.817538Z", "fetched_at": "2025-07-15T23:10:49.985985+00:00", "symbol": "ADA-USD"}, {"trade_id": 143780275, "side": "buy", "size": "162.03097202", "price": "0.74770000", "time": "2025-07-15T23:07:57.364111Z", "fetched_at": "2025-07-15T23:10:49.985985+00:00", "symbol": "ADA-USD"}, {"trade_id": 143780274, "side": "buy", "size": "153.17659000", "price": "0.74770000", "time": "2025-07-15T23:07:57.355309Z", "fetched_at": "2025-07-15T23:10:49.985985+00:00", "symbol": "ADA-USD"}, {"trade_id": 143780273, "side": "buy", "size": "552.79911274", "price": "0.74770000", "time": "2025-07-15T23:07:57.234515Z", "fetched_at": "2025-07-15T23:10:49.985985+00:00", "symbol": "ADA-USD"}, {"trade_id": 143780272, "side": "buy", "size": "167.55923273", "price": "0.74770000", "time": "2025-07-15T23:07:57.234515Z", "fetched_at": "2025-07-15T23:10:49.985985+00:00", "symbol": "ADA-USD"}, {"trade_id": 143780271, "side": "sell", "size": "67.99020000", "price": "0.74790000", "time": "2025-07-15T23:07:55.491120Z", "fetched_at": "2025-07-15T23:10:49.985985+00:00", "symbol": "ADA-USD"}, {"trade_id": 143780270, "side": "buy", "size": "13.31677258", "price": "0.74770000", "time": "2025-07-15T23:07:55.277819Z", "fetched_at": "2025-07-15T23:10:49.985985+00:00", "symbol": "ADA-USD"}, {"trade_id": 143780269, "side": "buy", "size": "1.50000000", "price": "0.74770000", "time": "2025-07-15T23:07:55.277819Z", "fetched_at": "2025-07-15T23:10:49.985985+00:00", "symbol": "ADA-USD"}, {"trade_id": 143780268, "side": "buy", "size": "4.48258542", "price": "0.74770000", "time": "2025-07-15T23:07:55.277819Z", "fetched_at": "2025-07-15T23:10:49.985985+00:00", "symbol": "ADA-USD"}, {"trade_id": 143780267, "side": "buy", "size": "1.50000000", "price": "0.74780000", "time": "2025-07-15T23:07:55.277819Z", "fetched_at": "2025-07-15T23:10:49.985985+00:00", "symbol": "ADA-USD"}, {"trade_id": 143780266, "side": "sell", "size": "401.12310000", "price": "0.74790000", "time": "2025-07-15T23:07:54.671785Z", "fetched_at": "2025-07-15T23:10:49.985985+00:00", "symbol": "ADA-USD"}, {"trade_id": 143780265, "side": "buy", "size": "1.50000000", "price": "0.74790000", "time": "2025-07-15T23:07:51.513180Z", "fetched_at": "2025-07-15T23:10:49.985985+00:00", "symbol": "ADA-USD"}, {"trade_id": 143780264, "side": "buy", "size": "10.69518717", "price": "0.74800000", "time": "2025-07-15T23:07:51.227089Z", "fetched_at": "2025-07-15T23:10:49.985985+00:00", "symbol": "ADA-USD"}, {"trade_id": 143780263, "side": "buy", "size": "67.99020000", "price": "0.74810000", "time": "2025-07-15T23:07:48.003852Z", "fetched_at": "2025-07-15T23:10:49.985985+00:00", "symbol": "ADA-USD"}, {"trade_id": 143780262, "side": "sell", "size": "3342.45154114", "price": "0.74810000", "time": "2025-07-15T23:07:47.985332Z", "fetched_at": "2025-07-15T23:10:49.985985+00:00", "symbol": "ADA-USD"}, {"trade_id": 143780261, "side": "sell", "size": "5496.60000000", "price": "0.74810000", "time": "2025-07-15T23:07:47.985332Z", "fetched_at": "2025-07-15T23:10:49.985985+00:00", "symbol": "ADA-USD"}, {"trade_id": 143780260, "side": "buy", "size": "1336.89839572", "price": "0.74800000", "time": "2025-07-15T23:07:45.088298Z", "fetched_at": "2025-07-15T23:10:49.985985+00:00", "symbol": "ADA-USD"}, {"trade_id": 143780259, "side": "buy", "size": "1.50000000", "price": "0.74800000", "time": "2025-07-15T23:07:45.088298Z", "fetched_at": "2025-07-15T23:10:49.985985+00:00", "symbol": "ADA-USD"}, {"trade_id": 143780258, "side": "sell", "size": "1.29705900", "price": "0.74810000", "time": "2025-07-15T23:07:45.086135Z", "fetched_at": "2025-07-15T23:10:49.985985+00:00", "symbol": "ADA-USD"}, {"trade_id": 143780257, "side": "buy", "size": "25.96572097", "price": "0.74820000", "time": "2025-07-15T23:07:44.719462Z", "fetched_at": "2025-07-15T23:10:49.985985+00:00", "symbol": "ADA-USD"}, {"trade_id": 143780256, "side": "buy", "size": "369.60526651", "price": "0.74820000", "time": "2025-07-15T23:07:44.708948Z", "fetched_at": "2025-07-15T23:10:49.985985+00:00", "symbol": "ADA-USD"}, {"trade_id": 143780255, "side": "buy", "size": "1077.41014992", "price": "0.74820000", "time": "2025-07-15T23:07:44.698618Z", "fetched_at": "2025-07-15T23:10:49.985985+00:00", "symbol": "ADA-USD"}, {"trade_id": 143780254, "side": "buy", "size": "7462.45596348", "price": "0.74820000", "time": "2025-07-15T23:07:44.694628Z", "fetched_at": "2025-07-15T23:10:49.985985+00:00", "symbol": "ADA-USD"}, {"trade_id": 143780253, "side": "sell", "size": "1706.19865000", "price": "0.74820000", "time": "2025-07-15T23:07:44.664633Z", "fetched_at": "2025-07-15T23:10:49.985985+00:00", "symbol": "ADA-USD"}, {"trade_id": 143780252, "side": "sell", "size": "668.30311608", "price": "0.74820000", "time": "2025-07-15T23:07:44.664633Z", "fetched_at": "2025-07-15T23:10:49.985985+00:00", "symbol": "ADA-USD"}, {"trade_id": 143780251, "side": "sell", "size": "594.00000000", "price": "0.74820000", "time": "2025-07-15T23:07:44.664633Z", "fetched_at": "2025-07-15T23:10:49.985985+00:00", "symbol": "ADA-USD"}, {"trade_id": 143780250, "side": "sell", "size": "1.90716285", "price": "0.74820000", "time": "2025-07-15T23:07:44.664633Z", "fetched_at": "2025-07-15T23:10:49.985985+00:00", "symbol": "ADA-USD"}, {"trade_id": 143780249, "side": "sell", "size": "5.98909379", "price": "0.74820000", "time": "2025-07-15T23:07:44.664633Z", "fetched_at": "2025-07-15T23:10:49.985985+00:00", "symbol": "ADA-USD"}, {"trade_id": 143780248, "side": "sell", "size": "1.50000000", "price": "0.74820000", "time": "2025-07-15T23:07:44.664633Z", "fetched_at": "2025-07-15T23:10:49.985985+00:00", "symbol": "ADA-USD"}, {"trade_id": 143780247, "side": "sell", "size": "0.00200059", "price": "0.74820000", "time": "2025-07-15T23:07:44.664633Z", "fetched_at": "2025-07-15T23:10:49.985985+00:00", "symbol": "ADA-USD"}, {"trade_id": 143780246, "side": "sell", "size": "158.73854510", "price": "0.74820000", "time": "2025-07-15T23:07:44.664633Z", "fetched_at": "2025-07-15T23:10:49.985985+00:00", "symbol": "ADA-USD"}, {"trade_id": 143780245, "side": "sell", "size": "734.67694006", "price": "0.74810000", "time": "2025-07-15T23:07:44.664633Z", "fetched_at": "2025-07-15T23:10:49.985985+00:00", "symbol": "ADA-USD"}, {"trade_id": 143780244, "side": "sell", "size": "525.24418295", "price": "0.74810000", "time": "2025-07-15T23:07:44.664633Z", "fetched_at": "2025-07-15T23:10:49.985985+00:00", "symbol": "ADA-USD"}, {"trade_id": 143780243, "side": "buy", "size": "322.86265517", "price": "0.74800000", "time": "2025-07-15T23:07:44.458443Z", "fetched_at": "2025-07-15T23:10:49.985985+00:00", "symbol": "ADA-USD"}, {"trade_id": 143780242, "side": "sell", "size": "25.98783100", "price": "0.74810000", "time": "2025-07-15T23:07:43.689435Z", "fetched_at": "2025-07-15T23:10:49.985985+00:00", "symbol": "ADA-USD"}, {"trade_id": 143780241, "side": "sell", "size": "22.50300800", "price": "0.74810000", "time": "2025-07-15T23:07:42.910133Z", "fetched_at": "2025-07-15T23:10:49.985985+00:00", "symbol": "ADA-USD"}, {"trade_id": 143780240, "side": "buy", "size": "343.57592000", "price": "0.74810000", "time": "2025-07-15T23:07:41.459304Z", "fetched_at": "2025-07-15T23:10:49.985985+00:00", "symbol": "ADA-USD"}, {"trade_id": 143780239, "side": "sell", "size": "458.01960000", "price": "0.74810000", "time": "2025-07-15T23:07:41.453891Z", "fetched_at": "2025-07-15T23:10:49.985985+00:00", "symbol": "ADA-USD"}, {"trade_id": 143780238, "side": "sell", "size": "67.99020000", "price": "0.74810000", "time": "2025-07-15T23:07:41.453539Z", "fetched_at": "2025-07-15T23:10:49.985985+00:00", "symbol": "ADA-USD"}, {"trade_id": 143780237, "side": "sell", "size": "67.99020000", "price": "0.74810000", "time": "2025-07-15T23:07:41.453504Z", "fetched_at": "2025-07-15T23:10:49.985985+00:00", "symbol": "ADA-USD"}, {"trade_id": 143780236, "side": "sell", "size": "3342.45154114", "price": "0.74800000", "time": "2025-07-15T23:07:41.452415Z", "fetched_at": "2025-07-15T23:10:49.985985+00:00", "symbol": "ADA-USD"}, {"trade_id": 143780235, "side": "buy", "size": "8.66321479", "price": "0.74790000", "time": "2025-07-15T23:07:38.880657Z", "fetched_at": "2025-07-15T23:10:49.985985+00:00", "symbol": "ADA-USD"}, {"trade_id": 143780234, "side": "buy", "size": "3.36193907", "price": "0.74790000", "time": "2025-07-15T23:07:38.880657Z", "fetched_at": "2025-07-15T23:10:49.985985+00:00", "symbol": "ADA-USD"}, {"trade_id": 143780233, "side": "sell", "size": "350.17099000", "price": "0.74810000", "time": "2025-07-15T23:07:36.645545Z", "fetched_at": "2025-07-15T23:10:49.985985+00:00", "symbol": "ADA-USD"}, {"trade_id": 143780232, "side": "sell", "size": "298.17788000", "price": "0.74810000", "time": "2025-07-15T23:07:36.645545Z", "fetched_at": "2025-07-15T23:10:49.985985+00:00", "symbol": "ADA-USD"}, {"trade_id": 143780231, "side": "sell", "size": "1.50000000", "price": "0.74810000", "time": "2025-07-15T23:07:36.645545Z", "fetched_at": "2025-07-15T23:10:49.985985+00:00", "symbol": "ADA-USD"}, {"trade_id": 143780230, "side": "sell", "size": "12.90958900", "price": "0.74790000", "time": "2025-07-15T23:07:34.674354Z", "fetched_at": "2025-07-15T23:10:49.985985+00:00", "symbol": "ADA-USD"}, {"trade_id": 143780229, "side": "sell", "size": "3275.35533877", "price": "0.74780000", "time": "2025-07-15T23:07:34.327718Z", "fetched_at": "2025-07-15T23:10:49.985985+00:00", "symbol": "ADA-USD"}, {"trade_id": 143780228, "side": "sell", "size": "67.99020000", "price": "0.74780000", "time": "2025-07-15T23:07:34.326490Z", "fetched_at": "2025-07-15T23:10:49.985985+00:00", "symbol": "ADA-USD"}, {"trade_id": 143780227, "side": "sell", "size": "9.04189992", "price": "0.74780000", "time": "2025-07-15T23:07:31.407470Z", "fetched_at": "2025-07-15T23:10:49.985985+00:00", "symbol": "ADA-USD"}, {"trade_id": 143780226, "side": "sell", "size": "3294.83309877", "price": "0.74770000", "time": "2025-07-15T23:07:28.497897Z", "fetched_at": "2025-07-15T23:10:49.985985+00:00", "symbol": "ADA-USD"}, {"trade_id": 143780225, "side": "sell", "size": "48.51244000", "price": "0.74770000", "time": "2025-07-15T23:07:28.055441Z", "fetched_at": "2025-07-15T23:10:49.985985+00:00", "symbol": "ADA-USD"}, {"trade_id": 143780224, "side": "sell", "size": "19.47776000", "price": "0.74770000", "time": "2025-07-15T23:07:28.055441Z", "fetched_at": "2025-07-15T23:10:49.985985+00:00", "symbol": "ADA-USD"}, {"trade_id": 143780223, "side": "sell", "size": "158.16948455", "price": "0.74760000", "time": "2025-07-15T23:07:26.895447Z", "fetched_at": "2025-07-15T23:10:49.985985+00:00", "symbol": "ADA-USD"}, {"trade_id": 143780222, "side": "buy", "size": "202.39620454", "price": "0.74760000", "time": "2025-07-15T23:07:26.116020Z", "fetched_at": "2025-07-15T23:10:49.985985+00:00", "symbol": "ADA-USD"}, {"trade_id": 143780221, "side": "buy", "size": "410.58871320", "price": "0.74760000", "time": "2025-07-15T23:07:26.116020Z", "fetched_at": "2025-07-15T23:10:49.985985+00:00", "symbol": "ADA-USD"}, {"trade_id": 143780220, "side": "buy", "size": "988.09794608", "price": "0.74760000", "time": "2025-07-15T23:07:26.115582Z", "fetched_at": "2025-07-15T23:10:49.985985+00:00", "symbol": "ADA-USD"}, {"trade_id": 143780219, "side": "buy", "size": "840.82468450", "price": "0.74760000", "time": "2025-07-15T23:07:26.115582Z", "fetched_at": "2025-07-15T23:10:49.985985+00:00", "symbol": "ADA-USD"}, {"trade_id": 143780218, "side": "buy", "size": "1.50000000", "price": "0.74760000", "time": "2025-07-15T23:07:26.115582Z", "fetched_at": "2025-07-15T23:10:49.985985+00:00", "symbol": "ADA-USD"}, {"trade_id": 143780217, "side": "buy", "size": "7.96904075", "price": "0.74760000", "time": "2025-07-15T23:07:26.115582Z", "fetched_at": "2025-07-15T23:10:49.985985+00:00", "symbol": "ADA-USD"}, {"trade_id": 143780216, "side": "buy", "size": "167.55923273", "price": "0.74770000", "time": "2025-07-15T23:07:26.115582Z", "fetched_at": "2025-07-15T23:10:49.985985+00:00", "symbol": "ADA-USD"}, {"trade_id": 143780215, "side": "sell", "size": "26.48475100", "price": "0.74800000", "time": "2025-07-15T23:07:24.396890Z", "fetched_at": "2025-07-15T23:10:49.985985+00:00", "symbol": "ADA-USD"}, {"trade_id": 143780214, "side": "sell", "size": "66.79600153", "price": "0.74800000", "time": "2025-07-15T23:07:24.237768Z", "fetched_at": "2025-07-15T23:10:49.985985+00:00", "symbol": "ADA-USD"}, {"trade_id": 143780213, "side": "buy", "size": "78.17709900", "price": "0.74780000", "time": "2025-07-15T23:07:24.063280Z", "fetched_at": "2025-07-15T23:10:49.985985+00:00", "symbol": "ADA-USD"}, {"trade_id": 143780212, "side": "buy", "size": "5515.80000000", "price": "0.74780000", "time": "2025-07-15T23:07:24.063280Z", "fetched_at": "2025-07-15T23:10:49.985985+00:00", "symbol": "ADA-USD"}, {"trade_id": 143780211, "side": "buy", "size": "630.64093775", "price": "0.74780000", "time": "2025-07-15T23:07:24.063280Z", "fetched_at": "2025-07-15T23:10:49.985985+00:00", "symbol": "ADA-USD"}, {"trade_id": 143780210, "side": "buy", "size": "611.52918469", "price": "0.74780000", "time": "2025-07-15T23:07:24.063280Z", "fetched_at": "2025-07-15T23:10:49.985985+00:00", "symbol": "ADA-USD"}, {"trade_id": 143780209, "side": "buy", "size": "5.97678056", "price": "0.74780000", "time": "2025-07-15T23:07:24.063280Z", "fetched_at": "2025-07-15T23:10:49.985985+00:00", "symbol": "ADA-USD"}, {"trade_id": 143780208, "side": "buy", "size": "229.05062000", "price": "0.74780000", "time": "2025-07-15T23:07:24.063280Z", "fetched_at": "2025-07-15T23:10:49.985985+00:00", "symbol": "ADA-USD"}, {"trade_id": 143780207, "side": "sell", "size": "1116.29856091", "price": "0.74810000", "time": "2025-07-15T23:07:23.788449Z", "fetched_at": "2025-07-15T23:10:49.985985+00:00", "symbol": "ADA-USD"}, {"trade_id": 143780206, "side": "sell", "size": "668.38538861", "price": "0.74810000", "time": "2025-07-15T23:07:23.788449Z", "fetched_at": "2025-07-15T23:10:49.985985+00:00", "symbol": "ADA-USD"}, {"trade_id": 143780205, "side": "sell", "size": "962.14417408", "price": "0.74810000", "time": "2025-07-15T23:07:23.788449Z", "fetched_at": "2025-07-15T23:10:49.985985+00:00", "symbol": "ADA-USD"}, {"trade_id": 143780204, "side": "sell", "size": "789.00000000", "price": "0.74810000", "time": "2025-07-15T23:07:23.788449Z", "fetched_at": "2025-07-15T23:10:49.985985+00:00", "symbol": "ADA-USD"}, {"trade_id": 143780203, "side": "sell", "size": "1.50000000", "price": "0.74810000", "time": "2025-07-15T23:07:23.788449Z", "fetched_at": "2025-07-15T23:10:49.985985+00:00", "symbol": "ADA-USD"}, {"trade_id": 143780202, "side": "sell", "size": "13.99597716", "price": "0.74810000", "time": "2025-07-15T23:07:23.788449Z", "fetched_at": "2025-07-15T23:10:49.985985+00:00", "symbol": "ADA-USD"}, {"trade_id": 143780201, "side": "sell", "size": "80.95488351", "price": "0.74810000", "time": "2025-07-15T23:07:23.788449Z", "fetched_at": "2025-07-15T23:10:49.985985+00:00", "symbol": "ADA-USD"}, {"trade_id": 143780200, "side": "sell", "size": "714.62165733", "price": "0.74800000", "time": "2025-07-15T23:07:23.788449Z", "fetched_at": "2025-07-15T23:10:49.985985+00:00", "symbol": "ADA-USD"}