[{"trade_id": 143787598, "side": "buy", "size": "1.50000000", "price": "0.74400000", "time": "2025-07-16T00:20:16.758252Z", "fetched_at": "2025-07-16T00:20:19.388873+00:00", "symbol": "ADA-USD"}, {"trade_id": 143787597, "side": "buy", "size": "1.50000000", "price": "0.74410000", "time": "2025-07-16T00:20:15.445106Z", "fetched_at": "2025-07-16T00:20:19.388873+00:00", "symbol": "ADA-USD"}, {"trade_id": 143787596, "side": "sell", "size": "2.32612800", "price": "0.74420000", "time": "2025-07-16T00:20:13.168796Z", "fetched_at": "2025-07-16T00:20:19.388873+00:00", "symbol": "ADA-USD"}, {"trade_id": 143787595, "side": "sell", "size": "174.64340132", "price": "0.74420000", "time": "2025-07-16T00:20:11.590104Z", "fetched_at": "2025-07-16T00:20:19.388873+00:00", "symbol": "ADA-USD"}, {"trade_id": 143787594, "side": "sell", "size": "174.64326547", "price": "0.74420000", "time": "2025-07-16T00:20:11.532031Z", "fetched_at": "2025-07-16T00:20:19.388873+00:00", "symbol": "ADA-USD"}, {"trade_id": 143787593, "side": "buy", "size": "14.50526689", "price": "0.74420000", "time": "2025-07-16T00:20:10.982962Z", "fetched_at": "2025-07-16T00:20:19.388873+00:00", "symbol": "ADA-USD"}, {"trade_id": 143787592, "side": "buy", "size": "1.50000000", "price": "0.74420000", "time": "2025-07-16T00:20:10.982962Z", "fetched_at": "2025-07-16T00:20:19.388873+00:00", "symbol": "ADA-USD"}, {"trade_id": 143787591, "side": "buy", "size": "1.50000000", "price": "0.74430000", "time": "2025-07-16T00:20:10.955991Z", "fetched_at": "2025-07-16T00:20:19.388873+00:00", "symbol": "ADA-USD"}, {"trade_id": 143787590, "side": "sell", "size": "33.22593600", "price": "0.74440000", "time": "2025-07-16T00:20:10.544950Z", "fetched_at": "2025-07-16T00:20:19.388873+00:00", "symbol": "ADA-USD"}, {"trade_id": 143787589, "side": "sell", "size": "6.31292800", "price": "0.74440000", "time": "2025-07-16T00:20:09.963324Z", "fetched_at": "2025-07-16T00:20:19.388873+00:00", "symbol": "ADA-USD"}, {"trade_id": 143787588, "side": "buy", "size": "18.53763119", "price": "0.74440000", "time": "2025-07-16T00:20:09.609588Z", "fetched_at": "2025-07-16T00:20:19.388873+00:00", "symbol": "ADA-USD"}, {"trade_id": 143787587, "side": "buy", "size": "1.50000000", "price": "0.74440000", "time": "2025-07-16T00:20:09.609588Z", "fetched_at": "2025-07-16T00:20:19.388873+00:00", "symbol": "ADA-USD"}, {"trade_id": 143787586, "side": "buy", "size": "30.38030717", "price": "0.74450000", "time": "2025-07-16T00:20:07.574827Z", "fetched_at": "2025-07-16T00:20:19.388873+00:00", "symbol": "ADA-USD"}, {"trade_id": 143787585, "side": "buy", "size": "75.78156400", "price": "0.74450000", "time": "2025-07-16T00:20:04.530422Z", "fetched_at": "2025-07-16T00:20:19.388873+00:00", "symbol": "ADA-USD"}, {"trade_id": 143787584, "side": "buy", "size": "35.10991642", "price": "0.74460000", "time": "2025-07-16T00:20:02.998245Z", "fetched_at": "2025-07-16T00:20:19.388873+00:00", "symbol": "ADA-USD"}, {"trade_id": 143787583, "side": "buy", "size": "1900.20388048", "price": "0.74450000", "time": "2025-07-16T00:20:02.055726Z", "fetched_at": "2025-07-16T00:20:19.388873+00:00", "symbol": "ADA-USD"}, {"trade_id": 143787582, "side": "buy", "size": "4987.60000000", "price": "0.74450000", "time": "2025-07-16T00:20:02.055726Z", "fetched_at": "2025-07-16T00:20:19.388873+00:00", "symbol": "ADA-USD"}, {"trade_id": 143787581, "side": "buy", "size": "1.50000000", "price": "0.74450000", "time": "2025-07-16T00:20:02.055726Z", "fetched_at": "2025-07-16T00:20:19.388873+00:00", "symbol": "ADA-USD"}, {"trade_id": 143787580, "side": "buy", "size": "671.44547840", "price": "0.74460000", "time": "2025-07-16T00:20:02.055726Z", "fetched_at": "2025-07-16T00:20:19.388873+00:00", "symbol": "ADA-USD"}, {"trade_id": 143787579, "side": "buy", "size": "50.00000000", "price": "0.74460000", "time": "2025-07-16T00:20:02.055726Z", "fetched_at": "2025-07-16T00:20:19.388873+00:00", "symbol": "ADA-USD"}, {"trade_id": 143787578, "side": "buy", "size": "275.69095044", "price": "0.74460000", "time": "2025-07-16T00:20:02.055726Z", "fetched_at": "2025-07-16T00:20:19.388873+00:00", "symbol": "ADA-USD"}, {"trade_id": 143787577, "side": "buy", "size": "85.45879068", "price": "0.74460000", "time": "2025-07-16T00:20:02.055726Z", "fetched_at": "2025-07-16T00:20:19.388873+00:00", "symbol": "ADA-USD"}, {"trade_id": 143787576, "side": "buy", "size": "500.00000000", "price": "0.74460000", "time": "2025-07-16T00:20:02.055726Z", "fetched_at": "2025-07-16T00:20:19.388873+00:00", "symbol": "ADA-USD"}, {"trade_id": 143787575, "side": "buy", "size": "1.50000000", "price": "0.74460000", "time": "2025-07-16T00:20:02.055726Z", "fetched_at": "2025-07-16T00:20:19.388873+00:00", "symbol": "ADA-USD"}, {"trade_id": 143787574, "side": "sell", "size": "174.52620884", "price": "0.74470000", "time": "2025-07-16T00:20:01.864168Z", "fetched_at": "2025-07-16T00:20:19.388873+00:00", "symbol": "ADA-USD"}, {"trade_id": 143787573, "side": "sell", "size": "231.49164000", "price": "0.74470000", "time": "2025-07-16T00:20:01.864168Z", "fetched_at": "2025-07-16T00:20:19.388873+00:00", "symbol": "ADA-USD"}, {"trade_id": 143787572, "side": "buy", "size": "1.50000000", "price": "0.74470000", "time": "2025-07-16T00:20:01.582539Z", "fetched_at": "2025-07-16T00:20:19.388873+00:00", "symbol": "ADA-USD"}, {"trade_id": 143787571, "side": "buy", "size": "1.50000000", "price": "0.74480000", "time": "2025-07-16T00:20:00.894683Z", "fetched_at": "2025-07-16T00:20:19.388873+00:00", "symbol": "ADA-USD"}, {"trade_id": 143787570, "side": "buy", "size": "0.00000134", "price": "0.74490000", "time": "2025-07-16T00:19:56.280614Z", "fetched_at": "2025-07-16T00:20:19.388873+00:00", "symbol": "ADA-USD"}, {"trade_id": 143787569, "side": "buy", "size": "82.40778000", "price": "0.74490000", "time": "2025-07-16T00:19:56.278755Z", "fetched_at": "2025-07-16T00:20:19.388873+00:00", "symbol": "ADA-USD"}, {"trade_id": 143787568, "side": "buy", "size": "82.50869000", "price": "0.74490000", "time": "2025-07-16T00:19:56.256823Z", "fetched_at": "2025-07-16T00:20:19.388873+00:00", "symbol": "ADA-USD"}, {"trade_id": 143787567, "side": "buy", "size": "83.16729700", "price": "0.74490000", "time": "2025-07-16T00:19:55.295575Z", "fetched_at": "2025-07-16T00:20:19.388873+00:00", "symbol": "ADA-USD"}, {"trade_id": 143787566, "side": "buy", "size": "49.36607200", "price": "0.74490000", "time": "2025-07-16T00:19:55.295575Z", "fetched_at": "2025-07-16T00:20:19.388873+00:00", "symbol": "ADA-USD"}, {"trade_id": 143787565, "side": "buy", "size": "1.50000000", "price": "0.74490000", "time": "2025-07-16T00:19:55.295575Z", "fetched_at": "2025-07-16T00:20:19.388873+00:00", "symbol": "ADA-USD"}, {"trade_id": 143787564, "side": "buy", "size": "1.50000000", "price": "0.74500000", "time": "2025-07-16T00:19:55.295575Z", "fetched_at": "2025-07-16T00:20:19.388873+00:00", "symbol": "ADA-USD"}, {"trade_id": 143787563, "side": "buy", "size": "1.50000000", "price": "0.74510000", "time": "2025-07-16T00:19:54.457368Z", "fetched_at": "2025-07-16T00:20:19.388873+00:00", "symbol": "ADA-USD"}, {"trade_id": 143787562, "side": "buy", "size": "174.44425241", "price": "0.74520000", "time": "2025-07-16T00:19:53.203250Z", "fetched_at": "2025-07-16T00:20:19.388873+00:00", "symbol": "ADA-USD"}, {"trade_id": 143787561, "side": "buy", "size": "1.50000000", "price": "0.74520000", "time": "2025-07-16T00:19:53.203250Z", "fetched_at": "2025-07-16T00:20:19.388873+00:00", "symbol": "ADA-USD"}, {"trade_id": 143787560, "side": "buy", "size": "4.87311381", "price": "0.74550000", "time": "2025-07-16T00:19:42.154698Z", "fetched_at": "2025-07-16T00:20:19.388873+00:00", "symbol": "ADA-USD"}, {"trade_id": 143787559, "side": "buy", "size": "8.66331343", "price": "0.74530000", "time": "2025-07-16T00:19:41.709711Z", "fetched_at": "2025-07-16T00:20:19.388873+00:00", "symbol": "ADA-USD"}, {"trade_id": 143787558, "side": "sell", "size": "621.52460808", "price": "0.74530000", "time": "2025-07-16T00:19:40.182132Z", "fetched_at": "2025-07-16T00:20:19.388873+00:00", "symbol": "ADA-USD"}, {"trade_id": 143787557, "side": "sell", "size": "7.06754085", "price": "0.74520000", "time": "2025-07-16T00:19:40.019326Z", "fetched_at": "2025-07-16T00:20:19.388873+00:00", "symbol": "ADA-USD"}, {"trade_id": 143787556, "side": "sell", "size": "10.63982823", "price": "0.74520000", "time": "2025-07-16T00:19:34.862144Z", "fetched_at": "2025-07-16T00:20:19.388873+00:00", "symbol": "ADA-USD"}, {"trade_id": 143787555, "side": "buy", "size": "1.50000000", "price": "0.74520000", "time": "2025-07-16T00:19:33.948572Z", "fetched_at": "2025-07-16T00:20:19.388873+00:00", "symbol": "ADA-USD"}, {"trade_id": 143787554, "side": "sell", "size": "1.50000000", "price": "0.74540000", "time": "2025-07-16T00:19:30.551496Z", "fetched_at": "2025-07-16T00:20:19.388873+00:00", "symbol": "ADA-USD"}, {"trade_id": 143787553, "side": "sell", "size": "31.41776070", "price": "0.74520000", "time": "2025-07-16T00:19:25.576965Z", "fetched_at": "2025-07-16T00:20:19.388873+00:00", "symbol": "ADA-USD"}, {"trade_id": 143787552, "side": "sell", "size": "19.53196600", "price": "0.74520000", "time": "2025-07-16T00:19:22.843824Z", "fetched_at": "2025-07-16T00:20:19.388873+00:00", "symbol": "ADA-USD"}, {"trade_id": 143787551, "side": "sell", "size": "12.14664649", "price": "0.74530000", "time": "2025-07-16T00:19:17.438626Z", "fetched_at": "2025-07-16T00:20:19.388873+00:00", "symbol": "ADA-USD"}, {"trade_id": 143787550, "side": "sell", "size": "125.13404740", "price": "0.74530000", "time": "2025-07-16T00:19:16.000168Z", "fetched_at": "2025-07-16T00:20:19.388873+00:00", "symbol": "ADA-USD"}, {"trade_id": 143787549, "side": "buy", "size": "99.50421600", "price": "0.74510000", "time": "2025-07-16T00:19:15.909325Z", "fetched_at": "2025-07-16T00:20:19.388873+00:00", "symbol": "ADA-USD"}, {"trade_id": 143787548, "side": "buy", "size": "1.50000000", "price": "0.74510000", "time": "2025-07-16T00:19:15.909325Z", "fetched_at": "2025-07-16T00:20:19.388873+00:00", "symbol": "ADA-USD"}, {"trade_id": 143787547, "side": "buy", "size": "4.38927480", "price": "0.74520000", "time": "2025-07-16T00:19:15.802210Z", "fetched_at": "2025-07-16T00:20:19.388873+00:00", "symbol": "ADA-USD"}, {"trade_id": 143787546, "side": "sell", "size": "1.75131349", "price": "0.74520000", "time": "2025-07-16T00:19:15.635951Z", "fetched_at": "2025-07-16T00:20:19.388873+00:00", "symbol": "ADA-USD"}, {"trade_id": 143787545, "side": "sell", "size": "174.40911925", "price": "0.74520000", "time": "2025-07-16T00:19:15.635951Z", "fetched_at": "2025-07-16T00:20:19.388873+00:00", "symbol": "ADA-USD"}, {"trade_id": 143787544, "side": "sell", "size": "33.29817498", "price": "0.74520000", "time": "2025-07-16T00:19:12.160786Z", "fetched_at": "2025-07-16T00:20:19.388873+00:00", "symbol": "ADA-USD"}, {"trade_id": 143787543, "side": "sell", "size": "1.32690000", "price": "0.74520000", "time": "2025-07-16T00:19:12.032992Z", "fetched_at": "2025-07-16T00:20:19.388873+00:00", "symbol": "ADA-USD"}, {"trade_id": 143787542, "side": "buy", "size": "1.50000000", "price": "0.74520000", "time": "2025-07-16T00:19:11.996496Z", "fetched_at": "2025-07-16T00:20:19.388873+00:00", "symbol": "ADA-USD"}, {"trade_id": 143787541, "side": "sell", "size": "66.34499400", "price": "0.74530000", "time": "2025-07-16T00:19:11.990749Z", "fetched_at": "2025-07-16T00:20:19.388873+00:00", "symbol": "ADA-USD"}, {"trade_id": 143787540, "side": "buy", "size": "1.50000000", "price": "0.74530000", "time": "2025-07-16T00:19:11.802961Z", "fetched_at": "2025-07-16T00:20:19.388873+00:00", "symbol": "ADA-USD"}, {"trade_id": 143787539, "side": "sell", "size": "100.00000000", "price": "0.74540000", "time": "2025-07-16T00:19:11.024678Z", "fetched_at": "2025-07-16T00:20:19.388873+00:00", "symbol": "ADA-USD"}, {"trade_id": 143787538, "side": "sell", "size": "6.63805800", "price": "0.74540000", "time": "2025-07-16T00:19:10.790683Z", "fetched_at": "2025-07-16T00:20:19.388873+00:00", "symbol": "ADA-USD"}, {"trade_id": 143787537, "side": "buy", "size": "36.54921687", "price": "0.74540000", "time": "2025-07-16T00:19:10.788469Z", "fetched_at": "2025-07-16T00:20:19.388873+00:00", "symbol": "ADA-USD"}, {"trade_id": 143787536, "side": "buy", "size": "137.84823000", "price": "0.74540000", "time": "2025-07-16T00:19:10.786325Z", "fetched_at": "2025-07-16T00:20:19.388873+00:00", "symbol": "ADA-USD"}, {"trade_id": 143787535, "side": "buy", "size": "1.50000000", "price": "0.74540000", "time": "2025-07-16T00:19:10.786325Z", "fetched_at": "2025-07-16T00:20:19.388873+00:00", "symbol": "ADA-USD"}, {"trade_id": 143787534, "side": "sell", "size": "1.32690000", "price": "0.74550000", "time": "2025-07-16T00:19:10.173843Z", "fetched_at": "2025-07-16T00:20:19.388873+00:00", "symbol": "ADA-USD"}, {"trade_id": 143787533, "side": "buy", "size": "1.50000000", "price": "0.74550000", "time": "2025-07-16T00:19:08.791773Z", "fetched_at": "2025-07-16T00:20:19.388873+00:00", "symbol": "ADA-USD"}, {"trade_id": 143787532, "side": "sell", "size": "6.63538900", "price": "0.74560000", "time": "2025-07-16T00:19:08.118112Z", "fetched_at": "2025-07-16T00:20:19.388873+00:00", "symbol": "ADA-USD"}, {"trade_id": 143787531, "side": "sell", "size": "39.81233200", "price": "0.74560000", "time": "2025-07-16T00:19:08.056950Z", "fetched_at": "2025-07-16T00:20:19.388873+00:00", "symbol": "ADA-USD"}, {"trade_id": 143787530, "side": "buy", "size": "1.50000000", "price": "0.74560000", "time": "2025-07-16T00:19:03.124826Z", "fetched_at": "2025-07-16T00:20:19.388873+00:00", "symbol": "ADA-USD"}, {"trade_id": 143787529, "side": "buy", "size": "1.50000000", "price": "0.74570000", "time": "2025-07-16T00:19:02.817479Z", "fetched_at": "2025-07-16T00:20:19.388873+00:00", "symbol": "ADA-USD"}, {"trade_id": 143787528, "side": "buy", "size": "494.73038649", "price": "0.74580000", "time": "2025-07-16T00:19:02.413295Z", "fetched_at": "2025-07-16T00:20:19.388873+00:00", "symbol": "ADA-USD"}, {"trade_id": 143787527, "side": "buy", "size": "1.50000000", "price": "0.74580000", "time": "2025-07-16T00:19:02.413295Z", "fetched_at": "2025-07-16T00:20:19.388873+00:00", "symbol": "ADA-USD"}, {"trade_id": 143787526, "side": "buy", "size": "174.28054283", "price": "0.74590000", "time": "2025-07-16T00:19:02.413295Z", "fetched_at": "2025-07-16T00:20:19.388873+00:00", "symbol": "ADA-USD"}, {"trade_id": 143787525, "side": "sell", "size": "19.00929916", "price": "0.74610000", "time": "2025-07-16T00:19:01.549431Z", "fetched_at": "2025-07-16T00:20:19.388873+00:00", "symbol": "ADA-USD"}, {"trade_id": 143787524, "side": "sell", "size": "1.50000000", "price": "0.74610000", "time": "2025-07-16T00:19:01.549431Z", "fetched_at": "2025-07-16T00:20:19.388873+00:00", "symbol": "ADA-USD"}, {"trade_id": 143787523, "side": "sell", "size": "12.66319784", "price": "0.74610000", "time": "2025-07-16T00:19:01.549431Z", "fetched_at": "2025-07-16T00:20:19.388873+00:00", "symbol": "ADA-USD"}, {"trade_id": 143787522, "side": "sell", "size": "12.83048587", "price": "0.74600000", "time": "2025-07-16T00:19:01.049454Z", "fetched_at": "2025-07-16T00:20:19.388873+00:00", "symbol": "ADA-USD"}, {"trade_id": 143787521, "side": "sell", "size": "15.43282513", "price": "0.74600000", "time": "2025-07-16T00:19:01.049454Z", "fetched_at": "2025-07-16T00:20:19.388873+00:00", "symbol": "ADA-USD"}, {"trade_id": 143787520, "side": "buy", "size": "1.89482470", "price": "0.74590000", "time": "2025-07-16T00:18:57.242133Z", "fetched_at": "2025-07-16T00:20:19.388873+00:00", "symbol": "ADA-USD"}, {"trade_id": 143787519, "side": "buy", "size": "17.28430730", "price": "0.74600000", "time": "2025-07-16T00:18:57.242133Z", "fetched_at": "2025-07-16T00:20:19.388873+00:00", "symbol": "ADA-USD"}, {"trade_id": 143787518, "side": "sell", "size": "530.73332032", "price": "0.74600000", "time": "2025-07-16T00:18:56.145789Z", "fetched_at": "2025-07-16T00:20:19.388873+00:00", "symbol": "ADA-USD"}, {"trade_id": 143787517, "side": "sell", "size": "464.86037910", "price": "0.74600000", "time": "2025-07-16T00:18:55.954485Z", "fetched_at": "2025-07-16T00:20:19.388873+00:00", "symbol": "ADA-USD"}, {"trade_id": 143787516, "side": "sell", "size": "688.57870641", "price": "0.74600000", "time": "2025-07-16T00:18:55.885149Z", "fetched_at": "2025-07-16T00:20:19.388873+00:00", "symbol": "ADA-USD"}, {"trade_id": 143787515, "side": "sell", "size": "236.08528396", "price": "0.74600000", "time": "2025-07-16T00:18:55.513522Z", "fetched_at": "2025-07-16T00:20:19.388873+00:00", "symbol": "ADA-USD"}, {"trade_id": 143787514, "side": "sell", "size": "129.89675840", "price": "0.74600000", "time": "2025-07-16T00:18:55.478246Z", "fetched_at": "2025-07-16T00:20:19.388873+00:00", "symbol": "ADA-USD"}, {"trade_id": 143787513, "side": "sell", "size": "149.69031573", "price": "0.74600000", "time": "2025-07-16T00:18:55.457574Z", "fetched_at": "2025-07-16T00:20:19.388873+00:00", "symbol": "ADA-USD"}, {"trade_id": 143787512, "side": "sell", "size": "131.54298602", "price": "0.74600000", "time": "2025-07-16T00:18:55.443705Z", "fetched_at": "2025-07-16T00:20:19.388873+00:00", "symbol": "ADA-USD"}, {"trade_id": 143787511, "side": "sell", "size": "42.37444689", "price": "0.74600000", "time": "2025-07-16T00:18:55.423870Z", "fetched_at": "2025-07-16T00:20:19.388873+00:00", "symbol": "ADA-USD"}, {"trade_id": 143787510, "side": "sell", "size": "1043.58320180", "price": "0.74600000", "time": "2025-07-16T00:18:55.401156Z", "fetched_at": "2025-07-16T00:20:19.388873+00:00", "symbol": "ADA-USD"}, {"trade_id": 143787509, "side": "sell", "size": "447.75519981", "price": "0.74600000", "time": "2025-07-16T00:18:50.224530Z", "fetched_at": "2025-07-16T00:20:19.388873+00:00", "symbol": "ADA-USD"}, {"trade_id": 143787508, "side": "sell", "size": "130.46652676", "price": "0.74600000", "time": "2025-07-16T00:18:50.159620Z", "fetched_at": "2025-07-16T00:20:19.388873+00:00", "symbol": "ADA-USD"}, {"trade_id": 143787507, "side": "sell", "size": "343.03074579", "price": "0.74600000", "time": "2025-07-16T00:18:50.123765Z", "fetched_at": "2025-07-16T00:20:19.388873+00:00", "symbol": "ADA-USD"}, {"trade_id": 143787506, "side": "sell", "size": "202.15570480", "price": "0.74600000", "time": "2025-07-16T00:18:50.072480Z", "fetched_at": "2025-07-16T00:20:19.388873+00:00", "symbol": "ADA-USD"}, {"trade_id": 143787505, "side": "sell", "size": "137.53465958", "price": "0.74600000", "time": "2025-07-16T00:18:50.038488Z", "fetched_at": "2025-07-16T00:20:19.388873+00:00", "symbol": "ADA-USD"}, {"trade_id": 143787504, "side": "sell", "size": "295.23997777", "price": "0.74600000", "time": "2025-07-16T00:18:50.018743Z", "fetched_at": "2025-07-16T00:20:19.388873+00:00", "symbol": "ADA-USD"}, {"trade_id": 143787503, "side": "sell", "size": "267.75942477", "price": "0.74600000", "time": "2025-07-16T00:18:49.973968Z", "fetched_at": "2025-07-16T00:20:19.388873+00:00", "symbol": "ADA-USD"}, {"trade_id": 143787502, "side": "sell", "size": "257.30005153", "price": "0.74600000", "time": "2025-07-16T00:18:49.941950Z", "fetched_at": "2025-07-16T00:20:19.388873+00:00", "symbol": "ADA-USD"}, {"trade_id": 143787501, "side": "sell", "size": "363.09511752", "price": "0.74600000", "time": "2025-07-16T00:18:49.921935Z", "fetched_at": "2025-07-16T00:20:19.388873+00:00", "symbol": "ADA-USD"}, {"trade_id": 143787500, "side": "sell", "size": "134.12732954", "price": "0.74600000", "time": "2025-07-16T00:18:49.868159Z", "fetched_at": "2025-07-16T00:20:19.388873+00:00", "symbol": "ADA-USD"}, {"trade_id": 143787499, "side": "sell", "size": "520.68155356", "price": "0.74600000", "time": "2025-07-16T00:18:49.848012Z", "fetched_at": "2025-07-16T00:20:19.388873+00:00", "symbol": "ADA-USD"}, {"trade_id": 143787498, "side": "sell", "size": "189.21609417", "price": "0.74600000", "time": "2025-07-16T00:18:49.762658Z", "fetched_at": "2025-07-16T00:20:19.388873+00:00", "symbol": "ADA-USD"}, {"trade_id": 143787497, "side": "sell", "size": "128.92375760", "price": "0.74600000", "time": "2025-07-16T00:18:49.734534Z", "fetched_at": "2025-07-16T00:20:19.388873+00:00", "symbol": "ADA-USD"}, {"trade_id": 143787496, "side": "sell", "size": "211.91379803", "price": "0.74600000", "time": "2025-07-16T00:18:49.716183Z", "fetched_at": "2025-07-16T00:20:19.388873+00:00", "symbol": "ADA-USD"}, {"trade_id": 143787495, "side": "sell", "size": "96.42623904", "price": "0.74600000", "time": "2025-07-16T00:18:49.637045Z", "fetched_at": "2025-07-16T00:20:19.388873+00:00", "symbol": "ADA-USD"}, {"trade_id": 143787494, "side": "sell", "size": "97.41801651", "price": "0.74600000", "time": "2025-07-16T00:18:49.619197Z", "fetched_at": "2025-07-16T00:20:19.388873+00:00", "symbol": "ADA-USD"}, {"trade_id": 143787493, "side": "sell", "size": "258.31941164", "price": "0.74600000", "time": "2025-07-16T00:18:49.604850Z", "fetched_at": "2025-07-16T00:20:19.388873+00:00", "symbol": "ADA-USD"}, {"trade_id": 143787492, "side": "sell", "size": "246.61422054", "price": "0.74600000", "time": "2025-07-16T00:18:49.594118Z", "fetched_at": "2025-07-16T00:20:19.388873+00:00", "symbol": "ADA-USD"}, {"trade_id": 143787491, "side": "sell", "size": "531.36775384", "price": "0.74600000", "time": "2025-07-16T00:18:49.581989Z", "fetched_at": "2025-07-16T00:20:19.388873+00:00", "symbol": "ADA-USD"}, {"trade_id": 143787490, "side": "sell", "size": "8.59308465", "price": "0.74600000", "time": "2025-07-16T00:18:49.581989Z", "fetched_at": "2025-07-16T00:20:19.388873+00:00", "symbol": "ADA-USD"}, {"trade_id": 143787489, "side": "sell", "size": "1.50000000", "price": "0.74600000", "time": "2025-07-16T00:18:49.581989Z", "fetched_at": "2025-07-16T00:20:19.388873+00:00", "symbol": "ADA-USD"}, {"trade_id": 143787488, "side": "sell", "size": "617.45838723", "price": "0.74590000", "time": "2025-07-16T00:18:49.506533Z", "fetched_at": "2025-07-16T00:20:19.388873+00:00", "symbol": "ADA-USD"}, {"trade_id": 143787487, "side": "sell", "size": "1.50000000", "price": "0.74590000", "time": "2025-07-16T00:18:49.506533Z", "fetched_at": "2025-07-16T00:20:19.388873+00:00", "symbol": "ADA-USD"}, {"trade_id": 143787486, "side": "sell", "size": "52.82246611", "price": "0.74590000", "time": "2025-07-16T00:18:49.506533Z", "fetched_at": "2025-07-16T00:20:19.388873+00:00", "symbol": "ADA-USD"}, {"trade_id": 143787485, "side": "sell", "size": "698.50645596", "price": "0.74580000", "time": "2025-07-16T00:18:48.847820Z", "fetched_at": "2025-07-16T00:20:19.388873+00:00", "symbol": "ADA-USD"}, {"trade_id": 143787484, "side": "sell", "size": "17.97147808", "price": "0.74580000", "time": "2025-07-16T00:18:48.847820Z", "fetched_at": "2025-07-16T00:20:19.388873+00:00", "symbol": "ADA-USD"}, {"trade_id": 143787483, "side": "sell", "size": "1.50000000", "price": "0.74580000", "time": "2025-07-16T00:18:48.847820Z", "fetched_at": "2025-07-16T00:20:19.388873+00:00", "symbol": "ADA-USD"}, {"trade_id": 143787482, "side": "sell", "size": "629.63549107", "price": "0.74560000", "time": "2025-07-16T00:18:41.686207Z", "fetched_at": "2025-07-16T00:20:19.388873+00:00", "symbol": "ADA-USD"}, {"trade_id": 143787481, "side": "sell", "size": "662.33950061", "price": "0.74560000", "time": "2025-07-16T00:18:39.794479Z", "fetched_at": "2025-07-16T00:20:19.388873+00:00", "symbol": "ADA-USD"}, {"trade_id": 143787480, "side": "sell", "size": "231.49164000", "price": "0.74570000", "time": "2025-07-16T00:18:38.236561Z", "fetched_at": "2025-07-16T00:20:19.388873+00:00", "symbol": "ADA-USD"}, {"trade_id": 143787479, "side": "sell", "size": "231.49164000", "price": "0.74570000", "time": "2025-07-16T00:18:38.182228Z", "fetched_at": "2025-07-16T00:20:19.388873+00:00", "symbol": "ADA-USD"}, {"trade_id": 143787478, "side": "sell", "size": "1.50000000", "price": "0.74570000", "time": "2025-07-16T00:18:37.956699Z", "fetched_at": "2025-07-16T00:20:19.388873+00:00", "symbol": "ADA-USD"}, {"trade_id": 143787477, "side": "sell", "size": "38.10416769", "price": "0.74570000", "time": "2025-07-16T00:18:37.956699Z", "fetched_at": "2025-07-16T00:20:19.388873+00:00", "symbol": "ADA-USD"}, {"trade_id": 143787476, "side": "sell", "size": "298.45883460", "price": "0.74560000", "time": "2025-07-16T00:18:37.820432Z", "fetched_at": "2025-07-16T00:20:19.388873+00:00", "symbol": "ADA-USD"}, {"trade_id": 143787475, "side": "sell", "size": "1.50000000", "price": "0.74560000", "time": "2025-07-16T00:18:37.820432Z", "fetched_at": "2025-07-16T00:20:19.388873+00:00", "symbol": "ADA-USD"}, {"trade_id": 143787474, "side": "sell", "size": "52.85814634", "price": "0.74560000", "time": "2025-07-16T00:18:37.820432Z", "fetched_at": "2025-07-16T00:20:19.388873+00:00", "symbol": "ADA-USD"}, {"trade_id": 143787473, "side": "buy", "size": "60.32728000", "price": "0.74550000", "time": "2025-07-16T00:18:35.923056Z", "fetched_at": "2025-07-16T00:20:19.388873+00:00", "symbol": "ADA-USD"}, {"trade_id": 143787472, "side": "sell", "size": "1.50000000", "price": "0.74550000", "time": "2025-07-16T00:18:34.906415Z", "fetched_at": "2025-07-16T00:20:19.388873+00:00", "symbol": "ADA-USD"}, {"trade_id": 143787471, "side": "buy", "size": "53.97315400", "price": "0.74540000", "time": "2025-07-16T00:18:33.979772Z", "fetched_at": "2025-07-16T00:20:19.388873+00:00", "symbol": "ADA-USD"}, {"trade_id": 143787470, "side": "sell", "size": "2.67890621", "price": "0.74540000", "time": "2025-07-16T00:18:33.451560Z", "fetched_at": "2025-07-16T00:20:19.388873+00:00", "symbol": "ADA-USD"}, {"trade_id": 143787469, "side": "sell", "size": "20.78845304", "price": "0.74530000", "time": "2025-07-16T00:18:33.294446Z", "fetched_at": "2025-07-16T00:20:19.388873+00:00", "symbol": "ADA-USD"}, {"trade_id": 143787468, "side": "buy", "size": "8.44891543", "price": "0.74520000", "time": "2025-07-16T00:18:32.603811Z", "fetched_at": "2025-07-16T00:20:19.388873+00:00", "symbol": "ADA-USD"}, {"trade_id": 143787467, "side": "buy", "size": "11.55108457", "price": "0.74520000", "time": "2025-07-16T00:18:32.603811Z", "fetched_at": "2025-07-16T00:20:19.388873+00:00", "symbol": "ADA-USD"}, {"trade_id": 143787466, "side": "sell", "size": "231.49164000", "price": "0.74530000", "time": "2025-07-16T00:18:32.511894Z", "fetched_at": "2025-07-16T00:20:19.388873+00:00", "symbol": "ADA-USD"}, {"trade_id": 143787465, "side": "sell", "size": "223.06280000", "price": "0.74530000", "time": "2025-07-16T00:18:32.511894Z", "fetched_at": "2025-07-16T00:20:19.388873+00:00", "symbol": "ADA-USD"}, {"trade_id": 143787464, "side": "sell", "size": "24.75040069", "price": "0.74530000", "time": "2025-07-16T00:18:32.502450Z", "fetched_at": "2025-07-16T00:20:19.388873+00:00", "symbol": "ADA-USD"}, {"trade_id": 143787463, "side": "sell", "size": "128.38726584", "price": "0.74530000", "time": "2025-07-16T00:18:32.356729Z", "fetched_at": "2025-07-16T00:20:19.388873+00:00", "symbol": "ADA-USD"}, {"trade_id": 143787462, "side": "sell", "size": "46.02175275", "price": "0.74530000", "time": "2025-07-16T00:18:32.346298Z", "fetched_at": "2025-07-16T00:20:19.388873+00:00", "symbol": "ADA-USD"}, {"trade_id": 143787461, "side": "sell", "size": "711.55589948", "price": "0.74530000", "time": "2025-07-16T00:18:32.346298Z", "fetched_at": "2025-07-16T00:20:19.388873+00:00", "symbol": "ADA-USD"}, {"trade_id": 143787460, "side": "sell", "size": "174.40901859", "price": "0.74520000", "time": "2025-07-16T00:18:32.250749Z", "fetched_at": "2025-07-16T00:20:19.388873+00:00", "symbol": "ADA-USD"}, {"trade_id": 143787459, "side": "buy", "size": "0.00000179", "price": "0.74530000", "time": "2025-07-16T00:18:31.818644Z", "fetched_at": "2025-07-16T00:20:19.388873+00:00", "symbol": "ADA-USD"}, {"trade_id": 143787458, "side": "buy", "size": "47.72157000", "price": "0.74530000", "time": "2025-07-16T00:18:31.817460Z", "fetched_at": "2025-07-16T00:20:19.388873+00:00", "symbol": "ADA-USD"}, {"trade_id": 143787457, "side": "buy", "size": "404.55680240", "price": "0.74530000", "time": "2025-07-16T00:18:31.120366Z", "fetched_at": "2025-07-16T00:20:19.388873+00:00", "symbol": "ADA-USD"}, {"trade_id": 143787456, "side": "buy", "size": "174.42084650", "price": "0.74530000", "time": "2025-07-16T00:18:31.120366Z", "fetched_at": "2025-07-16T00:20:19.388873+00:00", "symbol": "ADA-USD"}, {"trade_id": 143787455, "side": "buy", "size": "2.88777114", "price": "0.74530000", "time": "2025-07-16T00:18:31.120366Z", "fetched_at": "2025-07-16T00:20:19.388873+00:00", "symbol": "ADA-USD"}, {"trade_id": 143787454, "side": "buy", "size": "12.51367496", "price": "0.74530000", "time": "2025-07-16T00:18:31.120366Z", "fetched_at": "2025-07-16T00:20:19.388873+00:00", "symbol": "ADA-USD"}, {"trade_id": 143787453, "side": "buy", "size": "174.39744000", "price": "0.74540000", "time": "2025-07-16T00:18:30.690177Z", "fetched_at": "2025-07-16T00:20:19.388873+00:00", "symbol": "ADA-USD"}, {"trade_id": 143787452, "side": "sell", "size": "214.09879775", "price": "0.74550000", "time": "2025-07-16T00:18:30.177559Z", "fetched_at": "2025-07-16T00:20:19.388873+00:00", "symbol": "ADA-USD"}, {"trade_id": 143787451, "side": "sell", "size": "703.08568794", "price": "0.74550000", "time": "2025-07-16T00:18:30.158291Z", "fetched_at": "2025-07-16T00:20:19.388873+00:00", "symbol": "ADA-USD"}, {"trade_id": 143787450, "side": "sell", "size": "1.50000000", "price": "0.74550000", "time": "2025-07-16T00:18:26.538026Z", "fetched_at": "2025-07-16T00:20:19.388873+00:00", "symbol": "ADA-USD"}, {"trade_id": 143787449, "side": "sell", "size": "36.81692931", "price": "0.74550000", "time": "2025-07-16T00:18:26.538026Z", "fetched_at": "2025-07-16T00:20:19.388873+00:00", "symbol": "ADA-USD"}, {"trade_id": 143787448, "side": "buy", "size": "50.00000000", "price": "0.74540000", "time": "2025-07-16T00:18:23.487013Z", "fetched_at": "2025-07-16T00:20:19.388873+00:00", "symbol": "ADA-USD"}, {"trade_id": 143787447, "side": "sell", "size": "80.52401732", "price": "0.74540000", "time": "2025-07-16T00:18:23.105420Z", "fetched_at": "2025-07-16T00:20:19.388873+00:00", "symbol": "ADA-USD"}, {"trade_id": 143787446, "side": "sell", "size": "627.72120853", "price": "0.74540000", "time": "2025-07-16T00:18:23.081032Z", "fetched_at": "2025-07-16T00:20:19.388873+00:00", "symbol": "ADA-USD"}, {"trade_id": 143787445, "side": "sell", "size": "57.92983567", "price": "0.74540000", "time": "2025-07-16T00:18:23.081032Z", "fetched_at": "2025-07-16T00:20:19.388873+00:00", "symbol": "ADA-USD"}, {"trade_id": 143787444, "side": "sell", "size": "42.21045580", "price": "0.74540000", "time": "2025-07-16T00:18:23.081032Z", "fetched_at": "2025-07-16T00:20:19.388873+00:00", "symbol": "ADA-USD"}, {"trade_id": 143787443, "side": "sell", "size": "1.50000000", "price": "0.74540000", "time": "2025-07-16T00:18:23.081032Z", "fetched_at": "2025-07-16T00:20:19.388873+00:00", "symbol": "ADA-USD"}, {"trade_id": 143787442, "side": "sell", "size": "15.07191650", "price": "0.74530000", "time": "2025-07-16T00:18:23.077877Z", "fetched_at": "2025-07-16T00:20:19.388873+00:00", "symbol": "ADA-USD"}, {"trade_id": 143787441, "side": "sell", "size": "146.56661000", "price": "0.74530000", "time": "2025-07-16T00:18:23.073288Z", "fetched_at": "2025-07-16T00:20:19.388873+00:00", "symbol": "ADA-USD"}, {"trade_id": 143787440, "side": "sell", "size": "7007.60333971", "price": "0.74530000", "time": "2025-07-16T00:18:23.061306Z", "fetched_at": "2025-07-16T00:20:19.388873+00:00", "symbol": "ADA-USD"}, {"trade_id": 143787439, "side": "sell", "size": "7700.63873606", "price": "0.74530000", "time": "2025-07-16T00:18:23.055295Z", "fetched_at": "2025-07-16T00:20:19.388873+00:00", "symbol": "ADA-USD"}, {"trade_id": 143787438, "side": "sell", "size": "1.50000000", "price": "0.74530000", "time": "2025-07-16T00:18:23.055295Z", "fetched_at": "2025-07-16T00:20:19.388873+00:00", "symbol": "ADA-USD"}, {"trade_id": 143787437, "side": "sell", "size": "5.87424732", "price": "0.74510000", "time": "2025-07-16T00:18:22.694971Z", "fetched_at": "2025-07-16T00:20:19.388873+00:00", "symbol": "ADA-USD"}, {"trade_id": 143787436, "side": "sell", "size": "113.68107683", "price": "0.74520000", "time": "2025-07-16T00:18:22.297071Z", "fetched_at": "2025-07-16T00:20:19.388873+00:00", "symbol": "ADA-USD"}, {"trade_id": 143787435, "side": "sell", "size": "1.50000000", "price": "0.74520000", "time": "2025-07-16T00:18:22.297071Z", "fetched_at": "2025-07-16T00:20:19.388873+00:00", "symbol": "ADA-USD"}, {"trade_id": 143787434, "side": "sell", "size": "50.00000000", "price": "0.74510000", "time": "2025-07-16T00:18:22.297071Z", "fetched_at": "2025-07-16T00:20:19.388873+00:00", "symbol": "ADA-USD"}, {"trade_id": 143787433, "side": "sell", "size": "44.54644417", "price": "0.74510000", "time": "2025-07-16T00:18:22.297071Z", "fetched_at": "2025-07-16T00:20:19.388873+00:00", "symbol": "ADA-USD"}, {"trade_id": 143787432, "side": "sell", "size": "223.06280000", "price": "0.74510000", "time": "2025-07-16T00:18:22.297071Z", "fetched_at": "2025-07-16T00:20:19.388873+00:00", "symbol": "ADA-USD"}, {"trade_id": 143787431, "side": "sell", "size": "231.49164000", "price": "0.74510000", "time": "2025-07-16T00:18:22.297071Z", "fetched_at": "2025-07-16T00:20:19.388873+00:00", "symbol": "ADA-USD"}, {"trade_id": 143787430, "side": "sell", "size": "174.52613539", "price": "0.74510000", "time": "2025-07-16T00:18:20.827783Z", "fetched_at": "2025-07-16T00:20:19.388873+00:00", "symbol": "ADA-USD"}, {"trade_id": 143787429, "side": "sell", "size": "1.50000000", "price": "0.74510000", "time": "2025-07-16T00:18:20.827783Z", "fetched_at": "2025-07-16T00:20:19.388873+00:00", "symbol": "ADA-USD"}, {"trade_id": 143787428, "side": "sell", "size": "174.50274431", "price": "0.74500000", "time": "2025-07-16T00:18:20.348163Z", "fetched_at": "2025-07-16T00:20:19.388873+00:00", "symbol": "ADA-USD"}, {"trade_id": 143787427, "side": "buy", "size": "32.29588266", "price": "0.74490000", "time": "2025-07-16T00:18:19.176629Z", "fetched_at": "2025-07-16T00:20:19.388873+00:00", "symbol": "ADA-USD"}, {"trade_id": 143787426, "side": "buy", "size": "1.50000000", "price": "0.74490000", "time": "2025-07-16T00:18:19.176629Z", "fetched_at": "2025-07-16T00:20:19.388873+00:00", "symbol": "ADA-USD"}, {"trade_id": 143787425, "side": "buy", "size": "671.11366877", "price": "0.74500000", "time": "2025-07-16T00:18:17.810487Z", "fetched_at": "2025-07-16T00:20:19.388873+00:00", "symbol": "ADA-USD"}, {"trade_id": 143787424, "side": "buy", "size": "1.50000000", "price": "0.74500000", "time": "2025-07-16T00:18:17.810487Z", "fetched_at": "2025-07-16T00:20:19.388873+00:00", "symbol": "ADA-USD"}, {"trade_id": 143787423, "side": "buy", "size": "0.00000460", "price": "0.74510000", "time": "2025-07-16T00:18:17.810457Z", "fetched_at": "2025-07-16T00:20:19.388873+00:00", "symbol": "ADA-USD"}, {"trade_id": 143787422, "side": "buy", "size": "174.46766000", "price": "0.74510000", "time": "2025-07-16T00:18:17.810079Z", "fetched_at": "2025-07-16T00:20:19.388873+00:00", "symbol": "ADA-USD"}, {"trade_id": 143787421, "side": "buy", "size": "500.00000000", "price": "0.74510000", "time": "2025-07-16T00:18:17.794520Z", "fetched_at": "2025-07-16T00:20:19.388873+00:00", "symbol": "ADA-USD"}, {"trade_id": 143787420, "side": "buy", "size": "174.46766460", "price": "0.74510000", "time": "2025-07-16T00:18:17.794520Z", "fetched_at": "2025-07-16T00:20:19.388873+00:00", "symbol": "ADA-USD"}, {"trade_id": 143787419, "side": "buy", "size": "275.69095044", "price": "0.74510000", "time": "2025-07-16T00:18:17.794520Z", "fetched_at": "2025-07-16T00:20:19.388873+00:00", "symbol": "ADA-USD"}, {"trade_id": 143787418, "side": "sell", "size": "162.22879003", "price": "0.74520000", "time": "2025-07-16T00:18:15.512724Z", "fetched_at": "2025-07-16T00:20:19.388873+00:00", "symbol": "ADA-USD"}, {"trade_id": 143787417, "side": "sell", "size": "171.30604389", "price": "0.74520000", "time": "2025-07-16T00:18:15.507974Z", "fetched_at": "2025-07-16T00:20:19.388873+00:00", "symbol": "ADA-USD"}, {"trade_id": 143787416, "side": "sell", "size": "272.86056455", "price": "0.74520000", "time": "2025-07-16T00:18:15.486607Z", "fetched_at": "2025-07-16T00:20:19.388873+00:00", "symbol": "ADA-USD"}, {"trade_id": 143787415, "side": "sell", "size": "922.16439603", "price": "0.74520000", "time": "2025-07-16T00:18:15.476838Z", "fetched_at": "2025-07-16T00:20:19.388873+00:00", "symbol": "ADA-USD"}, {"trade_id": 143787414, "side": "sell", "size": "155.79760278", "price": "0.74510000", "time": "2025-07-16T00:18:15.357022Z", "fetched_at": "2025-07-16T00:20:19.388873+00:00", "symbol": "ADA-USD"}, {"trade_id": 143787413, "side": "buy", "size": "174.46766460", "price": "0.74510000", "time": "2025-07-16T00:18:14.322425Z", "fetched_at": "2025-07-16T00:20:19.388873+00:00", "symbol": "ADA-USD"}, {"trade_id": 143787412, "side": "sell", "size": "206.25377704", "price": "0.74530000", "time": "2025-07-16T00:18:12.487747Z", "fetched_at": "2025-07-16T00:20:19.388873+00:00", "symbol": "ADA-USD"}, {"trade_id": 143787411, "side": "sell", "size": "192.80609111", "price": "0.74530000", "time": "2025-07-16T00:18:12.427720Z", "fetched_at": "2025-07-16T00:20:19.388873+00:00", "symbol": "ADA-USD"}, {"trade_id": 143787410, "side": "sell", "size": "361.04565884", "price": "0.74530000", "time": "2025-07-16T00:18:12.416636Z", "fetched_at": "2025-07-16T00:20:19.388873+00:00", "symbol": "ADA-USD"}, {"trade_id": 143787409, "side": "sell", "size": "644.10671740", "price": "0.74530000", "time": "2025-07-16T00:18:12.376630Z", "fetched_at": "2025-07-16T00:20:19.388873+00:00", "symbol": "ADA-USD"}, {"trade_id": 143787408, "side": "sell", "size": "1.50000000", "price": "0.74530000", "time": "2025-07-16T00:18:12.376630Z", "fetched_at": "2025-07-16T00:20:19.388873+00:00", "symbol": "ADA-USD"}, {"trade_id": 143787407, "side": "sell", "size": "44.92955065", "price": "0.74530000", "time": "2025-07-16T00:18:12.376630Z", "fetched_at": "2025-07-16T00:20:19.388873+00:00", "symbol": "ADA-USD"}, {"trade_id": 143787406, "side": "sell", "size": "230.48619819", "price": "0.74520000", "time": "2025-07-16T00:18:11.326824Z", "fetched_at": "2025-07-16T00:20:19.388873+00:00", "symbol": "ADA-USD"}, {"trade_id": 143787405, "side": "sell", "size": "54.22382697", "price": "0.74520000", "time": "2025-07-16T00:18:11.326824Z", "fetched_at": "2025-07-16T00:20:19.388873+00:00", "symbol": "ADA-USD"}, {"trade_id": 143787404, "side": "sell", "size": "1.50000000", "price": "0.74520000", "time": "2025-07-16T00:18:11.326824Z", "fetched_at": "2025-07-16T00:20:19.388873+00:00", "symbol": "ADA-USD"}, {"trade_id": 143787403, "side": "buy", "size": "151.26136200", "price": "0.74510000", "time": "2025-07-16T00:18:10.830260Z", "fetched_at": "2025-07-16T00:20:19.388873+00:00", "symbol": "ADA-USD"}, {"trade_id": 143787402, "side": "sell", "size": "15.17058130", "price": "0.74510000", "time": "2025-07-16T00:18:08.645474Z", "fetched_at": "2025-07-16T00:20:19.388873+00:00", "symbol": "ADA-USD"}, {"trade_id": 143787401, "side": "sell", "size": "37.69571775", "price": "0.74510000", "time": "2025-07-16T00:18:07.706333Z", "fetched_at": "2025-07-16T00:20:19.388873+00:00", "symbol": "ADA-USD"}, {"trade_id": 143787400, "side": "sell", "size": "693.83817879", "price": "0.74510000", "time": "2025-07-16T00:18:07.689209Z", "fetched_at": "2025-07-16T00:20:19.388873+00:00", "symbol": "ADA-USD"}, {"trade_id": 143787399, "side": "sell", "size": "628.75333102", "price": "0.74510000", "time": "2025-07-16T00:18:07.291058Z", "fetched_at": "2025-07-16T00:20:19.388873+00:00", "symbol": "ADA-USD"}, {"trade_id": 143787398, "side": "sell", "size": "1.50000000", "price": "0.74510000", "time": "2025-07-16T00:18:07.291058Z", "fetched_at": "2025-07-16T00:20:19.388873+00:00", "symbol": "ADA-USD"}, {"trade_id": 143787397, "side": "sell", "size": "14.39420253", "price": "0.74500000", "time": "2025-07-16T00:18:07.065685Z", "fetched_at": "2025-07-16T00:20:19.388873+00:00", "symbol": "ADA-USD"}, {"trade_id": 143787396, "side": "sell", "size": "418.58217573", "price": "0.74500000", "time": "2025-07-16T00:18:06.984378Z", "fetched_at": "2025-07-16T00:20:19.388873+00:00", "symbol": "ADA-USD"}, {"trade_id": 143787395, "side": "sell", "size": "208.02240543", "price": "0.74500000", "time": "2025-07-16T00:18:06.973621Z", "fetched_at": "2025-07-16T00:20:19.388873+00:00", "symbol": "ADA-USD"}, {"trade_id": 143787394, "side": "sell", "size": "646.89402858", "price": "0.74500000", "time": "2025-07-16T00:18:06.973621Z", "fetched_at": "2025-07-16T00:20:19.388873+00:00", "symbol": "ADA-USD"}, {"trade_id": 143787393, "side": "sell", "size": "4.81632000", "price": "0.74500000", "time": "2025-07-16T00:18:06.717445Z", "fetched_at": "2025-07-16T00:20:19.388873+00:00", "symbol": "ADA-USD"}, {"trade_id": 143787392, "side": "sell", "size": "1.50000000", "price": "0.74500000", "time": "2025-07-16T00:18:06.717445Z", "fetched_at": "2025-07-16T00:20:19.388873+00:00", "symbol": "ADA-USD"}, {"trade_id": 143787391, "side": "sell", "size": "33.49699220", "price": "0.74490000", "time": "2025-07-16T00:18:06.020034Z", "fetched_at": "2025-07-16T00:20:19.388873+00:00", "symbol": "ADA-USD"}, {"trade_id": 143787390, "side": "sell", "size": "71.74505978", "price": "0.74490000", "time": "2025-07-16T00:18:05.481229Z", "fetched_at": "2025-07-16T00:20:19.388873+00:00", "symbol": "ADA-USD"}, {"trade_id": 143787389, "side": "sell", "size": "78.83661000", "price": "0.74490000", "time": "2025-07-16T00:18:05.450581Z", "fetched_at": "2025-07-16T00:20:19.388873+00:00", "symbol": "ADA-USD"}, {"trade_id": 143787388, "side": "sell", "size": "121.61301201", "price": "0.74490000", "time": "2025-07-16T00:18:05.438634Z", "fetched_at": "2025-07-16T00:20:19.388873+00:00", "symbol": "ADA-USD"}, {"trade_id": 143787387, "side": "sell", "size": "24.76121281", "price": "0.74490000", "time": "2025-07-16T00:18:05.420910Z", "fetched_at": "2025-07-16T00:20:19.388873+00:00", "symbol": "ADA-USD"}, {"trade_id": 143787386, "side": "sell", "size": "178.91899609", "price": "0.74490000", "time": "2025-07-16T00:18:05.400786Z", "fetched_at": "2025-07-16T00:20:19.388873+00:00", "symbol": "ADA-USD"}, {"trade_id": 143787385, "side": "sell", "size": "206.82937524", "price": "0.74490000", "time": "2025-07-16T00:18:05.389878Z", "fetched_at": "2025-07-16T00:20:19.388873+00:00", "symbol": "ADA-USD"}, {"trade_id": 143787384, "side": "sell", "size": "470.51542278", "price": "0.74490000", "time": "2025-07-16T00:18:05.350500Z", "fetched_at": "2025-07-16T00:20:19.388873+00:00", "symbol": "ADA-USD"}, {"trade_id": 143787383, "side": "sell", "size": "602.60434371", "price": "0.74490000", "time": "2025-07-16T00:18:05.338778Z", "fetched_at": "2025-07-16T00:20:19.388873+00:00", "symbol": "ADA-USD"}, {"trade_id": 143787382, "side": "sell", "size": "1.50000000", "price": "0.74490000", "time": "2025-07-16T00:18:05.338778Z", "fetched_at": "2025-07-16T00:20:19.388873+00:00", "symbol": "ADA-USD"}, {"trade_id": 143787381, "side": "sell", "size": "140.07503612", "price": "0.74480000", "time": "2025-07-16T00:18:04.241071Z", "fetched_at": "2025-07-16T00:20:19.388873+00:00", "symbol": "ADA-USD"}, {"trade_id": 143787380, "side": "sell", "size": "677.36035255", "price": "0.74480000", "time": "2025-07-16T00:18:04.241071Z", "fetched_at": "2025-07-16T00:20:19.388873+00:00", "symbol": "ADA-USD"}, {"trade_id": 143787379, "side": "sell", "size": "32.63210200", "price": "0.74480000", "time": "2025-07-16T00:18:03.498382Z", "fetched_at": "2025-07-16T00:20:19.388873+00:00", "symbol": "ADA-USD"}, {"trade_id": 143787378, "side": "buy", "size": "36.09284669", "price": "0.74470000", "time": "2025-07-16T00:18:03.070883Z", "fetched_at": "2025-07-16T00:20:19.388873+00:00", "symbol": "ADA-USD"}, {"trade_id": 143787377, "side": "buy", "size": "12.89423394", "price": "0.74480000", "time": "2025-07-16T00:18:02.437730Z", "fetched_at": "2025-07-16T00:20:19.388873+00:00", "symbol": "ADA-USD"}, {"trade_id": 143787376, "side": "sell", "size": "167.91418433", "price": "0.74480000", "time": "2025-07-16T00:18:01.242285Z", "fetched_at": "2025-07-16T00:20:19.388873+00:00", "symbol": "ADA-USD"}, {"trade_id": 143787375, "side": "buy", "size": "99.63631108", "price": "0.74470000", "time": "2025-07-16T00:18:01.094396Z", "fetched_at": "2025-07-16T00:20:19.388873+00:00", "symbol": "ADA-USD"}, {"trade_id": 143787374, "side": "buy", "size": "17.19231192", "price": "0.74470000", "time": "2025-07-16T00:18:01.094396Z", "fetched_at": "2025-07-16T00:20:19.388873+00:00", "symbol": "ADA-USD"}, {"trade_id": 143787373, "side": "sell", "size": "649.90481591", "price": "0.74470000", "time": "2025-07-16T00:17:59.766336Z", "fetched_at": "2025-07-16T00:20:19.388873+00:00", "symbol": "ADA-USD"}, {"trade_id": 143787372, "side": "sell", "size": "3.00000000", "price": "0.74480000", "time": "2025-07-16T00:17:58.974995Z", "fetched_at": "2025-07-16T00:20:19.388873+00:00", "symbol": "ADA-USD"}, {"trade_id": 143787371, "side": "sell", "size": "1.50000000", "price": "0.74480000", "time": "2025-07-16T00:17:58.974995Z", "fetched_at": "2025-07-16T00:20:19.388873+00:00", "symbol": "ADA-USD"}, {"trade_id": 143787370, "side": "sell", "size": "670.49443586", "price": "0.74470000", "time": "2025-07-16T00:17:58.098729Z", "fetched_at": "2025-07-16T00:20:19.388873+00:00", "symbol": "ADA-USD"}, {"trade_id": 143787369, "side": "sell", "size": "1.50000000", "price": "0.74470000", "time": "2025-07-16T00:17:58.098729Z", "fetched_at": "2025-07-16T00:20:19.388873+00:00", "symbol": "ADA-USD"}, {"trade_id": 143787368, "side": "sell", "size": "646.03420344", "price": "0.74460000", "time": "2025-07-16T00:17:57.128960Z", "fetched_at": "2025-07-16T00:20:19.388873+00:00", "symbol": "ADA-USD"}, {"trade_id": 143787367, "side": "sell", "size": "610.27453729", "price": "0.74450000", "time": "2025-07-16T00:17:56.740503Z", "fetched_at": "2025-07-16T00:20:19.388873+00:00", "symbol": "ADA-USD"}, {"trade_id": 143787366, "side": "sell", "size": "1.50000000", "price": "0.74460000", "time": "2025-07-16T00:17:54.307314Z", "fetched_at": "2025-07-16T00:20:19.388873+00:00", "symbol": "ADA-USD"}, {"trade_id": 143787365, "side": "sell", "size": "199.57918000", "price": "0.74460000", "time": "2025-07-16T00:17:54.307314Z", "fetched_at": "2025-07-16T00:20:19.388873+00:00", "symbol": "ADA-USD"}, {"trade_id": 143787364, "side": "sell", "size": "242.17181000", "price": "0.74460000", "time": "2025-07-16T00:17:54.286126Z", "fetched_at": "2025-07-16T00:20:19.388873+00:00", "symbol": "ADA-USD"}, {"trade_id": 143787363, "side": "sell", "size": "152.24901000", "price": "0.74460000", "time": "2025-07-16T00:17:54.285582Z", "fetched_at": "2025-07-16T00:20:19.388873+00:00", "symbol": "ADA-USD"}, {"trade_id": 143787362, "side": "sell", "size": "5017.50000000", "price": "0.74450000", "time": "2025-07-16T00:17:54.254695Z", "fetched_at": "2025-07-16T00:20:19.388873+00:00", "symbol": "ADA-USD"}, {"trade_id": 143787361, "side": "sell", "size": "1.50000000", "price": "0.74450000", "time": "2025-07-16T00:17:54.254695Z", "fetched_at": "2025-07-16T00:20:19.388873+00:00", "symbol": "ADA-USD"}, {"trade_id": 143787360, "side": "sell", "size": "43.53438309", "price": "0.74450000", "time": "2025-07-16T00:17:54.254695Z", "fetched_at": "2025-07-16T00:20:19.388873+00:00", "symbol": "ADA-USD"}, {"trade_id": 143787359, "side": "sell", "size": "594.00000000", "price": "0.74450000", "time": "2025-07-16T00:17:54.254695Z", "fetched_at": "2025-07-16T00:20:19.388873+00:00", "symbol": "ADA-USD"}, {"trade_id": 143787358, "side": "buy", "size": "36.09284669", "price": "0.74440000", "time": "2025-07-16T00:17:54.086930Z", "fetched_at": "2025-07-16T00:20:19.388873+00:00", "symbol": "ADA-USD"}, {"trade_id": 143787357, "side": "sell", "size": "1.50000000", "price": "0.74440000", "time": "2025-07-16T00:17:45.360006Z", "fetched_at": "2025-07-16T00:20:19.388873+00:00", "symbol": "ADA-USD"}, {"trade_id": 143787356, "side": "sell", "size": "28.82341758", "price": "0.74440000", "time": "2025-07-16T00:17:45.360006Z", "fetched_at": "2025-07-16T00:20:19.388873+00:00", "symbol": "ADA-USD"}, {"trade_id": 143787355, "side": "buy", "size": "23.37255477", "price": "0.74430000", "time": "2025-07-16T00:17:45.278683Z", "fetched_at": "2025-07-16T00:20:19.388873+00:00", "symbol": "ADA-USD"}, {"trade_id": 143787354, "side": "sell", "size": "1.50000000", "price": "0.74430000", "time": "2025-07-16T00:17:45.272175Z", "fetched_at": "2025-07-16T00:20:19.388873+00:00", "symbol": "ADA-USD"}, {"trade_id": 143787353, "side": "sell", "size": "594.00000000", "price": "0.74430000", "time": "2025-07-16T00:17:45.272175Z", "fetched_at": "2025-07-16T00:20:19.388873+00:00", "symbol": "ADA-USD"}, {"trade_id": 143787352, "side": "sell", "size": "2.38610855", "price": "0.74420000", "time": "2025-07-16T00:17:45.102071Z", "fetched_at": "2025-07-16T00:20:19.388873+00:00", "symbol": "ADA-USD"}, {"trade_id": 143787351, "side": "sell", "size": "15.29663146", "price": "0.74410000", "time": "2025-07-16T00:17:44.733413Z", "fetched_at": "2025-07-16T00:20:19.388873+00:00", "symbol": "ADA-USD"}, {"trade_id": 143787350, "side": "sell", "size": "172.75024956", "price": "0.74420000", "time": "2025-07-16T00:17:44.222629Z", "fetched_at": "2025-07-16T00:20:19.388873+00:00", "symbol": "ADA-USD"}, {"trade_id": 143787349, "side": "sell", "size": "1.50000000", "price": "0.74420000", "time": "2025-07-16T00:17:44.222629Z", "fetched_at": "2025-07-16T00:20:19.388873+00:00", "symbol": "ADA-USD"}, {"trade_id": 143787348, "side": "sell", "size": "500.00000000", "price": "0.74420000", "time": "2025-07-16T00:17:44.222629Z", "fetched_at": "2025-07-16T00:20:19.388873+00:00", "symbol": "ADA-USD"}, {"trade_id": 143787347, "side": "sell", "size": "594.00000000", "price": "0.74420000", "time": "2025-07-16T00:17:44.222629Z", "fetched_at": "2025-07-16T00:20:19.388873+00:00", "symbol": "ADA-USD"}, {"trade_id": 143787346, "side": "sell", "size": "62.57378544", "price": "0.74410000", "time": "2025-07-16T00:17:44.222629Z", "fetched_at": "2025-07-16T00:20:19.388873+00:00", "symbol": "ADA-USD"}, {"trade_id": 143787345, "side": "buy", "size": "67.99020000", "price": "0.74400000", "time": "2025-07-16T00:17:44.013913Z", "fetched_at": "2025-07-16T00:20:19.388873+00:00", "symbol": "ADA-USD"}, {"trade_id": 143787344, "side": "sell", "size": "174.76090081", "price": "0.74390000", "time": "2025-07-16T00:17:43.940158Z", "fetched_at": "2025-07-16T00:20:19.388873+00:00", "symbol": "ADA-USD"}, {"trade_id": 143787343, "side": "sell", "size": "174.76090081", "price": "0.74390000", "time": "2025-07-16T00:17:43.930201Z", "fetched_at": "2025-07-16T00:20:19.388873+00:00", "symbol": "ADA-USD"}, {"trade_id": 143787342, "side": "buy", "size": "45.21022000", "price": "0.74380000", "time": "2025-07-16T00:17:43.772306Z", "fetched_at": "2025-07-16T00:20:19.388873+00:00", "symbol": "ADA-USD"}, {"trade_id": 143787341, "side": "sell", "size": "39.82054039", "price": "0.74390000", "time": "2025-07-16T00:17:43.680360Z", "fetched_at": "2025-07-16T00:20:19.388873+00:00", "symbol": "ADA-USD"}, {"trade_id": 143787340, "side": "buy", "size": "577.00165875", "price": "0.74380000", "time": "2025-07-16T00:17:43.339892Z", "fetched_at": "2025-07-16T00:20:19.388873+00:00", "symbol": "ADA-USD"}, {"trade_id": 143787339, "side": "buy", "size": "31.43834125", "price": "0.74380000", "time": "2025-07-16T00:17:43.339892Z", "fetched_at": "2025-07-16T00:20:19.388873+00:00", "symbol": "ADA-USD"}, {"trade_id": 143787338, "side": "sell", "size": "680.02589786", "price": "0.74380000", "time": "2025-07-16T00:17:40.232352Z", "fetched_at": "2025-07-16T00:20:19.388873+00:00", "symbol": "ADA-USD"}, {"trade_id": 143787337, "side": "sell", "size": "2.60736400", "price": "0.74380000", "time": "2025-07-16T00:17:38.965946Z", "fetched_at": "2025-07-16T00:20:19.388873+00:00", "symbol": "ADA-USD"}, {"trade_id": 143787336, "side": "sell", "size": "179.75813549", "price": "0.74380000", "time": "2025-07-16T00:17:38.875189Z", "fetched_at": "2025-07-16T00:20:19.388873+00:00", "symbol": "ADA-USD"}, {"trade_id": 143787335, "side": "sell", "size": "318.36768151", "price": "0.74380000", "time": "2025-07-16T00:17:38.875189Z", "fetched_at": "2025-07-16T00:20:19.388873+00:00", "symbol": "ADA-USD"}, {"trade_id": 143787334, "side": "sell", "size": "272.99478126", "price": "0.74380000", "time": "2025-07-16T00:17:38.500558Z", "fetched_at": "2025-07-16T00:20:19.388873+00:00", "symbol": "ADA-USD"}, {"trade_id": 143787333, "side": "sell", "size": "716.54452000", "price": "0.74380000", "time": "2025-07-16T00:17:38.435612Z", "fetched_at": "2025-07-16T00:20:19.388873+00:00", "symbol": "ADA-USD"}, {"trade_id": 143787332, "side": "sell", "size": "231.49164000", "price": "0.74380000", "time": "2025-07-16T00:17:38.435612Z", "fetched_at": "2025-07-16T00:20:19.388873+00:00", "symbol": "ADA-USD"}, {"trade_id": 143787331, "side": "buy", "size": "1051.73312279", "price": "0.74370000", "time": "2025-07-16T00:17:38.427949Z", "fetched_at": "2025-07-16T00:20:19.388873+00:00", "symbol": "ADA-USD"}, {"trade_id": 143787330, "side": "buy", "size": "677.98605473", "price": "0.74370000", "time": "2025-07-16T00:17:38.427949Z", "fetched_at": "2025-07-16T00:20:19.388873+00:00", "symbol": "ADA-USD"}, {"trade_id": 143787329, "side": "buy", "size": "672.31375459", "price": "0.74370000", "time": "2025-07-16T00:17:38.427949Z", "fetched_at": "2025-07-16T00:20:19.388873+00:00", "symbol": "ADA-USD"}, {"trade_id": 143787328, "side": "buy", "size": "1.50000000", "price": "0.74370000", "time": "2025-07-16T00:17:38.427949Z", "fetched_at": "2025-07-16T00:20:19.388873+00:00", "symbol": "ADA-USD"}, {"trade_id": 143787327, "side": "buy", "size": "77.12162320", "price": "0.74370000", "time": "2025-07-16T00:17:38.427949Z", "fetched_at": "2025-07-16T00:20:19.388873+00:00", "symbol": "ADA-USD"}, {"trade_id": 143787326, "side": "buy", "size": "26.17585669", "price": "0.74380000", "time": "2025-07-16T00:17:38.427949Z", "fetched_at": "2025-07-16T00:20:19.388873+00:00", "symbol": "ADA-USD"}, {"trade_id": 143787325, "side": "sell", "size": "32.64087100", "price": "0.74390000", "time": "2025-07-16T00:17:36.871717Z", "fetched_at": "2025-07-16T00:20:19.388873+00:00", "symbol": "ADA-USD"}, {"trade_id": 143787324, "side": "sell", "size": "176.24910000", "price": "0.74390000", "time": "2025-07-16T00:17:35.745998Z", "fetched_at": "2025-07-16T00:20:19.388873+00:00", "symbol": "ADA-USD"}, {"trade_id": 143787323, "side": "buy", "size": "1.50000000", "price": "0.74380000", "time": "2025-07-16T00:17:35.744607Z", "fetched_at": "2025-07-16T00:20:19.388873+00:00", "symbol": "ADA-USD"}, {"trade_id": 143787322, "side": "buy", "size": "0.00000189", "price": "0.74390000", "time": "2025-07-16T00:17:35.741449Z", "fetched_at": "2025-07-16T00:20:19.388873+00:00", "symbol": "ADA-USD"}, {"trade_id": 143787321, "side": "buy", "size": "174.74910000", "price": "0.74390000", "time": "2025-07-16T00:17:35.741211Z", "fetched_at": "2025-07-16T00:20:19.388873+00:00", "symbol": "ADA-USD"}, {"trade_id": 143787320, "side": "buy", "size": "1.50000000", "price": "0.74390000", "time": "2025-07-16T00:17:35.741211Z", "fetched_at": "2025-07-16T00:20:19.388873+00:00", "symbol": "ADA-USD"}, {"trade_id": 143787319, "side": "buy", "size": "174.72561411", "price": "0.74400000", "time": "2025-07-16T00:17:34.744287Z", "fetched_at": "2025-07-16T00:20:19.388873+00:00", "symbol": "ADA-USD"}, {"trade_id": 143787318, "side": "buy", "size": "500.00000000", "price": "0.74400000", "time": "2025-07-16T00:17:34.744287Z", "fetched_at": "2025-07-16T00:20:19.388873+00:00", "symbol": "ADA-USD"}, {"trade_id": 143787317, "side": "buy", "size": "1.50000000", "price": "0.74400000", "time": "2025-07-16T00:17:34.744287Z", "fetched_at": "2025-07-16T00:20:19.388873+00:00", "symbol": "ADA-USD"}, {"trade_id": 143787316, "side": "sell", "size": "19.73881500", "price": "0.74410000", "time": "2025-07-16T00:17:34.723618Z", "fetched_at": "2025-07-16T00:20:19.388873+00:00", "symbol": "ADA-USD"}, {"trade_id": 143787315, "side": "sell", "size": "231.49164000", "price": "0.74410000", "time": "2025-07-16T00:17:34.030471Z", "fetched_at": "2025-07-16T00:20:19.388873+00:00", "symbol": "ADA-USD"}, {"trade_id": 143787314, "side": "buy", "size": "112.40820000", "price": "0.74410000", "time": "2025-07-16T00:17:33.394611Z", "fetched_at": "2025-07-16T00:20:19.388873+00:00", "symbol": "ADA-USD"}, {"trade_id": 143787313, "side": "sell", "size": "231.49164000", "price": "0.74410000", "time": "2025-07-16T00:17:32.645511Z", "fetched_at": "2025-07-16T00:20:19.388873+00:00", "symbol": "ADA-USD"}, {"trade_id": 143787312, "side": "sell", "size": "623.00673386", "price": "0.74410000", "time": "2025-07-16T00:17:32.479628Z", "fetched_at": "2025-07-16T00:20:19.388873+00:00", "symbol": "ADA-USD"}, {"trade_id": 143787311, "side": "sell", "size": "672.61727912", "price": "0.74420000", "time": "2025-07-16T00:17:27.690127Z", "fetched_at": "2025-07-16T00:20:19.388873+00:00", "symbol": "ADA-USD"}, {"trade_id": 143787310, "side": "sell", "size": "619.86348917", "price": "0.74430000", "time": "2025-07-16T00:17:22.438422Z", "fetched_at": "2025-07-16T00:20:19.388873+00:00", "symbol": "ADA-USD"}, {"trade_id": 143787309, "side": "sell", "size": "1.50000000", "price": "0.74430000", "time": "2025-07-16T00:17:22.438422Z", "fetched_at": "2025-07-16T00:20:19.388873+00:00", "symbol": "ADA-USD"}, {"trade_id": 143787308, "side": "sell", "size": "31.54164383", "price": "0.74430000", "time": "2025-07-16T00:17:22.438422Z", "fetched_at": "2025-07-16T00:20:19.388873+00:00", "symbol": "ADA-USD"}, {"trade_id": 143787307, "side": "sell", "size": "231.49164000", "price": "0.74420000", "time": "2025-07-16T00:17:20.126254Z", "fetched_at": "2025-07-16T00:20:19.388873+00:00", "symbol": "ADA-USD"}, {"trade_id": 143787306, "side": "buy", "size": "806.67989107", "price": "0.74420000", "time": "2025-07-16T00:17:19.811027Z", "fetched_at": "2025-07-16T00:20:19.388873+00:00", "symbol": "ADA-USD"}, {"trade_id": 143787305, "side": "buy", "size": "223.48516000", "price": "0.74420000", "time": "2025-07-16T00:17:19.811027Z", "fetched_at": "2025-07-16T00:20:19.388873+00:00", "symbol": "ADA-USD"}, {"trade_id": 143787304, "side": "buy", "size": "28.55229693", "price": "0.74420000", "time": "2025-07-16T00:17:19.811027Z", "fetched_at": "2025-07-16T00:20:19.388873+00:00", "symbol": "ADA-USD"}, {"trade_id": 143787303, "side": "sell", "size": "39.49776388", "price": "0.74420000", "time": "2025-07-16T00:17:19.494994Z", "fetched_at": "2025-07-16T00:20:19.388873+00:00", "symbol": "ADA-USD"}, {"trade_id": 143787302, "side": "sell", "size": "1.50000000", "price": "0.74420000", "time": "2025-07-16T00:17:19.494994Z", "fetched_at": "2025-07-16T00:20:19.388873+00:00", "symbol": "ADA-USD"}, {"trade_id": 143787301, "side": "sell", "size": "2.22231433", "price": "0.74410000", "time": "2025-07-16T00:17:18.203567Z", "fetched_at": "2025-07-16T00:20:19.388873+00:00", "symbol": "ADA-USD"}, {"trade_id": 143787300, "side": "sell", "size": "2.22231433", "price": "0.74410000", "time": "2025-07-16T00:17:18.191691Z", "fetched_at": "2025-07-16T00:20:19.388873+00:00", "symbol": "ADA-USD"}, {"trade_id": 143787299, "side": "sell", "size": "231.49164000", "price": "0.74410000", "time": "2025-07-16T00:17:18.179842Z", "fetched_at": "2025-07-16T00:20:19.388873+00:00", "symbol": "ADA-USD"}, {"trade_id": 143787298, "side": "sell", "size": "15.47565417", "price": "0.74410000", "time": "2025-07-16T00:17:16.150930Z", "fetched_at": "2025-07-16T00:20:19.388873+00:00", "symbol": "ADA-USD"}, {"trade_id": 143787297, "side": "sell", "size": "544.36076655", "price": "0.74410000", "time": "2025-07-16T00:17:12.001426Z", "fetched_at": "2025-07-16T00:20:19.388873+00:00", "symbol": "ADA-USD"}, {"trade_id": 143787296, "side": "sell", "size": "140.70725565", "price": "0.74410000", "time": "2025-07-16T00:17:12.001426Z", "fetched_at": "2025-07-16T00:20:19.388873+00:00", "symbol": "ADA-USD"}, {"trade_id": 143787295, "side": "sell", "size": "12.37572565", "price": "0.74410000", "time": "2025-07-16T00:17:12.001426Z", "fetched_at": "2025-07-16T00:20:19.388873+00:00", "symbol": "ADA-USD"}, {"trade_id": 143787294, "side": "sell", "size": "174.71376724", "price": "0.74400000", "time": "2025-07-16T00:17:09.202734Z", "fetched_at": "2025-07-16T00:20:19.388873+00:00", "symbol": "ADA-USD"}, {"trade_id": 143787293, "side": "buy", "size": "68.59521605", "price": "0.74400000", "time": "2025-07-16T00:17:05.336691Z", "fetched_at": "2025-07-16T00:20:19.388873+00:00", "symbol": "ADA-USD"}, {"trade_id": 143787292, "side": "buy", "size": "105.62718200", "price": "0.74400000", "time": "2025-07-16T00:17:03.529924Z", "fetched_at": "2025-07-16T00:20:19.388873+00:00", "symbol": "ADA-USD"}, {"trade_id": 143787291, "side": "sell", "size": "63.17311372", "price": "0.74410000", "time": "2025-07-16T00:17:01.057346Z", "fetched_at": "2025-07-16T00:20:19.388873+00:00", "symbol": "ADA-USD"}, {"trade_id": 143787290, "side": "sell", "size": "0.56478928", "price": "0.74410000", "time": "2025-07-16T00:17:01.057346Z", "fetched_at": "2025-07-16T00:20:19.388873+00:00", "symbol": "ADA-USD"}, {"trade_id": 143787289, "side": "buy", "size": "160.78934102", "price": "0.74400000", "time": "2025-07-16T00:17:00.862907Z", "fetched_at": "2025-07-16T00:20:19.388873+00:00", "symbol": "ADA-USD"}, {"trade_id": 143787288, "side": "buy", "size": "39.21065898", "price": "0.74400000", "time": "2025-07-16T00:17:00.862907Z", "fetched_at": "2025-07-16T00:20:19.388873+00:00", "symbol": "ADA-USD"}, {"trade_id": 143787287, "side": "sell", "size": "0.40018700", "price": "0.74410000", "time": "2025-07-16T00:16:56.313161Z", "fetched_at": "2025-07-16T00:20:19.388873+00:00", "symbol": "ADA-USD"}, {"trade_id": 143787286, "side": "sell", "size": "231.49164000", "price": "0.74400000", "time": "2025-07-16T00:16:55.774527Z", "fetched_at": "2025-07-16T00:20:19.388873+00:00", "symbol": "ADA-USD"}, {"trade_id": 143787285, "side": "sell", "size": "0.53502372", "price": "0.74410000", "time": "2025-07-16T00:16:54.768303Z", "fetched_at": "2025-07-16T00:20:19.388873+00:00", "symbol": "ADA-USD"}, {"trade_id": 143787284, "side": "sell", "size": "23.47518996", "price": "0.74410000", "time": "2025-07-16T00:16:54.768303Z", "fetched_at": "2025-07-16T00:20:19.388873+00:00", "symbol": "ADA-USD"}, {"trade_id": 143787283, "side": "sell", "size": "101.16965000", "price": "0.74400000", "time": "2025-07-16T00:16:51.934413Z", "fetched_at": "2025-07-16T00:20:19.388873+00:00", "symbol": "ADA-USD"}, {"trade_id": 143787282, "side": "sell", "size": "231.49164000", "price": "0.74400000", "time": "2025-07-16T00:16:51.934413Z", "fetched_at": "2025-07-16T00:20:19.388873+00:00", "symbol": "ADA-USD"}, {"trade_id": 143787281, "side": "sell", "size": "623.97711254", "price": "0.74400000", "time": "2025-07-16T00:16:51.712885Z", "fetched_at": "2025-07-16T00:20:19.388873+00:00", "symbol": "ADA-USD"}, {"trade_id": 143787280, "side": "sell", "size": "594.00000000", "price": "0.74400000", "time": "2025-07-16T00:16:50.147505Z", "fetched_at": "2025-07-16T00:20:19.388873+00:00", "symbol": "ADA-USD"}, {"trade_id": 143787279, "side": "sell", "size": "72.39071968", "price": "0.74390000", "time": "2025-07-16T00:16:48.790773Z", "fetched_at": "2025-07-16T00:20:19.388873+00:00", "symbol": "ADA-USD"}, {"trade_id": 143787278, "side": "sell", "size": "703.47976410", "price": "0.74400000", "time": "2025-07-16T00:16:47.485485Z", "fetched_at": "2025-07-16T00:20:19.388873+00:00", "symbol": "ADA-USD"}, {"trade_id": 143787277, "side": "sell", "size": "24.73885906", "price": "0.74400000", "time": "2025-07-16T00:16:47.485485Z", "fetched_at": "2025-07-16T00:20:19.388873+00:00", "symbol": "ADA-USD"}, {"trade_id": 143787276, "side": "sell", "size": "1.50000000", "price": "0.74400000", "time": "2025-07-16T00:16:47.485485Z", "fetched_at": "2025-07-16T00:20:19.388873+00:00", "symbol": "ADA-USD"}, {"trade_id": 143787275, "side": "sell", "size": "231.49164000", "price": "0.74380000", "time": "2025-07-16T00:16:42.126599Z", "fetched_at": "2025-07-16T00:20:19.388873+00:00", "symbol": "ADA-USD"}, {"trade_id": 143787274, "side": "buy", "size": "55.87904125", "price": "0.74380000", "time": "2025-07-16T00:16:41.827985Z", "fetched_at": "2025-07-16T00:20:19.388873+00:00", "symbol": "ADA-USD"}, {"trade_id": 143787273, "side": "buy", "size": "223.48516000", "price": "0.74380000", "time": "2025-07-16T00:16:41.827985Z", "fetched_at": "2025-07-16T00:20:19.388873+00:00", "symbol": "ADA-USD"}, {"trade_id": 143787272, "side": "buy", "size": "223.48516000", "price": "0.74390000", "time": "2025-07-16T00:16:41.827985Z", "fetched_at": "2025-07-16T00:20:19.388873+00:00", "symbol": "ADA-USD"}, {"trade_id": 143787271, "side": "buy", "size": "28.15063875", "price": "0.74390000", "time": "2025-07-16T00:16:41.827985Z", "fetched_at": "2025-07-16T00:20:19.388873+00:00", "symbol": "ADA-USD"}, {"trade_id": 143787270, "side": "sell", "size": "734.53781384", "price": "0.74390000", "time": "2025-07-16T00:16:41.716132Z", "fetched_at": "2025-07-16T00:20:19.388873+00:00", "symbol": "ADA-USD"}, {"trade_id": 143787269, "side": "sell", "size": "116.04858324", "price": "0.74390000", "time": "2025-07-16T00:16:37.820094Z", "fetched_at": "2025-07-16T00:20:19.388873+00:00", "symbol": "ADA-USD"}, {"trade_id": 143787268, "side": "sell", "size": "1.50000000", "price": "0.74390000", "time": "2025-07-16T00:16:37.820094Z", "fetched_at": "2025-07-16T00:20:19.388873+00:00", "symbol": "ADA-USD"}, {"trade_id": 143787267, "side": "sell", "size": "19.39094061", "price": "0.74390000", "time": "2025-07-16T00:16:37.820094Z", "fetched_at": "2025-07-16T00:20:19.388873+00:00", "symbol": "ADA-USD"}, {"trade_id": 143787266, "side": "sell", "size": "1.50000000", "price": "0.74380000", "time": "2025-07-16T00:16:37.348220Z", "fetched_at": "2025-07-16T00:20:19.388873+00:00", "symbol": "ADA-USD"}, {"trade_id": 143787265, "side": "sell", "size": "15.33538192", "price": "0.74380000", "time": "2025-07-16T00:16:37.348220Z", "fetched_at": "2025-07-16T00:20:19.388873+00:00", "symbol": "ADA-USD"}, {"trade_id": 143787264, "side": "sell", "size": "155.03797996", "price": "0.74380000", "time": "2025-07-16T00:16:37.348220Z", "fetched_at": "2025-07-16T00:20:19.388873+00:00", "symbol": "ADA-USD"}, {"trade_id": 143787263, "side": "sell", "size": "2.66507200", "price": "0.74380000", "time": "2025-07-16T00:16:36.255330Z", "fetched_at": "2025-07-16T00:20:19.388873+00:00", "symbol": "ADA-USD"}, {"trade_id": 143787262, "side": "sell", "size": "1.50000000", "price": "0.74370000", "time": "2025-07-16T00:16:35.888553Z", "fetched_at": "2025-07-16T00:20:19.388873+00:00", "symbol": "ADA-USD"}, {"trade_id": 143787261, "side": "sell", "size": "24.85285419", "price": "0.74370000", "time": "2025-07-16T00:16:35.888553Z", "fetched_at": "2025-07-16T00:20:19.388873+00:00", "symbol": "ADA-USD"}, {"trade_id": 143787260, "side": "sell", "size": "1.50000000", "price": "0.74360000", "time": "2025-07-16T00:16:34.577750Z", "fetched_at": "2025-07-16T00:20:19.388873+00:00", "symbol": "ADA-USD"}, {"trade_id": 143787259, "side": "sell", "size": "50.37119540", "price": "0.74360000", "time": "2025-07-16T00:16:34.577750Z", "fetched_at": "2025-07-16T00:20:19.388873+00:00", "symbol": "ADA-USD"}, {"trade_id": 143787258, "side": "sell", "size": "1.50000000", "price": "0.74350000", "time": "2025-07-16T00:16:33.494667Z", "fetched_at": "2025-07-16T00:20:19.388873+00:00", "symbol": "ADA-USD"}, {"trade_id": 143787257, "side": "sell", "size": "3.24745208", "price": "0.74340000", "time": "2025-07-16T00:16:32.688921Z", "fetched_at": "2025-07-16T00:20:19.388873+00:00", "symbol": "ADA-USD"}, {"trade_id": 143787256, "side": "sell", "size": "1.50000000", "price": "0.74340000", "time": "2025-07-16T00:16:32.503634Z", "fetched_at": "2025-07-16T00:20:19.388873+00:00", "symbol": "ADA-USD"}, {"trade_id": 143787255, "side": "sell", "size": "594.00000000", "price": "0.74330000", "time": "2025-07-16T00:16:32.382408Z", "fetched_at": "2025-07-16T00:20:19.388873+00:00", "symbol": "ADA-USD"}, {"trade_id": 143787254, "side": "sell", "size": "18.16487153", "price": "0.74330000", "time": "2025-07-16T00:16:32.382408Z", "fetched_at": "2025-07-16T00:20:19.388873+00:00", "symbol": "ADA-USD"}, {"trade_id": 143787253, "side": "sell", "size": "1.50000000", "price": "0.74330000", "time": "2025-07-16T00:16:32.382408Z", "fetched_at": "2025-07-16T00:20:19.388873+00:00", "symbol": "ADA-USD"}, {"trade_id": 143787252, "side": "sell", "size": "140.18986342", "price": "0.74320000", "time": "2025-07-16T00:16:31.143032Z", "fetched_at": "2025-07-16T00:20:19.388873+00:00", "symbol": "ADA-USD"}, {"trade_id": 143787251, "side": "sell", "size": "191.42511931", "price": "0.74320000", "time": "2025-07-16T00:16:31.143032Z", "fetched_at": "2025-07-16T00:20:19.388873+00:00", "symbol": "ADA-USD"}, {"trade_id": 143787250, "side": "sell", "size": "1.50000000", "price": "0.74320000", "time": "2025-07-16T00:16:31.143032Z", "fetched_at": "2025-07-16T00:20:19.388873+00:00", "symbol": "ADA-USD"}, {"trade_id": 143787249, "side": "sell", "size": "1.50000000", "price": "0.74310000", "time": "2025-07-16T00:16:29.176242Z", "fetched_at": "2025-07-16T00:20:19.388873+00:00", "symbol": "ADA-USD"}, {"trade_id": 143787248, "side": "buy", "size": "54.42543500", "price": "0.74300000", "time": "2025-07-16T00:16:29.020469Z", "fetched_at": "2025-07-16T00:20:19.388873+00:00", "symbol": "ADA-USD"}, {"trade_id": 143787247, "side": "sell", "size": "1.50000000", "price": "0.74300000", "time": "2025-07-16T00:16:28.515816Z", "fetched_at": "2025-07-16T00:20:19.388873+00:00", "symbol": "ADA-USD"}, {"trade_id": 143787246, "side": "sell", "size": "1.50000000", "price": "0.74290000", "time": "2025-07-16T00:16:27.659103Z", "fetched_at": "2025-07-16T00:20:19.388873+00:00", "symbol": "ADA-USD"}, {"trade_id": 143787245, "side": "sell", "size": "1.50000000", "price": "0.74280000", "time": "2025-07-16T00:16:24.570754Z", "fetched_at": "2025-07-16T00:20:19.388873+00:00", "symbol": "ADA-USD"}, {"trade_id": 143787244, "side": "sell", "size": "1.50000000", "price": "0.74270000", "time": "2025-07-16T00:16:22.825527Z", "fetched_at": "2025-07-16T00:20:19.388873+00:00", "symbol": "ADA-USD"}, {"trade_id": 143787243, "side": "sell", "size": "794.19116899", "price": "0.74260000", "time": "2025-07-16T00:16:22.720609Z", "fetched_at": "2025-07-16T00:20:19.388873+00:00", "symbol": "ADA-USD"}, {"trade_id": 143787242, "side": "sell", "size": "1.50000000", "price": "0.74260000", "time": "2025-07-16T00:16:22.720609Z", "fetched_at": "2025-07-16T00:20:19.388873+00:00", "symbol": "ADA-USD"}, {"trade_id": 143787241, "side": "sell", "size": "1.50000000", "price": "0.74250000", "time": "2025-07-16T00:16:22.695219Z", "fetched_at": "2025-07-16T00:20:19.388873+00:00", "symbol": "ADA-USD"}, {"trade_id": 143787240, "side": "sell", "size": "2.44466185", "price": "0.74240000", "time": "2025-07-16T00:16:20.419903Z", "fetched_at": "2025-07-16T00:20:19.388873+00:00", "symbol": "ADA-USD"}, {"trade_id": 143787239, "side": "sell", "size": "130.26634556", "price": "0.74240000", "time": "2025-07-16T00:16:20.407567Z", "fetched_at": "2025-07-16T00:20:19.388873+00:00", "symbol": "ADA-USD"}, {"trade_id": 143787238, "side": "sell", "size": "108.77088104", "price": "0.74240000", "time": "2025-07-16T00:16:20.387973Z", "fetched_at": "2025-07-16T00:20:19.388873+00:00", "symbol": "ADA-USD"}, {"trade_id": 143787237, "side": "sell", "size": "97.94216187", "price": "0.74240000", "time": "2025-07-16T00:16:20.364844Z", "fetched_at": "2025-07-16T00:20:19.388873+00:00", "symbol": "ADA-USD"}, {"trade_id": 143787236, "side": "sell", "size": "97.36528361", "price": "0.74240000", "time": "2025-07-16T00:16:20.349779Z", "fetched_at": "2025-07-16T00:20:19.388873+00:00", "symbol": "ADA-USD"}, {"trade_id": 143787235, "side": "sell", "size": "1061.63544289", "price": "0.74240000", "time": "2025-07-16T00:16:20.319395Z", "fetched_at": "2025-07-16T00:20:19.388873+00:00", "symbol": "ADA-USD"}, {"trade_id": 143787234, "side": "sell", "size": "1.50000000", "price": "0.74240000", "time": "2025-07-16T00:16:20.319395Z", "fetched_at": "2025-07-16T00:20:19.388873+00:00", "symbol": "ADA-USD"}, {"trade_id": 143787233, "side": "sell", "size": "2.44668355", "price": "0.74230000", "time": "2025-07-16T00:16:20.260991Z", "fetched_at": "2025-07-16T00:20:19.388873+00:00", "symbol": "ADA-USD"}, {"trade_id": 143787232, "side": "sell", "size": "31.21352850", "price": "0.74220000", "time": "2025-07-16T00:16:14.358177Z", "fetched_at": "2025-07-16T00:20:19.388873+00:00", "symbol": "ADA-USD"}, {"trade_id": 143787231, "side": "sell", "size": "175.16110549", "price": "0.74220000", "time": "2025-07-16T00:16:13.642320Z", "fetched_at": "2025-07-16T00:20:19.388873+00:00", "symbol": "ADA-USD"}, {"trade_id": 143787230, "side": "sell", "size": "33.34231400", "price": "0.74210000", "time": "2025-07-16T00:16:09.065327Z", "fetched_at": "2025-07-16T00:20:19.388873+00:00", "symbol": "ADA-USD"}, {"trade_id": 143787229, "side": "sell", "size": "67.99020000", "price": "0.74210000", "time": "2025-07-16T00:16:07.487628Z", "fetched_at": "2025-07-16T00:20:19.388873+00:00", "symbol": "ADA-USD"}, {"trade_id": 143787228, "side": "buy", "size": "500.00000000", "price": "0.74210000", "time": "2025-07-16T00:16:07.368926Z", "fetched_at": "2025-07-16T00:20:19.388873+00:00", "symbol": "ADA-USD"}, {"trade_id": 143787227, "side": "buy", "size": "44.74908656", "price": "0.74210000", "time": "2025-07-16T00:16:07.368926Z", "fetched_at": "2025-07-16T00:20:19.388873+00:00", "symbol": "ADA-USD"}, {"trade_id": 143787226, "side": "buy", "size": "1.50000000", "price": "0.74210000", "time": "2025-07-16T00:16:07.368926Z", "fetched_at": "2025-07-16T00:20:19.388873+00:00", "symbol": "ADA-USD"}, {"trade_id": 143787225, "side": "buy", "size": "356.65555162", "price": "0.74210000", "time": "2025-07-16T00:16:07.368926Z", "fetched_at": "2025-07-16T00:20:19.388873+00:00", "symbol": "ADA-USD"}, {"trade_id": 143787224, "side": "buy", "size": "16.72504743", "price": "0.74210000", "time": "2025-07-16T00:16:07.064651Z", "fetched_at": "2025-07-16T00:20:19.388873+00:00", "symbol": "ADA-USD"}, {"trade_id": 143787223, "side": "sell", "size": "33.34231400", "price": "0.74220000", "time": "2025-07-16T00:16:06.487978Z", "fetched_at": "2025-07-16T00:20:19.388873+00:00", "symbol": "ADA-USD"}, {"trade_id": 143787222, "side": "buy", "size": "175.14936256", "price": "0.74220000", "time": "2025-07-16T00:16:01.847248Z", "fetched_at": "2025-07-16T00:20:19.388873+00:00", "symbol": "ADA-USD"}, {"trade_id": 143787221, "side": "buy", "size": "500.00000000", "price": "0.74220000", "time": "2025-07-16T00:16:01.847248Z", "fetched_at": "2025-07-16T00:20:19.388873+00:00", "symbol": "ADA-USD"}, {"trade_id": 143787220, "side": "sell", "size": "1.28034500", "price": "0.74230000", "time": "2025-07-16T00:15:57.692132Z", "fetched_at": "2025-07-16T00:20:19.388873+00:00", "symbol": "ADA-USD"}, {"trade_id": 143787219, "side": "sell", "size": "120.24000000", "price": "0.74240000", "time": "2025-07-16T00:15:53.256487Z", "fetched_at": "2025-07-16T00:20:19.388873+00:00", "symbol": "ADA-USD"}, {"trade_id": 143787218, "side": "buy", "size": "1.36885510", "price": "0.74230000", "time": "2025-07-16T00:15:51.444048Z", "fetched_at": "2025-07-16T00:20:19.388873+00:00", "symbol": "ADA-USD"}, {"trade_id": 143787217, "side": "buy", "size": "0.72332765", "price": "0.74220000", "time": "2025-07-16T00:15:46.240626Z", "fetched_at": "2025-07-16T00:20:19.388873+00:00", "symbol": "ADA-USD"}, {"trade_id": 143787216, "side": "buy", "size": "1.50000000", "price": "0.74220000", "time": "2025-07-16T00:15:46.240626Z", "fetched_at": "2025-07-16T00:20:19.388873+00:00", "symbol": "ADA-USD"}, {"trade_id": 143787215, "side": "buy", "size": "500.00000000", "price": "0.74230000", "time": "2025-07-16T00:15:44.970815Z", "fetched_at": "2025-07-16T00:20:19.388873+00:00", "symbol": "ADA-USD"}, {"trade_id": 143787214, "side": "buy", "size": "115.54128218", "price": "0.74230000", "time": "2025-07-16T00:15:44.970815Z", "fetched_at": "2025-07-16T00:20:19.388873+00:00", "symbol": "ADA-USD"}, {"trade_id": 143787213, "side": "sell", "size": "1.19739300", "price": "0.74250000", "time": "2025-07-16T00:15:40.163608Z", "fetched_at": "2025-07-16T00:20:19.388873+00:00", "symbol": "ADA-USD"}, {"trade_id": 143787212, "side": "sell", "size": "65.24609323", "price": "0.74240000", "time": "2025-07-16T00:15:39.399546Z", "fetched_at": "2025-07-16T00:20:19.388873+00:00", "symbol": "ADA-USD"}, {"trade_id": 143787211, "side": "sell", "size": "43.10890325", "price": "0.74260000", "time": "2025-07-16T00:15:38.221417Z", "fetched_at": "2025-07-16T00:20:19.388873+00:00", "symbol": "ADA-USD"}, {"trade_id": 143787210, "side": "sell", "size": "1.50000000", "price": "0.74260000", "time": "2025-07-16T00:15:38.221417Z", "fetched_at": "2025-07-16T00:20:19.388873+00:00", "symbol": "ADA-USD"}, {"trade_id": 143787209, "side": "sell", "size": "594.00000000", "price": "0.74260000", "time": "2025-07-16T00:15:38.221417Z", "fetched_at": "2025-07-16T00:20:19.388873+00:00", "symbol": "ADA-USD"}, {"trade_id": 143787208, "side": "sell", "size": "591.65171457", "price": "0.74250000", "time": "2025-07-16T00:15:38.221417Z", "fetched_at": "2025-07-16T00:20:19.388873+00:00", "symbol": "ADA-USD"}, {"trade_id": 143787207, "side": "sell", "size": "594.85300524", "price": "0.74250000", "time": "2025-07-16T00:15:38.221417Z", "fetched_at": "2025-07-16T00:20:19.388873+00:00", "symbol": "ADA-USD"}, {"trade_id": 143787206, "side": "sell", "size": "175.11387594", "price": "0.74240000", "time": "2025-07-16T00:15:38.221417Z", "fetched_at": "2025-07-16T00:20:19.388873+00:00", "symbol": "ADA-USD"}, {"trade_id": 143787205, "side": "buy", "size": "67.99020000", "price": "0.74240000", "time": "2025-07-16T00:15:37.478682Z", "fetched_at": "2025-07-16T00:20:19.388873+00:00", "symbol": "ADA-USD"}, {"trade_id": 143787204, "side": "buy", "size": "0.72332765", "price": "0.74230000", "time": "2025-07-16T00:15:36.751753Z", "fetched_at": "2025-07-16T00:20:19.388873+00:00", "symbol": "ADA-USD"}, {"trade_id": 143787203, "side": "buy", "size": "1.50000000", "price": "0.74230000", "time": "2025-07-16T00:15:36.751753Z", "fetched_at": "2025-07-16T00:20:19.388873+00:00", "symbol": "ADA-USD"}, {"trade_id": 143787202, "side": "buy", "size": "50.00000000", "price": "0.74240000", "time": "2025-07-16T00:15:29.508614Z", "fetched_at": "2025-07-16T00:20:19.388873+00:00", "symbol": "ADA-USD"}, {"trade_id": 143787201, "side": "buy", "size": "683.27295986", "price": "0.74240000", "time": "2025-07-16T00:15:29.508614Z", "fetched_at": "2025-07-16T00:20:19.388873+00:00", "symbol": "ADA-USD"}, {"trade_id": 143787200, "side": "buy", "size": "500.00000000", "price": "0.74240000", "time": "2025-07-16T00:15:29.508614Z", "fetched_at": "2025-07-16T00:20:19.388873+00:00", "symbol": "ADA-USD"}, {"trade_id": 143787199, "side": "buy", "size": "1.50000000", "price": "0.74240000", "time": "2025-07-16T00:15:29.508614Z", "fetched_at": "2025-07-16T00:20:19.388873+00:00", "symbol": "ADA-USD"}, {"trade_id": 143787198, "side": "buy", "size": "175.07859515", "price": "0.74250000", "time": "2025-07-16T00:15:29.508614Z", "fetched_at": "2025-07-16T00:20:19.388873+00:00", "symbol": "ADA-USD"}, {"trade_id": 143787197, "side": "sell", "size": "85.11189838", "price": "0.74260000", "time": "2025-07-16T00:15:22.360328Z", "fetched_at": "2025-07-16T00:20:19.388873+00:00", "symbol": "ADA-USD"}, {"trade_id": 143787196, "side": "sell", "size": "646.41984823", "price": "0.74250000", "time": "2025-07-16T00:15:18.731647Z", "fetched_at": "2025-07-16T00:20:19.388873+00:00", "symbol": "ADA-USD"}, {"trade_id": 143787195, "side": "sell", "size": "2134.73516928", "price": "0.74250000", "time": "2025-07-16T00:15:18.731167Z", "fetched_at": "2025-07-16T00:20:19.388873+00:00", "symbol": "ADA-USD"}, {"trade_id": 143787194, "side": "sell", "size": "841.64114335", "price": "0.74250000", "time": "2025-07-16T00:15:18.699343Z", "fetched_at": "2025-07-16T00:20:19.388873+00:00", "symbol": "ADA-USD"}, {"trade_id": 143787193, "side": "sell", "size": "104.03581762", "price": "0.74250000", "time": "2025-07-16T00:15:18.688879Z", "fetched_at": "2025-07-16T00:20:19.388873+00:00", "symbol": "ADA-USD"}, {"trade_id": 143787192, "side": "sell", "size": "312.12003098", "price": "0.74250000", "time": "2025-07-16T00:15:18.617168Z", "fetched_at": "2025-07-16T00:20:19.388873+00:00", "symbol": "ADA-USD"}, {"trade_id": 143787191, "side": "sell", "size": "861.10107161", "price": "0.74250000", "time": "2025-07-16T00:15:18.607113Z", "fetched_at": "2025-07-16T00:20:19.388873+00:00", "symbol": "ADA-USD"}, {"trade_id": 143787190, "side": "sell", "size": "5546.23237893", "price": "0.74250000", "time": "2025-07-16T00:15:18.599729Z", "fetched_at": "2025-07-16T00:20:19.388873+00:00", "symbol": "ADA-USD"}, {"trade_id": 143787189, "side": "sell", "size": "125.38853734", "price": "0.74250000", "time": "2025-07-16T00:15:18.599729Z", "fetched_at": "2025-07-16T00:20:19.388873+00:00", "symbol": "ADA-USD"}, {"trade_id": 143787188, "side": "sell", "size": "6.66576900", "price": "0.74250000", "time": "2025-07-16T00:15:17.746706Z", "fetched_at": "2025-07-16T00:20:19.388873+00:00", "symbol": "ADA-USD"}, {"trade_id": 143787187, "side": "buy", "size": "5.14769785", "price": "0.74250000", "time": "2025-07-16T00:15:15.519018Z", "fetched_at": "2025-07-16T00:20:19.388873+00:00", "symbol": "ADA-USD"}, {"trade_id": 143787186, "side": "buy", "size": "500.00000000", "price": "0.74250000", "time": "2025-07-16T00:15:15.519018Z", "fetched_at": "2025-07-16T00:20:19.388873+00:00", "symbol": "ADA-USD"}, {"trade_id": 143787185, "side": "buy", "size": "175.07859515", "price": "0.74250000", "time": "2025-07-16T00:15:15.519018Z", "fetched_at": "2025-07-16T00:20:19.388873+00:00", "symbol": "ADA-USD"}, {"trade_id": 143787184, "side": "buy", "size": "294.56529255", "price": "0.74260000", "time": "2025-07-16T00:15:13.056666Z", "fetched_at": "2025-07-16T00:20:19.388873+00:00", "symbol": "ADA-USD"}, {"trade_id": 143787183, "side": "buy", "size": "35.08181533", "price": "0.74260000", "time": "2025-07-16T00:15:11.378953Z", "fetched_at": "2025-07-16T00:20:19.388873+00:00", "symbol": "ADA-USD"}, {"trade_id": 143787182, "side": "sell", "size": "72.64121023", "price": "0.74260000", "time": "2025-07-16T00:15:11.358819Z", "fetched_at": "2025-07-16T00:20:19.388873+00:00", "symbol": "ADA-USD"}, {"trade_id": 143787181, "side": "sell", "size": "77.34319810", "price": "0.74260000", "time": "2025-07-16T00:15:11.348533Z", "fetched_at": "2025-07-16T00:20:19.388873+00:00", "symbol": "ADA-USD"}, {"trade_id": 143787180, "side": "sell", "size": "36.56224129", "price": "0.74260000", "time": "2025-07-16T00:15:11.337054Z", "fetched_at": "2025-07-16T00:20:19.388873+00:00", "symbol": "ADA-USD"}, {"trade_id": 143787179, "side": "sell", "size": "20.77780222", "price": "0.74260000", "time": "2025-07-16T00:15:11.320767Z", "fetched_at": "2025-07-16T00:20:19.388873+00:00", "symbol": "ADA-USD"}, {"trade_id": 143787178, "side": "sell", "size": "1031.62021016", "price": "0.74260000", "time": "2025-07-16T00:15:11.288409Z", "fetched_at": "2025-07-16T00:20:19.388873+00:00", "symbol": "ADA-USD"}, {"trade_id": 143787177, "side": "sell", "size": "1.50000000", "price": "0.74260000", "time": "2025-07-16T00:15:11.288409Z", "fetched_at": "2025-07-16T00:20:19.388873+00:00", "symbol": "ADA-USD"}, {"trade_id": 143787176, "side": "buy", "size": "111.16638263", "price": "0.74250000", "time": "2025-07-16T00:15:08.174613Z", "fetched_at": "2025-07-16T00:20:19.388873+00:00", "symbol": "ADA-USD"}, {"trade_id": 143787175, "side": "buy", "size": "46.77575378", "price": "0.74250000", "time": "2025-07-16T00:15:06.852022Z", "fetched_at": "2025-07-16T00:20:19.388873+00:00", "symbol": "ADA-USD"}, {"trade_id": 143787174, "side": "sell", "size": "6.65112000", "price": "0.74260000", "time": "2025-07-16T00:15:06.837255Z", "fetched_at": "2025-07-16T00:20:19.388873+00:00", "symbol": "ADA-USD"}, {"trade_id": 143787173, "side": "sell", "size": "0.02003900", "price": "0.74250000", "time": "2025-07-16T00:15:06.837255Z", "fetched_at": "2025-07-16T00:20:19.388873+00:00", "symbol": "ADA-USD"}, {"trade_id": 143787172, "side": "sell", "size": "1.47996100", "price": "0.74250000", "time": "2025-07-16T00:15:06.551140Z", "fetched_at": "2025-07-16T00:20:19.388873+00:00", "symbol": "ADA-USD"}, {"trade_id": 143787171, "side": "sell", "size": "1.50000000", "price": "0.74240000", "time": "2025-07-16T00:15:06.551140Z", "fetched_at": "2025-07-16T00:20:19.388873+00:00", "symbol": "ADA-USD"}, {"trade_id": 143787170, "side": "sell", "size": "2974.38600191", "price": "0.74220000", "time": "2025-07-16T00:15:05.609647Z", "fetched_at": "2025-07-16T00:20:19.388873+00:00", "symbol": "ADA-USD"}, {"trade_id": 143787169, "side": "sell", "size": "2199.71399809", "price": "0.74220000", "time": "2025-07-16T00:15:05.607861Z", "fetched_at": "2025-07-16T00:20:19.388873+00:00", "symbol": "ADA-USD"}, {"trade_id": 143787168, "side": "sell", "size": "261.93638800", "price": "0.74200000", "time": "2025-07-16T00:15:01.352037Z", "fetched_at": "2025-07-16T00:20:19.388873+00:00", "symbol": "ADA-USD"}, {"trade_id": 143787167, "side": "sell", "size": "13.00876000", "price": "0.74190000", "time": "2025-07-16T00:15:00.941211Z", "fetched_at": "2025-07-16T00:20:19.388873+00:00", "symbol": "ADA-USD"}, {"trade_id": 143787166, "side": "buy", "size": "50.00000000", "price": "0.74190000", "time": "2025-07-16T00:15:00.467262Z", "fetched_at": "2025-07-16T00:20:19.388873+00:00", "symbol": "ADA-USD"}, {"trade_id": 143787165, "side": "buy", "size": "1422.33690335", "price": "0.74190000", "time": "2025-07-16T00:15:00.455432Z", "fetched_at": "2025-07-16T00:20:19.388873+00:00", "symbol": "ADA-USD"}, {"trade_id": 143787164, "side": "buy", "size": "500.00000000", "price": "0.74190000", "time": "2025-07-16T00:15:00.455432Z", "fetched_at": "2025-07-16T00:20:19.388873+00:00", "symbol": "ADA-USD"}, {"trade_id": 143787163, "side": "buy", "size": "62.36767171", "price": "0.74190000", "time": "2025-07-16T00:15:00.455432Z", "fetched_at": "2025-07-16T00:20:19.388873+00:00", "symbol": "ADA-USD"}, {"trade_id": 143787162, "side": "sell", "size": "12.78194100", "price": "0.74210000", "time": "2025-07-16T00:14:56.459328Z", "fetched_at": "2025-07-16T00:20:19.388873+00:00", "symbol": "ADA-USD"}, {"trade_id": 143787161, "side": "sell", "size": "49.11307300", "price": "0.74210000", "time": "2025-07-16T00:14:55.907108Z", "fetched_at": "2025-07-16T00:20:19.388873+00:00", "symbol": "ADA-USD"}, {"trade_id": 143787160, "side": "sell", "size": "675.68211309", "price": "0.74200000", "time": "2025-07-16T00:14:55.790667Z", "fetched_at": "2025-07-16T00:20:19.388873+00:00", "symbol": "ADA-USD"}, {"trade_id": 143787159, "side": "sell", "size": "231.49164000", "price": "0.74190000", "time": "2025-07-16T00:14:54.272518Z", "fetched_at": "2025-07-16T00:20:19.388873+00:00", "symbol": "ADA-USD"}, {"trade_id": 143787158, "side": "buy", "size": "673.93861509", "price": "0.74190000", "time": "2025-07-16T00:14:54.266831Z", "fetched_at": "2025-07-16T00:20:19.388873+00:00", "symbol": "ADA-USD"}, {"trade_id": 143787157, "side": "buy", "size": "531.38374229", "price": "0.74190000", "time": "2025-07-16T00:14:54.266831Z", "fetched_at": "2025-07-16T00:20:19.388873+00:00", "symbol": "ADA-USD"}, {"trade_id": 143787156, "side": "buy", "size": "67.99020000", "price": "0.74190000", "time": "2025-07-16T00:14:54.266614Z", "fetched_at": "2025-07-16T00:20:19.388873+00:00", "symbol": "ADA-USD"}, {"trade_id": 143787155, "side": "buy", "size": "67.99020000", "price": "0.74190000", "time": "2025-07-16T00:14:54.266408Z", "fetched_at": "2025-07-16T00:20:19.388873+00:00", "symbol": "ADA-USD"}, {"trade_id": 143787154, "side": "buy", "size": "5.38793546", "price": "0.74190000", "time": "2025-07-16T00:14:52.964291Z", "fetched_at": "2025-07-16T00:20:19.388873+00:00", "symbol": "ADA-USD"}, {"trade_id": 143787153, "side": "buy", "size": "1.50000000", "price": "0.74190000", "time": "2025-07-16T00:14:52.964291Z", "fetched_at": "2025-07-16T00:20:19.388873+00:00", "symbol": "ADA-USD"}, {"trade_id": 143787152, "side": "sell", "size": "131.95454072", "price": "0.74200000", "time": "2025-07-16T00:14:52.802952Z", "fetched_at": "2025-07-16T00:20:19.388873+00:00", "symbol": "ADA-USD"}, {"trade_id": 143787151, "side": "sell", "size": "175.19642462", "price": "0.74200000", "time": "2025-07-16T00:14:49.946069Z", "fetched_at": "2025-07-16T00:20:19.388873+00:00", "symbol": "ADA-USD"}, {"trade_id": 143787150, "side": "sell", "size": "12.77505400", "price": "0.74210000", "time": "2025-07-16T00:14:47.892381Z", "fetched_at": "2025-07-16T00:20:19.388873+00:00", "symbol": "ADA-USD"}, {"trade_id": 143787149, "side": "buy", "size": "21.99603229", "price": "0.74200000", "time": "2025-07-16T00:14:47.570535Z", "fetched_at": "2025-07-16T00:20:19.388873+00:00", "symbol": "ADA-USD"}, {"trade_id": 143787148, "side": "buy", "size": "63.65393651", "price": "0.74200000", "time": "2025-07-16T00:14:47.570196Z", "fetched_at": "2025-07-16T00:20:19.388873+00:00", "symbol": "ADA-USD"}, {"trade_id": 143787147, "side": "buy", "size": "1.75131349", "price": "0.74200000", "time": "2025-07-16T00:14:47.570196Z", "fetched_at": "2025-07-16T00:20:19.388873+00:00", "symbol": "ADA-USD"}, {"trade_id": 143787146, "side": "sell", "size": "175.13756215", "price": "0.74200000", "time": "2025-07-16T00:14:46.400568Z", "fetched_at": "2025-07-16T00:20:19.388873+00:00", "symbol": "ADA-USD"}, {"trade_id": 143787145, "side": "buy", "size": "27.43917448", "price": "0.74200000", "time": "2025-07-16T00:14:44.434276Z", "fetched_at": "2025-07-16T00:20:19.388873+00:00", "symbol": "ADA-USD"}, {"trade_id": 143787144, "side": "sell", "size": "29.34963281", "price": "0.74200000", "time": "2025-07-16T00:14:44.245892Z", "fetched_at": "2025-07-16T00:20:19.388873+00:00", "symbol": "ADA-USD"}, {"trade_id": 143787143, "side": "buy", "size": "2326.56375000", "price": "0.74200000", "time": "2025-07-16T00:14:44.234650Z", "fetched_at": "2025-07-16T00:20:19.388873+00:00", "symbol": "ADA-USD"}, {"trade_id": 143787142, "side": "buy", "size": "673.82523332", "price": "0.74200000", "time": "2025-07-16T00:14:44.234650Z", "fetched_at": "2025-07-16T00:20:19.388873+00:00", "symbol": "ADA-USD"}, {"trade_id": 143787141, "side": "buy", "size": "1.50000000", "price": "0.74200000", "time": "2025-07-16T00:14:44.234650Z", "fetched_at": "2025-07-16T00:20:19.388873+00:00", "symbol": "ADA-USD"}, {"trade_id": 143787140, "side": "buy", "size": "27.43547698", "price": "0.74210000", "time": "2025-07-16T00:14:44.232293Z", "fetched_at": "2025-07-16T00:20:19.388873+00:00", "symbol": "ADA-USD"}, {"trade_id": 143787139, "side": "buy", "size": "500.00000000", "price": "0.74210000", "time": "2025-07-16T00:14:44.232293Z", "fetched_at": "2025-07-16T00:20:19.388873+00:00", "symbol": "ADA-USD"}, {"trade_id": 143787138, "side": "buy", "size": "382.98912465", "price": "0.74210000", "time": "2025-07-16T00:14:44.232293Z", "fetched_at": "2025-07-16T00:20:19.388873+00:00", "symbol": "ADA-USD"}, {"trade_id": 143787137, "side": "buy", "size": "1.50000000", "price": "0.74210000", "time": "2025-07-16T00:14:44.232293Z", "fetched_at": "2025-07-16T00:20:19.388873+00:00", "symbol": "ADA-USD"}, {"trade_id": 143787136, "side": "buy", "size": "28.38224821", "price": "0.74220000", "time": "2025-07-16T00:14:43.692082Z", "fetched_at": "2025-07-16T00:20:19.388873+00:00", "symbol": "ADA-USD"}, {"trade_id": 143787135, "side": "buy", "size": "1.50000000", "price": "0.74220000", "time": "2025-07-16T00:14:43.692082Z", "fetched_at": "2025-07-16T00:20:19.388873+00:00", "symbol": "ADA-USD"}, {"trade_id": 143787134, "side": "buy", "size": "149.43485000", "price": "0.74230000", "time": "2025-07-16T00:14:41.143277Z", "fetched_at": "2025-07-16T00:20:19.388873+00:00", "symbol": "ADA-USD"}, {"trade_id": 143787133, "side": "buy", "size": "66.86981518", "price": "0.74230000", "time": "2025-07-16T00:14:33.208832Z", "fetched_at": "2025-07-16T00:20:19.388873+00:00", "symbol": "ADA-USD"}, {"trade_id": 143787132, "side": "buy", "size": "175.12576707", "price": "0.74230000", "time": "2025-07-16T00:14:33.208832Z", "fetched_at": "2025-07-16T00:20:19.388873+00:00", "symbol": "ADA-USD"}, {"trade_id": 143787131, "side": "buy", "size": "1.75084175", "price": "0.74230000", "time": "2025-07-16T00:14:33.208832Z", "fetched_at": "2025-07-16T00:20:19.388873+00:00", "symbol": "ADA-USD"}, {"trade_id": 143787130, "side": "sell", "size": "13.15325264", "price": "0.74250000", "time": "2025-07-16T00:14:31.394370Z", "fetched_at": "2025-07-16T00:20:19.388873+00:00", "symbol": "ADA-USD"}, {"trade_id": 143787129, "side": "sell", "size": "19.56234136", "price": "0.74240000", "time": "2025-07-16T00:14:31.394370Z", "fetched_at": "2025-07-16T00:20:19.388873+00:00", "symbol": "ADA-USD"}, {"trade_id": 143787128, "side": "sell", "size": "0.10000000", "price": "0.74240000", "time": "2025-07-16T00:14:29.701561Z", "fetched_at": "2025-07-16T00:20:19.388873+00:00", "symbol": "ADA-USD"}, {"trade_id": 143787127, "side": "sell", "size": "18.57583500", "price": "0.74240000", "time": "2025-07-16T00:14:28.388292Z", "fetched_at": "2025-07-16T00:20:19.388873+00:00", "symbol": "ADA-USD"}, {"trade_id": 143787126, "side": "sell", "size": "753.04036623", "price": "0.74240000", "time": "2025-07-16T00:14:23.588707Z", "fetched_at": "2025-07-16T00:20:19.388873+00:00", "symbol": "ADA-USD"}, {"trade_id": 143787125, "side": "sell", "size": "46.53368890", "price": "0.74230000", "time": "2025-07-16T00:14:23.197777Z", "fetched_at": "2025-07-16T00:20:19.388873+00:00", "symbol": "ADA-USD"}, {"trade_id": 143787124, "side": "buy", "size": "66.49020000", "price": "0.74230000", "time": "2025-07-16T00:14:22.904409Z", "fetched_at": "2025-07-16T00:20:19.388873+00:00", "symbol": "ADA-USD"}, {"trade_id": 143787123, "side": "buy", "size": "1.50000000", "price": "0.74230000", "time": "2025-07-16T00:14:22.904409Z", "fetched_at": "2025-07-16T00:20:19.388873+00:00", "symbol": "ADA-USD"}, {"trade_id": 143787122, "side": "sell", "size": "700.91072664", "price": "0.74240000", "time": "2025-07-16T00:14:20.971449Z", "fetched_at": "2025-07-16T00:20:19.388873+00:00", "symbol": "ADA-USD"}, {"trade_id": 143787121, "side": "sell", "size": "163.03009898", "price": "0.74240000", "time": "2025-07-16T00:14:20.872695Z", "fetched_at": "2025-07-16T00:20:19.388873+00:00", "symbol": "ADA-USD"}, {"trade_id": 143787120, "side": "buy", "size": "260.20345974", "price": "0.74240000", "time": "2025-07-16T00:14:20.143200Z", "fetched_at": "2025-07-16T00:20:19.388873+00:00", "symbol": "ADA-USD"}, {"trade_id": 143787119, "side": "buy", "size": "1.50000000", "price": "0.74240000", "time": "2025-07-16T00:14:20.143200Z", "fetched_at": "2025-07-16T00:20:19.388873+00:00", "symbol": "ADA-USD"}, {"trade_id": 143787118, "side": "buy", "size": "0.00000515", "price": "0.74250000", "time": "2025-07-16T00:14:20.139928Z", "fetched_at": "2025-07-16T00:20:19.388873+00:00", "symbol": "ADA-USD"}, {"trade_id": 143787117, "side": "buy", "size": "175.07859000", "price": "0.74250000", "time": "2025-07-16T00:14:20.139800Z", "fetched_at": "2025-07-16T00:20:19.388873+00:00", "symbol": "ADA-USD"}, {"trade_id": 143787116, "side": "sell", "size": "170.98312164", "price": "0.74260000", "time": "2025-07-16T00:14:18.186860Z", "fetched_at": "2025-07-16T00:20:19.388873+00:00", "symbol": "ADA-USD"}, {"trade_id": 143787115, "side": "sell", "size": "243.64373272", "price": "0.74260000", "time": "2025-07-16T00:14:18.172956Z", "fetched_at": "2025-07-16T00:20:19.388873+00:00", "symbol": "ADA-USD"}, {"trade_id": 143787114, "side": "sell", "size": "461.14347017", "price": "0.74260000", "time": "2025-07-16T00:14:18.142897Z", "fetched_at": "2025-07-16T00:20:19.388873+00:00", "symbol": "ADA-USD"}, {"trade_id": 143787113, "side": "sell", "size": "173.68327499", "price": "0.74260000", "time": "2025-07-16T00:14:18.091013Z", "fetched_at": "2025-07-16T00:20:19.388873+00:00", "symbol": "ADA-USD"}, {"trade_id": 143787112, "side": "sell", "size": "736.08552847", "price": "0.74260000", "time": "2025-07-16T00:14:18.078998Z", "fetched_at": "2025-07-16T00:20:19.388873+00:00", "symbol": "ADA-USD"}, {"trade_id": 143787111, "side": "sell", "size": "15.17519466", "price": "0.74270000", "time": "2025-07-16T00:14:11.549067Z", "fetched_at": "2025-07-16T00:20:19.388873+00:00", "symbol": "ADA-USD"}, {"trade_id": 143787110, "side": "sell", "size": "1.50000000", "price": "0.74270000", "time": "2025-07-16T00:14:11.549067Z", "fetched_at": "2025-07-16T00:20:19.388873+00:00", "symbol": "ADA-USD"}, {"trade_id": 143787109, "side": "sell", "size": "1.45411534", "price": "0.74260000", "time": "2025-07-16T00:14:11.549067Z", "fetched_at": "2025-07-16T00:20:19.388873+00:00", "symbol": "ADA-USD"}, {"trade_id": 143787108, "side": "sell", "size": "1.50000000", "price": "0.74260000", "time": "2025-07-16T00:14:11.549067Z", "fetched_at": "2025-07-16T00:20:19.388873+00:00", "symbol": "ADA-USD"}, {"trade_id": 143787107, "side": "sell", "size": "2.38410089", "price": "0.74250000", "time": "2025-07-16T00:14:10.458922Z", "fetched_at": "2025-07-16T00:20:19.388873+00:00", "symbol": "ADA-USD"}, {"trade_id": 143787106, "side": "buy", "size": "513.84579915", "price": "0.74250000", "time": "2025-07-16T00:14:10.242160Z", "fetched_at": "2025-07-16T00:20:19.388873+00:00", "symbol": "ADA-USD"}, {"trade_id": 143787105, "side": "buy", "size": "680.61500085", "price": "0.74250000", "time": "2025-07-16T00:14:10.242160Z", "fetched_at": "2025-07-16T00:20:19.388873+00:00", "symbol": "ADA-USD"}, {"trade_id": 143787104, "side": "sell", "size": "3.90648627", "price": "0.74250000", "time": "2025-07-16T00:14:09.198049Z", "fetched_at": "2025-07-16T00:20:19.388873+00:00", "symbol": "ADA-USD"}, {"trade_id": 143787103, "side": "sell", "size": "6.62745352", "price": "0.74230000", "time": "2025-07-16T00:14:06.760897Z", "fetched_at": "2025-07-16T00:20:19.388873+00:00", "symbol": "ADA-USD"}, {"trade_id": 143787102, "side": "buy", "size": "175.25033670", "price": "0.74220000", "time": "2025-07-16T00:14:05.769056Z", "fetched_at": "2025-07-16T00:20:19.388873+00:00", "symbol": "ADA-USD"}, {"trade_id": 143787101, "side": "buy", "size": "686.29700530", "price": "0.74230000", "time": "2025-07-16T00:14:05.769056Z", "fetched_at": "2025-07-16T00:20:19.388873+00:00", "symbol": "ADA-USD"}, {"trade_id": 143787100, "side": "sell", "size": "1.50000000", "price": "0.74220000", "time": "2025-07-16T00:14:03.058491Z", "fetched_at": "2025-07-16T00:20:19.388873+00:00", "symbol": "ADA-USD"}, {"trade_id": 143787099, "side": "sell", "size": "131.50622749", "price": "0.74210000", "time": "2025-07-16T00:14:02.907416Z", "fetched_at": "2025-07-16T00:20:19.388873+00:00", "symbol": "ADA-USD"}, {"trade_id": 143787098, "side": "sell", "size": "10.16210770", "price": "0.74210000", "time": "2025-07-16T00:14:01.370498Z", "fetched_at": "2025-07-16T00:20:19.388873+00:00", "symbol": "ADA-USD"}, {"trade_id": 143787097, "side": "sell", "size": "10.16210770", "price": "0.74200000", "time": "2025-07-16T00:14:00.947841Z", "fetched_at": "2025-07-16T00:20:19.388873+00:00", "symbol": "ADA-USD"}, {"trade_id": 143787096, "side": "sell", "size": "10.16210770", "price": "0.74200000", "time": "2025-07-16T00:14:00.937899Z", "fetched_at": "2025-07-16T00:20:19.388873+00:00", "symbol": "ADA-USD"}, {"trade_id": 143787095, "side": "sell", "size": "10.16210770", "price": "0.74200000", "time": "2025-07-16T00:14:00.916435Z", "fetched_at": "2025-07-16T00:20:19.388873+00:00", "symbol": "ADA-USD"}, {"trade_id": 143787094, "side": "sell", "size": "50.00000000", "price": "0.74200000", "time": "2025-07-16T00:14:00.891402Z", "fetched_at": "2025-07-16T00:20:19.388873+00:00", "symbol": "ADA-USD"}, {"trade_id": 143787093, "side": "sell", "size": "793.96130344", "price": "0.74200000", "time": "2025-07-16T00:14:00.891402Z", "fetched_at": "2025-07-16T00:20:19.388873+00:00", "symbol": "ADA-USD"}, {"trade_id": 143787092, "side": "sell", "size": "10.16210770", "price": "0.74190000", "time": "2025-07-16T00:14:00.876949Z", "fetched_at": "2025-07-16T00:20:19.388873+00:00", "symbol": "ADA-USD"}, {"trade_id": 143787091, "side": "sell", "size": "10.16210770", "price": "0.74190000", "time": "2025-07-16T00:14:00.794885Z", "fetched_at": "2025-07-16T00:20:19.388873+00:00", "symbol": "ADA-USD"}