[{"trade_id": 143781963, "side": "sell", "size": "163.46612200", "price": "0.74570000", "time": "2025-07-15T23:20:15.309915Z", "fetched_at": "2025-07-15T23:20:19.627976+00:00", "symbol": "ADA-USD"}, {"trade_id": 143781962, "side": "sell", "size": "405.04855000", "price": "0.74570000", "time": "2025-07-15T23:20:15.309915Z", "fetched_at": "2025-07-15T23:20:19.627976+00:00", "symbol": "ADA-USD"}, {"trade_id": 143781961, "side": "sell", "size": "88.91925000", "price": "0.74570000", "time": "2025-07-15T23:20:15.309915Z", "fetched_at": "2025-07-15T23:20:19.627976+00:00", "symbol": "ADA-USD"}, {"trade_id": 143781960, "side": "buy", "size": "18.95397917", "price": "0.74560000", "time": "2025-07-15T23:20:12.014654Z", "fetched_at": "2025-07-15T23:20:19.627976+00:00", "symbol": "ADA-USD"}, {"trade_id": 143781959, "side": "buy", "size": "725.48000000", "price": "0.74560000", "time": "2025-07-15T23:20:12.014654Z", "fetched_at": "2025-07-15T23:20:19.627976+00:00", "symbol": "ADA-USD"}, {"trade_id": 143781958, "side": "buy", "size": "14.60829913", "price": "0.74560000", "time": "2025-07-15T23:20:12.014654Z", "fetched_at": "2025-07-15T23:20:19.627976+00:00", "symbol": "ADA-USD"}, {"trade_id": 143781957, "side": "buy", "size": "28.14552822", "price": "0.74560000", "time": "2025-07-15T23:20:05.233008Z", "fetched_at": "2025-07-15T23:20:19.627976+00:00", "symbol": "ADA-USD"}, {"trade_id": 143781956, "side": "buy", "size": "28.14175384", "price": "0.74570000", "time": "2025-07-15T23:20:05.166344Z", "fetched_at": "2025-07-15T23:20:19.627976+00:00", "symbol": "ADA-USD"}, {"trade_id": 143781955, "side": "sell", "size": "1351.15577318", "price": "0.74560000", "time": "2025-07-15T23:20:04.166661Z", "fetched_at": "2025-07-15T23:20:19.627976+00:00", "symbol": "ADA-USD"}, {"trade_id": 143781954, "side": "sell", "size": "16.92502682", "price": "0.74560000", "time": "2025-07-15T23:20:04.165427Z", "fetched_at": "2025-07-15T23:20:19.627976+00:00", "symbol": "ADA-USD"}, {"trade_id": 143781953, "side": "sell", "size": "1512.02212038", "price": "0.74560000", "time": "2025-07-15T23:20:03.177710Z", "fetched_at": "2025-07-15T23:20:19.627976+00:00", "symbol": "ADA-USD"}, {"trade_id": 143781952, "side": "sell", "size": "594.00000000", "price": "0.74560000", "time": "2025-07-15T23:20:03.177710Z", "fetched_at": "2025-07-15T23:20:19.627976+00:00", "symbol": "ADA-USD"}, {"trade_id": 143781951, "side": "sell", "size": "598.91144000", "price": "0.74550000", "time": "2025-07-15T23:20:03.177710Z", "fetched_at": "2025-07-15T23:20:19.627976+00:00", "symbol": "ADA-USD"}, {"trade_id": 143781950, "side": "sell", "size": "174.23986449", "price": "0.74550000", "time": "2025-07-15T23:20:03.177710Z", "fetched_at": "2025-07-15T23:20:19.627976+00:00", "symbol": "ADA-USD"}, {"trade_id": 143781949, "side": "sell", "size": "298.17788000", "price": "0.74550000", "time": "2025-07-15T23:20:03.177710Z", "fetched_at": "2025-07-15T23:20:19.627976+00:00", "symbol": "ADA-USD"}, {"trade_id": 143781948, "side": "buy", "size": "2.86738558", "price": "0.74540000", "time": "2025-07-15T23:20:02.684443Z", "fetched_at": "2025-07-15T23:20:19.627976+00:00", "symbol": "ADA-USD"}, {"trade_id": 143781947, "side": "buy", "size": "1.50000000", "price": "0.74540000", "time": "2025-07-15T23:20:02.684443Z", "fetched_at": "2025-07-15T23:20:19.627976+00:00", "symbol": "ADA-USD"}, {"trade_id": 143781946, "side": "buy", "size": "2.90453094", "price": "0.74550000", "time": "2025-07-15T23:20:02.599699Z", "fetched_at": "2025-07-15T23:20:19.627976+00:00", "symbol": "ADA-USD"}, {"trade_id": 143781945, "side": "buy", "size": "3.16427599", "price": "0.74560000", "time": "2025-07-15T23:20:02.424193Z", "fetched_at": "2025-07-15T23:20:19.627976+00:00", "symbol": "ADA-USD"}, {"trade_id": 143781944, "side": "buy", "size": "193.94230852", "price": "0.74560000", "time": "2025-07-15T23:20:02.424193Z", "fetched_at": "2025-07-15T23:20:19.627976+00:00", "symbol": "ADA-USD"}, {"trade_id": 143781943, "side": "buy", "size": "122.32630000", "price": "0.74560000", "time": "2025-07-15T23:20:02.415114Z", "fetched_at": "2025-07-15T23:20:19.627976+00:00", "symbol": "ADA-USD"}, {"trade_id": 143781942, "side": "buy", "size": "368.05679000", "price": "0.74560000", "time": "2025-07-15T23:20:02.406563Z", "fetched_at": "2025-07-15T23:20:19.627976+00:00", "symbol": "ADA-USD"}, {"trade_id": 143781941, "side": "buy", "size": "1.50000000", "price": "0.74560000", "time": "2025-07-15T23:20:02.406563Z", "fetched_at": "2025-07-15T23:20:19.627976+00:00", "symbol": "ADA-USD"}, {"trade_id": 143781940, "side": "buy", "size": "3.16385166", "price": "0.74570000", "time": "2025-07-15T23:20:02.388777Z", "fetched_at": "2025-07-15T23:20:19.627976+00:00", "symbol": "ADA-USD"}, {"trade_id": 143781939, "side": "buy", "size": "3.17554059", "price": "0.74580000", "time": "2025-07-15T23:20:02.359059Z", "fetched_at": "2025-07-15T23:20:19.627976+00:00", "symbol": "ADA-USD"}, {"trade_id": 143781938, "side": "buy", "size": "593.99999406", "price": "0.74580000", "time": "2025-07-15T23:20:02.264940Z", "fetched_at": "2025-07-15T23:20:19.627976+00:00", "symbol": "ADA-USD"}, {"trade_id": 143781937, "side": "buy", "size": "2.91371594", "price": "0.74580000", "time": "2025-07-15T23:20:02.264940Z", "fetched_at": "2025-07-15T23:20:19.627976+00:00", "symbol": "ADA-USD"}, {"trade_id": 143781936, "side": "buy", "size": "672.23741452", "price": "0.74580000", "time": "2025-07-15T23:20:01.593013Z", "fetched_at": "2025-07-15T23:20:19.627976+00:00", "symbol": "ADA-USD"}, {"trade_id": 143781935, "side": "buy", "size": "1.50000000", "price": "0.74580000", "time": "2025-07-15T23:20:01.593013Z", "fetched_at": "2025-07-15T23:20:19.627976+00:00", "symbol": "ADA-USD"}, {"trade_id": 143781934, "side": "buy", "size": "675.02907982", "price": "0.74590000", "time": "2025-07-15T23:20:01.552582Z", "fetched_at": "2025-07-15T23:20:19.627976+00:00", "symbol": "ADA-USD"}, {"trade_id": 143781933, "side": "buy", "size": "275.69095044", "price": "0.74590000", "time": "2025-07-15T23:20:01.552582Z", "fetched_at": "2025-07-15T23:20:19.627976+00:00", "symbol": "ADA-USD"}, {"trade_id": 143781932, "side": "buy", "size": "1.50000000", "price": "0.74590000", "time": "2025-07-15T23:20:01.552582Z", "fetched_at": "2025-07-15T23:20:19.627976+00:00", "symbol": "ADA-USD"}, {"trade_id": 143781931, "side": "buy", "size": "8.77624382", "price": "0.74600000", "time": "2025-07-15T23:20:01.533448Z", "fetched_at": "2025-07-15T23:20:19.627976+00:00", "symbol": "ADA-USD"}, {"trade_id": 143781930, "side": "buy", "size": "227.94063862", "price": "0.74600000", "time": "2025-07-15T23:20:01.533448Z", "fetched_at": "2025-07-15T23:20:19.627976+00:00", "symbol": "ADA-USD"}, {"trade_id": 143781929, "side": "buy", "size": "435.69024550", "price": "0.74600000", "time": "2025-07-15T23:20:01.525991Z", "fetched_at": "2025-07-15T23:20:19.627976+00:00", "symbol": "ADA-USD"}, {"trade_id": 143781928, "side": "buy", "size": "1.50000000", "price": "0.74600000", "time": "2025-07-15T23:20:01.525991Z", "fetched_at": "2025-07-15T23:20:19.627976+00:00", "symbol": "ADA-USD"}, {"trade_id": 143781927, "side": "sell", "size": "67.99020000", "price": "0.74620000", "time": "2025-07-15T23:20:01.524939Z", "fetched_at": "2025-07-15T23:20:19.627976+00:00", "symbol": "ADA-USD"}, {"trade_id": 143781926, "side": "buy", "size": "594.00000000", "price": "0.74610000", "time": "2025-07-15T23:20:01.436084Z", "fetched_at": "2025-07-15T23:20:19.627976+00:00", "symbol": "ADA-USD"}, {"trade_id": 143781925, "side": "buy", "size": "0.00000195", "price": "0.74620000", "time": "2025-07-15T23:20:01.428579Z", "fetched_at": "2025-07-15T23:20:19.627976+00:00", "symbol": "ADA-USD"}, {"trade_id": 143781924, "side": "buy", "size": "601.77999805", "price": "0.74620000", "time": "2025-07-15T23:20:01.421640Z", "fetched_at": "2025-07-15T23:20:19.627976+00:00", "symbol": "ADA-USD"}, {"trade_id": 143781923, "side": "buy", "size": "594.00000000", "price": "0.74620000", "time": "2025-07-15T23:20:01.421640Z", "fetched_at": "2025-07-15T23:20:19.627976+00:00", "symbol": "ADA-USD"}, {"trade_id": 143781922, "side": "buy", "size": "7.77055195", "price": "0.74620000", "time": "2025-07-15T23:20:01.421640Z", "fetched_at": "2025-07-15T23:20:19.627976+00:00", "symbol": "ADA-USD"}, {"trade_id": 143781921, "side": "sell", "size": "697.17088000", "price": "0.74620000", "time": "2025-07-15T23:20:00.719607Z", "fetched_at": "2025-07-15T23:20:19.627976+00:00", "symbol": "ADA-USD"}, {"trade_id": 143781920, "side": "buy", "size": "594.00000000", "price": "0.74620000", "time": "2025-07-15T23:20:00.156763Z", "fetched_at": "2025-07-15T23:20:19.627976+00:00", "symbol": "ADA-USD"}, {"trade_id": 143781919, "side": "buy", "size": "29.47849104", "price": "0.74630000", "time": "2025-07-15T23:20:00.156763Z", "fetched_at": "2025-07-15T23:20:19.627976+00:00", "symbol": "ADA-USD"}, {"trade_id": 143781918, "side": "buy", "size": "352.14785206", "price": "0.74620000", "time": "2025-07-15T23:20:00.147704Z", "fetched_at": "2025-07-15T23:20:19.627976+00:00", "symbol": "ADA-USD"}, {"trade_id": 143781917, "side": "buy", "size": "648.13324030", "price": "0.74620000", "time": "2025-07-15T23:20:00.147704Z", "fetched_at": "2025-07-15T23:20:19.627976+00:00", "symbol": "ADA-USD"}, {"trade_id": 143781916, "side": "buy", "size": "831.26177570", "price": "0.74620000", "time": "2025-07-15T23:20:00.147704Z", "fetched_at": "2025-07-15T23:20:19.627976+00:00", "symbol": "ADA-USD"}, {"trade_id": 143781915, "side": "buy", "size": "29.47849104", "price": "0.74630000", "time": "2025-07-15T23:20:00.147704Z", "fetched_at": "2025-07-15T23:20:19.627976+00:00", "symbol": "ADA-USD"}, {"trade_id": 143781914, "side": "buy", "size": "1.50000000", "price": "0.74630000", "time": "2025-07-15T23:20:00.147704Z", "fetched_at": "2025-07-15T23:20:19.627976+00:00", "symbol": "ADA-USD"}, {"trade_id": 143781913, "side": "buy", "size": "30.98971827", "price": "0.74640000", "time": "2025-07-15T23:20:00.105805Z", "fetched_at": "2025-07-15T23:20:19.627976+00:00", "symbol": "ADA-USD"}, {"trade_id": 143781912, "side": "buy", "size": "72.98000000", "price": "0.74650000", "time": "2025-07-15T23:19:59.996269Z", "fetched_at": "2025-07-15T23:20:19.627976+00:00", "symbol": "ADA-USD"}, {"trade_id": 143781911, "side": "buy", "size": "659.69000000", "price": "0.74650000", "time": "2025-07-15T23:19:59.996269Z", "fetched_at": "2025-07-15T23:20:19.627976+00:00", "symbol": "ADA-USD"}, {"trade_id": 143781910, "side": "buy", "size": "30.78157476", "price": "0.74650000", "time": "2025-07-15T23:19:59.996269Z", "fetched_at": "2025-07-15T23:20:19.627976+00:00", "symbol": "ADA-USD"}, {"trade_id": 143781909, "side": "buy", "size": "1815.98683100", "price": "0.74640000", "time": "2025-07-15T23:19:58.708532Z", "fetched_at": "2025-07-15T23:20:19.627976+00:00", "symbol": "ADA-USD"}, {"trade_id": 143781908, "side": "buy", "size": "1710.08499000", "price": "0.74640000", "time": "2025-07-15T23:19:58.708532Z", "fetched_at": "2025-07-15T23:20:19.627976+00:00", "symbol": "ADA-USD"}, {"trade_id": 143781907, "side": "buy", "size": "2238.79508000", "price": "0.74640000", "time": "2025-07-15T23:19:58.708532Z", "fetched_at": "2025-07-15T23:20:19.627976+00:00", "symbol": "ADA-USD"}, {"trade_id": 143781906, "side": "buy", "size": "2198.77130000", "price": "0.74640000", "time": "2025-07-15T23:19:58.708532Z", "fetched_at": "2025-07-15T23:20:19.627976+00:00", "symbol": "ADA-USD"}, {"trade_id": 143781905, "side": "buy", "size": "831.26177570", "price": "0.74640000", "time": "2025-07-15T23:19:58.708532Z", "fetched_at": "2025-07-15T23:20:19.627976+00:00", "symbol": "ADA-USD"}, {"trade_id": 143781904, "side": "buy", "size": "594.00000000", "price": "0.74640000", "time": "2025-07-15T23:19:58.708532Z", "fetched_at": "2025-07-15T23:20:19.627976+00:00", "symbol": "ADA-USD"}, {"trade_id": 143781903, "side": "buy", "size": "298.17788000", "price": "0.74640000", "time": "2025-07-15T23:19:58.708532Z", "fetched_at": "2025-07-15T23:20:19.627976+00:00", "symbol": "ADA-USD"}, {"trade_id": 143781902, "side": "buy", "size": "229.05062000", "price": "0.74640000", "time": "2025-07-15T23:19:58.708532Z", "fetched_at": "2025-07-15T23:20:19.627976+00:00", "symbol": "ADA-USD"}, {"trade_id": 143781901, "side": "buy", "size": "270.32644000", "price": "0.74640000", "time": "2025-07-15T23:19:58.708532Z", "fetched_at": "2025-07-15T23:20:19.627976+00:00", "symbol": "ADA-USD"}, {"trade_id": 143781900, "side": "buy", "size": "723.90666894", "price": "0.74650000", "time": "2025-07-15T23:19:58.708532Z", "fetched_at": "2025-07-15T23:20:19.627976+00:00", "symbol": "ADA-USD"}, {"trade_id": 143781899, "side": "buy", "size": "195.27000000", "price": "0.74650000", "time": "2025-07-15T23:19:58.708532Z", "fetched_at": "2025-07-15T23:20:19.627976+00:00", "symbol": "ADA-USD"}, {"trade_id": 143781898, "side": "buy", "size": "864.26000000", "price": "0.74650000", "time": "2025-07-15T23:19:58.708532Z", "fetched_at": "2025-07-15T23:20:19.627976+00:00", "symbol": "ADA-USD"}, {"trade_id": 143781897, "side": "buy", "size": "65.28531536", "price": "0.74650000", "time": "2025-07-15T23:19:58.708532Z", "fetched_at": "2025-07-15T23:20:19.627976+00:00", "symbol": "ADA-USD"}, {"trade_id": 143781896, "side": "buy", "size": "270.32644000", "price": "0.74650000", "time": "2025-07-15T23:19:58.708532Z", "fetched_at": "2025-07-15T23:20:19.627976+00:00", "symbol": "ADA-USD"}, {"trade_id": 143781895, "side": "sell", "size": "83.56373400", "price": "0.74640000", "time": "2025-07-15T23:19:56.931992Z", "fetched_at": "2025-07-15T23:20:19.627976+00:00", "symbol": "ADA-USD"}, {"trade_id": 143781894, "side": "sell", "size": "176.86344000", "price": "0.74640000", "time": "2025-07-15T23:19:56.931992Z", "fetched_at": "2025-07-15T23:20:19.627976+00:00", "symbol": "ADA-USD"}, {"trade_id": 143781893, "side": "sell", "size": "301.08628600", "price": "0.74630000", "time": "2025-07-15T23:19:55.033032Z", "fetched_at": "2025-07-15T23:20:19.627976+00:00", "symbol": "ADA-USD"}, {"trade_id": 143781892, "side": "sell", "size": "28.46689400", "price": "0.74630000", "time": "2025-07-15T23:19:54.753309Z", "fetched_at": "2025-07-15T23:20:19.627976+00:00", "symbol": "ADA-USD"}, {"trade_id": 143781891, "side": "sell", "size": "35.13990000", "price": "0.74630000", "time": "2025-07-15T23:19:54.753309Z", "fetched_at": "2025-07-15T23:20:19.627976+00:00", "symbol": "ADA-USD"}, {"trade_id": 143781890, "side": "sell", "size": "1.50000000", "price": "0.74630000", "time": "2025-07-15T23:19:54.753309Z", "fetched_at": "2025-07-15T23:20:19.627976+00:00", "symbol": "ADA-USD"}, {"trade_id": 143781889, "side": "sell", "size": "140.77832000", "price": "0.74610000", "time": "2025-07-15T23:19:46.036402Z", "fetched_at": "2025-07-15T23:20:19.627976+00:00", "symbol": "ADA-USD"}, {"trade_id": 143781888, "side": "sell", "size": "103.84847151", "price": "0.74610000", "time": "2025-07-15T23:19:45.740208Z", "fetched_at": "2025-07-15T23:20:19.627976+00:00", "symbol": "ADA-USD"}, {"trade_id": 143781887, "side": "sell", "size": "84.01169388", "price": "0.74600000", "time": "2025-07-15T23:19:45.732412Z", "fetched_at": "2025-07-15T23:20:19.627976+00:00", "symbol": "ADA-USD"}, {"trade_id": 143781886, "side": "sell", "size": "90.21067000", "price": "0.74600000", "time": "2025-07-15T23:19:45.731525Z", "fetched_at": "2025-07-15T23:20:19.627976+00:00", "symbol": "ADA-USD"}, {"trade_id": 143781885, "side": "buy", "size": "15.27349089", "price": "0.74600000", "time": "2025-07-15T23:19:43.695296Z", "fetched_at": "2025-07-15T23:20:19.627976+00:00", "symbol": "ADA-USD"}, {"trade_id": 143781884, "side": "buy", "size": "21.51037322", "price": "0.74610000", "time": "2025-07-15T23:19:40.980963Z", "fetched_at": "2025-07-15T23:20:19.627976+00:00", "symbol": "ADA-USD"}, {"trade_id": 143781883, "side": "buy", "size": "174.16293890", "price": "0.74620000", "time": "2025-07-15T23:19:38.407735Z", "fetched_at": "2025-07-15T23:20:19.627976+00:00", "symbol": "ADA-USD"}, {"trade_id": 143781882, "side": "buy", "size": "492.67218259", "price": "0.74620000", "time": "2025-07-15T23:19:38.407735Z", "fetched_at": "2025-07-15T23:20:19.627976+00:00", "symbol": "ADA-USD"}, {"trade_id": 143781881, "side": "buy", "size": "179.81107522", "price": "0.74620000", "time": "2025-07-15T23:19:38.278424Z", "fetched_at": "2025-07-15T23:20:19.627976+00:00", "symbol": "ADA-USD"}, {"trade_id": 143781880, "side": "buy", "size": "129.84283949", "price": "0.74620000", "time": "2025-07-15T23:19:38.239631Z", "fetched_at": "2025-07-15T23:20:19.627976+00:00", "symbol": "ADA-USD"}, {"trade_id": 143781879, "side": "buy", "size": "561.64701877", "price": "0.74620000", "time": "2025-07-15T23:19:38.228690Z", "fetched_at": "2025-07-15T23:20:19.627976+00:00", "symbol": "ADA-USD"}, {"trade_id": 143781878, "side": "buy", "size": "403.31688393", "price": "0.74620000", "time": "2025-07-15T23:19:38.217974Z", "fetched_at": "2025-07-15T23:20:19.627976+00:00", "symbol": "ADA-USD"}, {"trade_id": 143781877, "side": "buy", "size": "174.16293890", "price": "0.74620000", "time": "2025-07-15T23:19:38.217974Z", "fetched_at": "2025-07-15T23:20:19.627976+00:00", "symbol": "ADA-USD"}, {"trade_id": 143781876, "side": "buy", "size": "174.17000000", "price": "0.74620000", "time": "2025-07-15T23:19:38.217974Z", "fetched_at": "2025-07-15T23:20:19.627976+00:00", "symbol": "ADA-USD"}, {"trade_id": 143781875, "side": "sell", "size": "1.50000000", "price": "0.74620000", "time": "2025-07-15T23:19:37.984461Z", "fetched_at": "2025-07-15T23:20:19.627976+00:00", "symbol": "ADA-USD"}, {"trade_id": 143781874, "side": "sell", "size": "1.50000000", "price": "0.74610000", "time": "2025-07-15T23:19:37.955794Z", "fetched_at": "2025-07-15T23:20:19.627976+00:00", "symbol": "ADA-USD"}, {"trade_id": 143781873, "side": "sell", "size": "1.50000000", "price": "0.74600000", "time": "2025-07-15T23:19:37.774887Z", "fetched_at": "2025-07-15T23:20:19.627976+00:00", "symbol": "ADA-USD"}, {"trade_id": 143781872, "side": "sell", "size": "21.25410000", "price": "0.74590000", "time": "2025-07-15T23:19:37.727978Z", "fetched_at": "2025-07-15T23:20:19.627976+00:00", "symbol": "ADA-USD"}, {"trade_id": 143781871, "side": "sell", "size": "34.18400000", "price": "0.74590000", "time": "2025-07-15T23:19:37.710426Z", "fetched_at": "2025-07-15T23:20:19.627976+00:00", "symbol": "ADA-USD"}, {"trade_id": 143781870, "side": "sell", "size": "1.50000000", "price": "0.74590000", "time": "2025-07-15T23:19:37.710426Z", "fetched_at": "2025-07-15T23:20:19.627976+00:00", "symbol": "ADA-USD"}, {"trade_id": 143781869, "side": "sell", "size": "57.23426549", "price": "0.74580000", "time": "2025-07-15T23:19:37.599051Z", "fetched_at": "2025-07-15T23:20:19.627976+00:00", "symbol": "ADA-USD"}, {"trade_id": 143781868, "side": "sell", "size": "1183.66069451", "price": "0.74580000", "time": "2025-07-15T23:19:37.598486Z", "fetched_at": "2025-07-15T23:20:19.627976+00:00", "symbol": "ADA-USD"}, {"trade_id": 143781867, "side": "sell", "size": "174.31586151", "price": "0.74570000", "time": "2025-07-15T23:19:37.594114Z", "fetched_at": "2025-07-15T23:20:19.627976+00:00", "symbol": "ADA-USD"}, {"trade_id": 143781866, "side": "sell", "size": "34.86317000", "price": "0.74570000", "time": "2025-07-15T23:19:37.568305Z", "fetched_at": "2025-07-15T23:20:19.627976+00:00", "symbol": "ADA-USD"}, {"trade_id": 143781865, "side": "sell", "size": "670.45020748", "price": "0.74580000", "time": "2025-07-15T23:19:37.553958Z", "fetched_at": "2025-07-15T23:20:19.627976+00:00", "symbol": "ADA-USD"}, {"trade_id": 143781864, "side": "sell", "size": "4999.00000000", "price": "0.74580000", "time": "2025-07-15T23:19:37.553958Z", "fetched_at": "2025-07-15T23:20:19.627976+00:00", "symbol": "ADA-USD"}, {"trade_id": 143781863, "side": "sell", "size": "1.50000000", "price": "0.74580000", "time": "2025-07-15T23:19:37.553958Z", "fetched_at": "2025-07-15T23:20:19.627976+00:00", "symbol": "ADA-USD"}, {"trade_id": 143781862, "side": "sell", "size": "533.52480768", "price": "0.74580000", "time": "2025-07-15T23:19:37.553958Z", "fetched_at": "2025-07-15T23:20:19.627976+00:00", "symbol": "ADA-USD"}, {"trade_id": 143781861, "side": "sell", "size": "174.31586151", "price": "0.74570000", "time": "2025-07-15T23:19:37.552404Z", "fetched_at": "2025-07-15T23:20:19.627976+00:00", "symbol": "ADA-USD"}, {"trade_id": 143781860, "side": "sell", "size": "34.87223000", "price": "0.74560000", "time": "2025-07-15T23:19:37.552404Z", "fetched_at": "2025-07-15T23:20:19.627976+00:00", "symbol": "ADA-USD"}, {"trade_id": 143781859, "side": "sell", "size": "301.34936695", "price": "0.74570000", "time": "2025-07-15T23:19:36.969345Z", "fetched_at": "2025-07-15T23:20:19.627976+00:00", "symbol": "ADA-USD"}, {"trade_id": 143781858, "side": "sell", "size": "102.27283265", "price": "0.74570000", "time": "2025-07-15T23:19:36.969345Z", "fetched_at": "2025-07-15T23:20:19.627976+00:00", "symbol": "ADA-USD"}, {"trade_id": 143781857, "side": "sell", "size": "1.50000000", "price": "0.74570000", "time": "2025-07-15T23:19:36.969345Z", "fetched_at": "2025-07-15T23:20:19.627976+00:00", "symbol": "ADA-USD"}, {"trade_id": 143781856, "side": "sell", "size": "1612.64991000", "price": "0.74560000", "time": "2025-07-15T23:19:36.969345Z", "fetched_at": "2025-07-15T23:20:19.627976+00:00", "symbol": "ADA-USD"}, {"trade_id": 143781855, "side": "sell", "size": "329.56445000", "price": "0.74560000", "time": "2025-07-15T23:19:36.969345Z", "fetched_at": "2025-07-15T23:20:19.627976+00:00", "symbol": "ADA-USD"}, {"trade_id": 143781854, "side": "sell", "size": "35.17223000", "price": "0.74560000", "time": "2025-07-15T23:19:36.969345Z", "fetched_at": "2025-07-15T23:20:19.627976+00:00", "symbol": "ADA-USD"}, {"trade_id": 143781853, "side": "sell", "size": "174.36115064", "price": "0.74560000", "time": "2025-07-15T23:19:36.969345Z", "fetched_at": "2025-07-15T23:20:19.627976+00:00", "symbol": "ADA-USD"}, {"trade_id": 143781852, "side": "sell", "size": "1.50000000", "price": "0.74560000", "time": "2025-07-15T23:19:36.969345Z", "fetched_at": "2025-07-15T23:20:19.627976+00:00", "symbol": "ADA-USD"}, {"trade_id": 143781851, "side": "sell", "size": "329.50450000", "price": "0.74540000", "time": "2025-07-15T23:19:33.499751Z", "fetched_at": "2025-07-15T23:20:19.627976+00:00", "symbol": "ADA-USD"}, {"trade_id": 143781850, "side": "sell", "size": "34.87254000", "price": "0.74540000", "time": "2025-07-15T23:19:33.499751Z", "fetched_at": "2025-07-15T23:20:19.627976+00:00", "symbol": "ADA-USD"}, {"trade_id": 143781849, "side": "buy", "size": "92.24082769", "price": "0.74530000", "time": "2025-07-15T23:19:31.296983Z", "fetched_at": "2025-07-15T23:20:19.627976+00:00", "symbol": "ADA-USD"}, {"trade_id": 143781848, "side": "buy", "size": "5.65291473", "price": "0.74530000", "time": "2025-07-15T23:19:31.296983Z", "fetched_at": "2025-07-15T23:20:19.627976+00:00", "symbol": "ADA-USD"}, {"trade_id": 143781847, "side": "buy", "size": "2.10535458", "price": "0.74530000", "time": "2025-07-15T23:19:31.296983Z", "fetched_at": "2025-07-15T23:20:19.627976+00:00", "symbol": "ADA-USD"}, {"trade_id": 143781846, "side": "sell", "size": "321.15434000", "price": "0.74530000", "time": "2025-07-15T23:19:29.814585Z", "fetched_at": "2025-07-15T23:20:19.627976+00:00", "symbol": "ADA-USD"}, {"trade_id": 143781845, "side": "buy", "size": "5.37823631", "price": "0.74530000", "time": "2025-07-15T23:19:27.234409Z", "fetched_at": "2025-07-15T23:20:19.627976+00:00", "symbol": "ADA-USD"}, {"trade_id": 143781844, "side": "buy", "size": "1.50000000", "price": "0.74530000", "time": "2025-07-15T23:19:27.234409Z", "fetched_at": "2025-07-15T23:20:19.627976+00:00", "symbol": "ADA-USD"}, {"trade_id": 143781843, "side": "sell", "size": "68.50535600", "price": "0.74540000", "time": "2025-07-15T23:19:25.316806Z", "fetched_at": "2025-07-15T23:20:19.627976+00:00", "symbol": "ADA-USD"}, {"trade_id": 143781842, "side": "sell", "size": "322.52998000", "price": "0.74540000", "time": "2025-07-15T23:19:25.316806Z", "fetched_at": "2025-07-15T23:20:19.627976+00:00", "symbol": "ADA-USD"}, {"trade_id": 143781841, "side": "buy", "size": "115.71514701", "price": "0.74540000", "time": "2025-07-15T23:19:20.012454Z", "fetched_at": "2025-07-15T23:20:19.627976+00:00", "symbol": "ADA-USD"}, {"trade_id": 143781840, "side": "buy", "size": "0.00000520", "price": "0.74550000", "time": "2025-07-15T23:19:19.848962Z", "fetched_at": "2025-07-15T23:20:19.627976+00:00", "symbol": "ADA-USD"}, {"trade_id": 143781839, "side": "buy", "size": "115.69962000", "price": "0.74550000", "time": "2025-07-15T23:19:19.845042Z", "fetched_at": "2025-07-15T23:20:19.627976+00:00", "symbol": "ADA-USD"}, {"trade_id": 143781838, "side": "buy", "size": "114.06085577", "price": "0.74550000", "time": "2025-07-15T23:19:19.836965Z", "fetched_at": "2025-07-15T23:20:19.627976+00:00", "symbol": "ADA-USD"}, {"trade_id": 143781837, "side": "buy", "size": "1.94340423", "price": "0.74550000", "time": "2025-07-15T23:19:19.836965Z", "fetched_at": "2025-07-15T23:20:19.627976+00:00", "symbol": "ADA-USD"}, {"trade_id": 143781836, "side": "sell", "size": "174.38476293", "price": "0.74550000", "time": "2025-07-15T23:19:17.919092Z", "fetched_at": "2025-07-15T23:20:19.627976+00:00", "symbol": "ADA-USD"}, {"trade_id": 143781835, "side": "sell", "size": "30.30113700", "price": "0.74550000", "time": "2025-07-15T23:19:17.844718Z", "fetched_at": "2025-07-15T23:20:19.627976+00:00", "symbol": "ADA-USD"}, {"trade_id": 143781834, "side": "sell", "size": "1.50000000", "price": "0.74550000", "time": "2025-07-15T23:19:17.844718Z", "fetched_at": "2025-07-15T23:20:19.627976+00:00", "symbol": "ADA-USD"}, {"trade_id": 143781833, "side": "sell", "size": "174.38476293", "price": "0.74540000", "time": "2025-07-15T23:19:17.615098Z", "fetched_at": "2025-07-15T23:20:19.627976+00:00", "symbol": "ADA-USD"}, {"trade_id": 143781832, "side": "sell", "size": "453.90736000", "price": "0.74530000", "time": "2025-07-15T23:19:17.475563Z", "fetched_at": "2025-07-15T23:20:19.627976+00:00", "symbol": "ADA-USD"}, {"trade_id": 143781831, "side": "buy", "size": "52.61008252", "price": "0.74520000", "time": "2025-07-15T23:19:16.250060Z", "fetched_at": "2025-07-15T23:20:19.627976+00:00", "symbol": "ADA-USD"}, {"trade_id": 143781830, "side": "buy", "size": "1.60355148", "price": "0.74520000", "time": "2025-07-15T23:19:16.250060Z", "fetched_at": "2025-07-15T23:20:19.627976+00:00", "symbol": "ADA-USD"}, {"trade_id": 143781829, "side": "buy", "size": "0.19317300", "price": "0.74520000", "time": "2025-07-15T23:19:15.321607Z", "fetched_at": "2025-07-15T23:20:19.627976+00:00", "symbol": "ADA-USD"}, {"trade_id": 143781828, "side": "buy", "size": "2.30200434", "price": "0.74530000", "time": "2025-07-15T23:19:13.881521Z", "fetched_at": "2025-07-15T23:20:19.627976+00:00", "symbol": "ADA-USD"}, {"trade_id": 143781827, "side": "sell", "size": "32.58620900", "price": "0.74540000", "time": "2025-07-15T23:19:12.515317Z", "fetched_at": "2025-07-15T23:20:19.627976+00:00", "symbol": "ADA-USD"}, {"trade_id": 143781826, "side": "sell", "size": "1.27484900", "price": "0.74540000", "time": "2025-07-15T23:19:12.307341Z", "fetched_at": "2025-07-15T23:20:19.627976+00:00", "symbol": "ADA-USD"}, {"trade_id": 143781825, "side": "sell", "size": "2.15191100", "price": "0.74540000", "time": "2025-07-15T23:19:10.437900Z", "fetched_at": "2025-07-15T23:20:19.627976+00:00", "symbol": "ADA-USD"}, {"trade_id": 143781824, "side": "sell", "size": "1.50000000", "price": "0.74540000", "time": "2025-07-15T23:19:10.437900Z", "fetched_at": "2025-07-15T23:20:19.627976+00:00", "symbol": "ADA-USD"}, {"trade_id": 143781823, "side": "sell", "size": "364.52133200", "price": "0.74530000", "time": "2025-07-15T23:19:09.504908Z", "fetched_at": "2025-07-15T23:20:19.627976+00:00", "symbol": "ADA-USD"}, {"trade_id": 143781822, "side": "sell", "size": "212.73806800", "price": "0.74530000", "time": "2025-07-15T23:19:08.738878Z", "fetched_at": "2025-07-15T23:20:19.627976+00:00", "symbol": "ADA-USD"}, {"trade_id": 143781821, "side": "buy", "size": "564.82857440", "price": "0.74510000", "time": "2025-07-15T23:19:05.055198Z", "fetched_at": "2025-07-15T23:20:19.627976+00:00", "symbol": "ADA-USD"}, {"trade_id": 143781820, "side": "buy", "size": "721.59686800", "price": "0.74510000", "time": "2025-07-15T23:19:05.055198Z", "fetched_at": "2025-07-15T23:20:19.627976+00:00", "symbol": "ADA-USD"}, {"trade_id": 143781819, "side": "buy", "size": "1.50000000", "price": "0.74510000", "time": "2025-07-15T23:19:05.055198Z", "fetched_at": "2025-07-15T23:20:19.627976+00:00", "symbol": "ADA-USD"}, {"trade_id": 143781818, "side": "buy", "size": "2.11671450", "price": "0.74520000", "time": "2025-07-15T23:19:05.055198Z", "fetched_at": "2025-07-15T23:20:19.627976+00:00", "symbol": "ADA-USD"}, {"trade_id": 143781817, "side": "buy", "size": "2.11379527", "price": "0.74520000", "time": "2025-07-15T23:19:04.855862Z", "fetched_at": "2025-07-15T23:20:19.627976+00:00", "symbol": "ADA-USD"}, {"trade_id": 143781816, "side": "buy", "size": "44.80724873", "price": "0.74520000", "time": "2025-07-15T23:19:04.752562Z", "fetched_at": "2025-07-15T23:20:19.627976+00:00", "symbol": "ADA-USD"}, {"trade_id": 143781815, "side": "buy", "size": "2.11379527", "price": "0.74520000", "time": "2025-07-15T23:19:04.752562Z", "fetched_at": "2025-07-15T23:20:19.627976+00:00", "symbol": "ADA-USD"}, {"trade_id": 143781814, "side": "buy", "size": "1.50000000", "price": "0.74520000", "time": "2025-07-15T23:19:04.752562Z", "fetched_at": "2025-07-15T23:20:19.627976+00:00", "symbol": "ADA-USD"}, {"trade_id": 143781813, "side": "buy", "size": "174.38000000", "price": "0.74530000", "time": "2025-07-15T23:19:02.864464Z", "fetched_at": "2025-07-15T23:20:19.627976+00:00", "symbol": "ADA-USD"}, {"trade_id": 143781812, "side": "buy", "size": "174.37325240", "price": "0.74530000", "time": "2025-07-15T23:19:02.864464Z", "fetched_at": "2025-07-15T23:20:19.627976+00:00", "symbol": "ADA-USD"}, {"trade_id": 143781811, "side": "buy", "size": "174.34985915", "price": "0.74540000", "time": "2025-07-15T23:19:02.726913Z", "fetched_at": "2025-07-15T23:20:19.627976+00:00", "symbol": "ADA-USD"}, {"trade_id": 143781810, "side": "buy", "size": "174.34985915", "price": "0.74540000", "time": "2025-07-15T23:19:02.717296Z", "fetched_at": "2025-07-15T23:20:19.627976+00:00", "symbol": "ADA-USD"}, {"trade_id": 143781809, "side": "buy", "size": "174.35000000", "price": "0.74540000", "time": "2025-07-15T23:19:02.717296Z", "fetched_at": "2025-07-15T23:20:19.627976+00:00", "symbol": "ADA-USD"}, {"trade_id": 143781808, "side": "sell", "size": "174.40953392", "price": "0.74540000", "time": "2025-07-15T23:18:58.466639Z", "fetched_at": "2025-07-15T23:20:19.627976+00:00", "symbol": "ADA-USD"}, {"trade_id": 143781807, "side": "sell", "size": "1.50000000", "price": "0.74540000", "time": "2025-07-15T23:18:58.466639Z", "fetched_at": "2025-07-15T23:20:19.627976+00:00", "symbol": "ADA-USD"}, {"trade_id": 143781806, "side": "sell", "size": "51.55266132", "price": "0.74540000", "time": "2025-07-15T23:18:58.466639Z", "fetched_at": "2025-07-15T23:20:19.627976+00:00", "symbol": "ADA-USD"}, {"trade_id": 143781805, "side": "sell", "size": "58.73328255", "price": "0.74530000", "time": "2025-07-15T23:18:58.272110Z", "fetched_at": "2025-07-15T23:20:19.627976+00:00", "symbol": "ADA-USD"}, {"trade_id": 143781804, "side": "sell", "size": "115.65240000", "price": "0.74530000", "time": "2025-07-15T23:18:58.267989Z", "fetched_at": "2025-07-15T23:20:19.627976+00:00", "symbol": "ADA-USD"}, {"trade_id": 143781803, "side": "buy", "size": "10.78498053", "price": "0.74520000", "time": "2025-07-15T23:18:57.271488Z", "fetched_at": "2025-07-15T23:20:19.627976+00:00", "symbol": "ADA-USD"}, {"trade_id": 143781802, "side": "buy", "size": "1.50000000", "price": "0.74520000", "time": "2025-07-15T23:18:57.271488Z", "fetched_at": "2025-07-15T23:20:19.627976+00:00", "symbol": "ADA-USD"}, {"trade_id": 143781801, "side": "sell", "size": "128.00000000", "price": "0.74530000", "time": "2025-07-15T23:18:57.122368Z", "fetched_at": "2025-07-15T23:20:19.627976+00:00", "symbol": "ADA-USD"}, {"trade_id": 143781800, "side": "sell", "size": "5.17025300", "price": "0.74530000", "time": "2025-07-15T23:18:56.834176Z", "fetched_at": "2025-07-15T23:20:19.627976+00:00", "symbol": "ADA-USD"}, {"trade_id": 143781799, "side": "sell", "size": "400.00000000", "price": "0.74530000", "time": "2025-07-15T23:18:53.701586Z", "fetched_at": "2025-07-15T23:20:19.627976+00:00", "symbol": "ADA-USD"}, {"trade_id": 143781798, "side": "buy", "size": "11.19245480", "price": "0.74530000", "time": "2025-07-15T23:18:52.830207Z", "fetched_at": "2025-07-15T23:20:19.627976+00:00", "symbol": "ADA-USD"}, {"trade_id": 143781797, "side": "buy", "size": "10.87217050", "price": "0.74530000", "time": "2025-07-15T23:18:52.792969Z", "fetched_at": "2025-07-15T23:20:19.627976+00:00", "symbol": "ADA-USD"}, {"trade_id": 143781796, "side": "buy", "size": "1.50000000", "price": "0.74530000", "time": "2025-07-15T23:18:52.792969Z", "fetched_at": "2025-07-15T23:20:19.627976+00:00", "symbol": "ADA-USD"}, {"trade_id": 143781795, "side": "buy", "size": "10.87071193", "price": "0.74540000", "time": "2025-07-15T23:18:52.062435Z", "fetched_at": "2025-07-15T23:20:19.627976+00:00", "symbol": "ADA-USD"}, {"trade_id": 143781794, "side": "buy", "size": "10.68336583", "price": "0.74540000", "time": "2025-07-15T23:18:52.052105Z", "fetched_at": "2025-07-15T23:20:19.627976+00:00", "symbol": "ADA-USD"}, {"trade_id": 143781793, "side": "buy", "size": "51.55266131", "price": "0.74540000", "time": "2025-07-15T23:18:52.052105Z", "fetched_at": "2025-07-15T23:20:19.627976+00:00", "symbol": "ADA-USD"}, {"trade_id": 143781792, "side": "buy", "size": "1.50000000", "price": "0.74540000", "time": "2025-07-15T23:18:52.052105Z", "fetched_at": "2025-07-15T23:20:19.627976+00:00", "symbol": "ADA-USD"}, {"trade_id": 143781791, "side": "buy", "size": "12.29403386", "price": "0.74550000", "time": "2025-07-15T23:18:50.369583Z", "fetched_at": "2025-07-15T23:20:19.627976+00:00", "symbol": "ADA-USD"}, {"trade_id": 143781790, "side": "buy", "size": "3.51933186", "price": "0.74550000", "time": "2025-07-15T23:18:50.369583Z", "fetched_at": "2025-07-15T23:20:19.627976+00:00", "symbol": "ADA-USD"}, {"trade_id": 143781789, "side": "buy", "size": "14.15731186", "price": "0.74560000", "time": "2025-07-15T23:18:50.038704Z", "fetched_at": "2025-07-15T23:20:19.627976+00:00", "symbol": "ADA-USD"}, {"trade_id": 143781788, "side": "sell", "size": "50.00000000", "price": "0.74570000", "time": "2025-07-15T23:18:47.854271Z", "fetched_at": "2025-07-15T23:20:19.627976+00:00", "symbol": "ADA-USD"}, {"trade_id": 143781787, "side": "sell", "size": "250.00000000", "price": "0.74570000", "time": "2025-07-15T23:18:44.746429Z", "fetched_at": "2025-07-15T23:20:19.627976+00:00", "symbol": "ADA-USD"}, {"trade_id": 143781786, "side": "buy", "size": "13.40842000", "price": "0.74560000", "time": "2025-07-15T23:18:43.731565Z", "fetched_at": "2025-07-15T23:20:19.627976+00:00", "symbol": "ADA-USD"}, {"trade_id": 143781785, "side": "buy", "size": "444.85856224", "price": "0.74550000", "time": "2025-07-15T23:18:41.935508Z", "fetched_at": "2025-07-15T23:20:19.627976+00:00", "symbol": "ADA-USD"}, {"trade_id": 143781784, "side": "buy", "size": "625.95447405", "price": "0.74550000", "time": "2025-07-15T23:18:41.935508Z", "fetched_at": "2025-07-15T23:20:19.627976+00:00", "symbol": "ADA-USD"}, {"trade_id": 143781783, "side": "buy", "size": "831.26177570", "price": "0.74550000", "time": "2025-07-15T23:18:41.935508Z", "fetched_at": "2025-07-15T23:20:19.627976+00:00", "symbol": "ADA-USD"}, {"trade_id": 143781782, "side": "buy", "size": "1.50000000", "price": "0.74550000", "time": "2025-07-15T23:18:41.935508Z", "fetched_at": "2025-07-15T23:20:19.627976+00:00", "symbol": "ADA-USD"}, {"trade_id": 143781781, "side": "buy", "size": "616.49131535", "price": "0.74560000", "time": "2025-07-15T23:18:41.935508Z", "fetched_at": "2025-07-15T23:20:19.627976+00:00", "symbol": "ADA-USD"}, {"trade_id": 143781780, "side": "buy", "size": "19.76268966", "price": "0.74560000", "time": "2025-07-15T23:18:41.935508Z", "fetched_at": "2025-07-15T23:20:19.627976+00:00", "symbol": "ADA-USD"}, {"trade_id": 143781779, "side": "sell", "size": "1360.52141118", "price": "0.74560000", "time": "2025-07-15T23:18:39.119453Z", "fetched_at": "2025-07-15T23:20:19.627976+00:00", "symbol": "ADA-USD"}, {"trade_id": 143781778, "side": "sell", "size": "316.71654000", "price": "0.74560000", "time": "2025-07-15T23:18:39.119453Z", "fetched_at": "2025-07-15T23:20:19.627976+00:00", "symbol": "ADA-USD"}, {"trade_id": 143781777, "side": "buy", "size": "27.56711164", "price": "0.74560000", "time": "2025-07-15T23:18:39.067070Z", "fetched_at": "2025-07-15T23:20:19.627976+00:00", "symbol": "ADA-USD"}, {"trade_id": 143781776, "side": "buy", "size": "1.50000000", "price": "0.74560000", "time": "2025-07-15T23:18:39.067070Z", "fetched_at": "2025-07-15T23:20:19.627976+00:00", "symbol": "ADA-USD"}, {"trade_id": 143781775, "side": "sell", "size": "550.00000000", "price": "0.74570000", "time": "2025-07-15T23:18:38.712099Z", "fetched_at": "2025-07-15T23:20:19.627976+00:00", "symbol": "ADA-USD"}, {"trade_id": 143781774, "side": "buy", "size": "0.00005722", "price": "0.74570000", "time": "2025-07-15T23:18:37.779680Z", "fetched_at": "2025-07-15T23:20:19.627976+00:00", "symbol": "ADA-USD"}, {"trade_id": 143781773, "side": "buy", "size": "70.54680000", "price": "0.74570000", "time": "2025-07-15T23:18:37.776025Z", "fetched_at": "2025-07-15T23:20:19.627976+00:00", "symbol": "ADA-USD"}, {"trade_id": 143781772, "side": "sell", "size": "1033.20804216", "price": "0.74580000", "time": "2025-07-15T23:18:33.469689Z", "fetched_at": "2025-07-15T23:20:19.627976+00:00", "symbol": "ADA-USD"}, {"trade_id": 143781771, "side": "sell", "size": "174.24515779", "price": "0.74580000", "time": "2025-07-15T23:18:33.469689Z", "fetched_at": "2025-07-15T23:20:19.627976+00:00", "symbol": "ADA-USD"}, {"trade_id": 143781770, "side": "sell", "size": "668.95015378", "price": "0.74580000", "time": "2025-07-15T23:18:33.469689Z", "fetched_at": "2025-07-15T23:20:19.627976+00:00", "symbol": "ADA-USD"}, {"trade_id": 143781769, "side": "sell", "size": "731.99614848", "price": "0.74570000", "time": "2025-07-15T23:18:33.469689Z", "fetched_at": "2025-07-15T23:20:19.627976+00:00", "symbol": "ADA-USD"}, {"trade_id": 143781768, "side": "sell", "size": "319.97220000", "price": "0.74570000", "time": "2025-07-15T23:18:33.469689Z", "fetched_at": "2025-07-15T23:20:19.627976+00:00", "symbol": "ADA-USD"}, {"trade_id": 143781767, "side": "buy", "size": "12.78900839", "price": "0.74570000", "time": "2025-07-15T23:18:33.209641Z", "fetched_at": "2025-07-15T23:20:19.627976+00:00", "symbol": "ADA-USD"}, {"trade_id": 143781766, "side": "buy", "size": "895.09146857", "price": "0.74570000", "time": "2025-07-15T23:18:31.610292Z", "fetched_at": "2025-07-15T23:20:19.627976+00:00", "symbol": "ADA-USD"}, {"trade_id": 143781765, "side": "buy", "size": "15.45772343", "price": "0.74580000", "time": "2025-07-15T23:18:31.610292Z", "fetched_at": "2025-07-15T23:20:19.627976+00:00", "symbol": "ADA-USD"}, {"trade_id": 143781764, "side": "buy", "size": "74.25286253", "price": "0.74570000", "time": "2025-07-15T23:18:30.018813Z", "fetched_at": "2025-07-15T23:20:19.627976+00:00", "symbol": "ADA-USD"}, {"trade_id": 143781763, "side": "buy", "size": "831.26177570", "price": "0.74570000", "time": "2025-07-15T23:18:30.018813Z", "fetched_at": "2025-07-15T23:20:19.627976+00:00", "symbol": "ADA-USD"}, {"trade_id": 143781762, "side": "buy", "size": "4.69244247", "price": "0.74570000", "time": "2025-07-15T23:18:30.018813Z", "fetched_at": "2025-07-15T23:20:19.627976+00:00", "symbol": "ADA-USD"}, {"trade_id": 143781761, "side": "buy", "size": "17.25031930", "price": "0.74580000", "time": "2025-07-15T23:18:30.018813Z", "fetched_at": "2025-07-15T23:20:19.627976+00:00", "symbol": "ADA-USD"}, {"trade_id": 143781760, "side": "sell", "size": "1.50000000", "price": "0.74580000", "time": "2025-07-15T23:18:27.512127Z", "fetched_at": "2025-07-15T23:20:19.627976+00:00", "symbol": "ADA-USD"}, {"trade_id": 143781759, "side": "sell", "size": "358.84726000", "price": "0.74570000", "time": "2025-07-15T23:18:27.231592Z", "fetched_at": "2025-07-15T23:20:19.627976+00:00", "symbol": "ADA-USD"}, {"trade_id": 143781758, "side": "sell", "size": "181.58630000", "price": "0.74570000", "time": "2025-07-15T23:18:27.231592Z", "fetched_at": "2025-07-15T23:20:19.627976+00:00", "symbol": "ADA-USD"}, {"trade_id": 143781757, "side": "sell", "size": "1304.36722300", "price": "0.74570000", "time": "2025-07-15T23:18:25.858Z", "fetched_at": "2025-07-15T23:20:19.627976+00:00", "symbol": "ADA-USD"}, {"trade_id": 143781756, "side": "sell", "size": "367.83738000", "price": "0.74560000", "time": "2025-07-15T23:18:25.858Z", "fetched_at": "2025-07-15T23:20:19.627976+00:00", "symbol": "ADA-USD"}, {"trade_id": 143781755, "side": "sell", "size": "319.41438000", "price": "0.74560000", "time": "2025-07-15T23:18:25.858Z", "fetched_at": "2025-07-15T23:20:19.627976+00:00", "symbol": "ADA-USD"}, {"trade_id": 143781754, "side": "buy", "size": "677.30686700", "price": "0.74550000", "time": "2025-07-15T23:18:22.979539Z", "fetched_at": "2025-07-15T23:20:19.627976+00:00", "symbol": "ADA-USD"}, {"trade_id": 143781753, "side": "buy", "size": "15.57811640", "price": "0.74560000", "time": "2025-07-15T23:18:22.465971Z", "fetched_at": "2025-07-15T23:20:19.627976+00:00", "symbol": "ADA-USD"}, {"trade_id": 143781752, "side": "buy", "size": "27.61231260", "price": "0.74570000", "time": "2025-07-15T23:18:21.735465Z", "fetched_at": "2025-07-15T23:20:19.627976+00:00", "symbol": "ADA-USD"}, {"trade_id": 143781751, "side": "sell", "size": "19.53982300", "price": "0.74580000", "time": "2025-07-15T23:18:21.655Z", "fetched_at": "2025-07-15T23:20:19.627976+00:00", "symbol": "ADA-USD"}, {"trade_id": 143781750, "side": "buy", "size": "27.60861023", "price": "0.74580000", "time": "2025-07-15T23:18:21.617420Z", "fetched_at": "2025-07-15T23:20:19.627976+00:00", "symbol": "ADA-USD"}, {"trade_id": 143781749, "side": "buy", "size": "53.91846000", "price": "0.74580000", "time": "2025-07-15T23:18:21.293612Z", "fetched_at": "2025-07-15T23:20:19.627976+00:00", "symbol": "ADA-USD"}, {"trade_id": 143781748, "side": "buy", "size": "448.10062937", "price": "0.74590000", "time": "2025-07-15T23:18:18.183064Z", "fetched_at": "2025-07-15T23:20:19.627976+00:00", "symbol": "ADA-USD"}, {"trade_id": 143781747, "side": "buy", "size": "64.91878311", "price": "0.74590000", "time": "2025-07-15T23:18:18.128171Z", "fetched_at": "2025-07-15T23:20:19.627976+00:00", "symbol": "ADA-USD"}, {"trade_id": 143781746, "side": "buy", "size": "3.07141689", "price": "0.74590000", "time": "2025-07-15T23:18:18.128171Z", "fetched_at": "2025-07-15T23:20:19.627976+00:00", "symbol": "ADA-USD"}, {"trade_id": 143781745, "side": "sell", "size": "670.34979408", "price": "0.74590000", "time": "2025-07-15T23:18:18.118378Z", "fetched_at": "2025-07-15T23:20:19.627976+00:00", "symbol": "ADA-USD"}, {"trade_id": 143781744, "side": "sell", "size": "275.69095044", "price": "0.74590000", "time": "2025-07-15T23:18:18.118378Z", "fetched_at": "2025-07-15T23:20:19.627976+00:00", "symbol": "ADA-USD"}, {"trade_id": 143781743, "side": "sell", "size": "594.00000000", "price": "0.74590000", "time": "2025-07-15T23:18:18.118378Z", "fetched_at": "2025-07-15T23:20:19.627976+00:00", "symbol": "ADA-USD"}, {"trade_id": 143781742, "side": "sell", "size": "1.50000000", "price": "0.74590000", "time": "2025-07-15T23:18:18.118378Z", "fetched_at": "2025-07-15T23:20:19.627976+00:00", "symbol": "ADA-USD"}, {"trade_id": 143781741, "side": "sell", "size": "174.29229186", "price": "0.74580000", "time": "2025-07-15T23:18:18.116784Z", "fetched_at": "2025-07-15T23:20:19.627976+00:00", "symbol": "ADA-USD"}, {"trade_id": 143781740, "side": "sell", "size": "1.50000000", "price": "0.74580000", "time": "2025-07-15T23:18:18.116784Z", "fetched_at": "2025-07-15T23:20:19.627976+00:00", "symbol": "ADA-USD"}, {"trade_id": 143781739, "side": "sell", "size": "294.03710400", "price": "0.74570000", "time": "2025-07-15T23:18:18.115263Z", "fetched_at": "2025-07-15T23:20:19.627976+00:00", "symbol": "ADA-USD"}, {"trade_id": 143781738, "side": "sell", "size": "26.06101600", "price": "0.74570000", "time": "2025-07-15T23:18:18.108804Z", "fetched_at": "2025-07-15T23:20:19.627976+00:00", "symbol": "ADA-USD"}, {"trade_id": 143781737, "side": "buy", "size": "259.62510512", "price": "0.74550000", "time": "2025-07-15T23:18:17.806157Z", "fetched_at": "2025-07-15T23:20:19.627976+00:00", "symbol": "ADA-USD"}, {"trade_id": 143781736, "side": "buy", "size": "831.26177570", "price": "0.74550000", "time": "2025-07-15T23:18:17.806157Z", "fetched_at": "2025-07-15T23:20:19.627976+00:00", "symbol": "ADA-USD"}, {"trade_id": 143781735, "side": "buy", "size": "602.67753445", "price": "0.74550000", "time": "2025-07-15T23:18:17.806157Z", "fetched_at": "2025-07-15T23:20:19.627976+00:00", "symbol": "ADA-USD"}, {"trade_id": 143781734, "side": "buy", "size": "622.32056905", "price": "0.74550000", "time": "2025-07-15T23:18:17.806157Z", "fetched_at": "2025-07-15T23:20:19.627976+00:00", "symbol": "ADA-USD"}, {"trade_id": 143781733, "side": "buy", "size": "5037.20000000", "price": "0.74550000", "time": "2025-07-15T23:18:17.806157Z", "fetched_at": "2025-07-15T23:20:19.627976+00:00", "symbol": "ADA-USD"}, {"trade_id": 143781732, "side": "buy", "size": "1.50000000", "price": "0.74550000", "time": "2025-07-15T23:18:17.806157Z", "fetched_at": "2025-07-15T23:20:19.627976+00:00", "symbol": "ADA-USD"}, {"trade_id": 143781731, "side": "buy", "size": "477.18099783", "price": "0.74550000", "time": "2025-07-15T23:18:17.806157Z", "fetched_at": "2025-07-15T23:20:19.627976+00:00", "symbol": "ADA-USD"}, {"trade_id": 143781730, "side": "buy", "size": "7.28039559", "price": "0.74560000", "time": "2025-07-15T23:18:17.806157Z", "fetched_at": "2025-07-15T23:20:19.627976+00:00", "symbol": "ADA-USD"}, {"trade_id": 143781729, "side": "buy", "size": "10.95362226", "price": "0.74560000", "time": "2025-07-15T23:18:17.806157Z", "fetched_at": "2025-07-15T23:20:19.627976+00:00", "symbol": "ADA-USD"}, {"trade_id": 143781728, "side": "buy", "size": "29.33918362", "price": "0.74550000", "time": "2025-07-15T23:18:17.588339Z", "fetched_at": "2025-07-15T23:20:19.627976+00:00", "symbol": "ADA-USD"}, {"trade_id": 143781727, "side": "buy", "size": "10.95362226", "price": "0.74560000", "time": "2025-07-15T23:18:17.588339Z", "fetched_at": "2025-07-15T23:20:19.627976+00:00", "symbol": "ADA-USD"}, {"trade_id": 143781726, "side": "buy", "size": "9.70719412", "price": "0.74560000", "time": "2025-07-15T23:18:17.588339Z", "fetched_at": "2025-07-15T23:20:19.627976+00:00", "symbol": "ADA-USD"}, {"trade_id": 143781725, "side": "buy", "size": "12.15930718", "price": "0.74570000", "time": "2025-07-15T23:18:17.258084Z", "fetched_at": "2025-07-15T23:20:19.627976+00:00", "symbol": "ADA-USD"}, {"trade_id": 143781724, "side": "buy", "size": "14.03869388", "price": "0.74570000", "time": "2025-07-15T23:18:15.887447Z", "fetched_at": "2025-07-15T23:20:19.627976+00:00", "symbol": "ADA-USD"}, {"trade_id": 143781723, "side": "sell", "size": "257.97139300", "price": "0.74570000", "time": "2025-07-15T23:18:12.557846Z", "fetched_at": "2025-07-15T23:20:19.627976+00:00", "symbol": "ADA-USD"}, {"trade_id": 143781722, "side": "sell", "size": "32.58395900", "price": "0.74570000", "time": "2025-07-15T23:18:12.359062Z", "fetched_at": "2025-07-15T23:20:19.627976+00:00", "symbol": "ADA-USD"}, {"trade_id": 143781721, "side": "sell", "size": "26.06800800", "price": "0.74570000", "time": "2025-07-15T23:18:10.742180Z", "fetched_at": "2025-07-15T23:20:19.627976+00:00", "symbol": "ADA-USD"}, {"trade_id": 143781720, "side": "sell", "size": "6.63805800", "price": "0.74570000", "time": "2025-07-15T23:18:07.275317Z", "fetched_at": "2025-07-15T23:20:19.627976+00:00", "symbol": "ADA-USD"}, {"trade_id": 143781719, "side": "buy", "size": "157.47297388", "price": "0.74550000", "time": "2025-07-15T23:18:07.133986Z", "fetched_at": "2025-07-15T23:20:19.627976+00:00", "symbol": "ADA-USD"}, {"trade_id": 143781718, "side": "buy", "size": "9.57341728", "price": "0.74550000", "time": "2025-07-15T23:18:07.133986Z", "fetched_at": "2025-07-15T23:20:19.627976+00:00", "symbol": "ADA-USD"}, {"trade_id": 143781717, "side": "buy", "size": "17.51307084", "price": "0.74560000", "time": "2025-07-15T23:18:07.133986Z", "fetched_at": "2025-07-15T23:20:19.627976+00:00", "symbol": "ADA-USD"}, {"trade_id": 143781716, "side": "buy", "size": "3.36950822", "price": "0.74550000", "time": "2025-07-15T23:18:06.615645Z", "fetched_at": "2025-07-15T23:20:19.627976+00:00", "symbol": "ADA-USD"}, {"trade_id": 143781715, "side": "buy", "size": "21.88543278", "price": "0.74560000", "time": "2025-07-15T23:18:06.615645Z", "fetched_at": "2025-07-15T23:20:19.627976+00:00", "symbol": "ADA-USD"}, {"trade_id": 143781714, "side": "buy", "size": "29.53306935", "price": "0.74570000", "time": "2025-07-15T23:18:06.219440Z", "fetched_at": "2025-07-15T23:20:19.627976+00:00", "symbol": "ADA-USD"}, {"trade_id": 143781713, "side": "sell", "size": "35.16760000", "price": "0.74570000", "time": "2025-07-15T23:18:05.662841Z", "fetched_at": "2025-07-15T23:20:19.627976+00:00", "symbol": "ADA-USD"}, {"trade_id": 143781712, "side": "sell", "size": "174.33804055", "price": "0.74570000", "time": "2025-07-15T23:18:05.662841Z", "fetched_at": "2025-07-15T23:20:19.627976+00:00", "symbol": "ADA-USD"}, {"trade_id": 143781711, "side": "sell", "size": "1.50000000", "price": "0.74570000", "time": "2025-07-15T23:18:05.662841Z", "fetched_at": "2025-07-15T23:20:19.627976+00:00", "symbol": "ADA-USD"}, {"trade_id": 143781710, "side": "buy", "size": "61.65855329", "price": "0.74560000", "time": "2025-07-15T23:18:05.446068Z", "fetched_at": "2025-07-15T23:20:19.627976+00:00", "symbol": "ADA-USD"}, {"trade_id": 143781709, "side": "buy", "size": "6.33164671", "price": "0.74560000", "time": "2025-07-15T23:18:05.446068Z", "fetched_at": "2025-07-15T23:20:19.627976+00:00", "symbol": "ADA-USD"}, {"trade_id": 143781708, "side": "sell", "size": "171.13442000", "price": "0.74560000", "time": "2025-07-15T23:18:05.409132Z", "fetched_at": "2025-07-15T23:20:19.627976+00:00", "symbol": "ADA-USD"}, {"trade_id": 143781707, "side": "sell", "size": "337.26705000", "price": "0.74560000", "time": "2025-07-15T23:18:04.739068Z", "fetched_at": "2025-07-15T23:20:19.627976+00:00", "symbol": "ADA-USD"}, {"trade_id": 143781706, "side": "sell", "size": "162.73295000", "price": "0.74550000", "time": "2025-07-15T23:18:04.739068Z", "fetched_at": "2025-07-15T23:20:19.627976+00:00", "symbol": "ADA-USD"}, {"trade_id": 143781705, "side": "buy", "size": "432.78594023", "price": "0.74540000", "time": "2025-07-15T23:18:03.309411Z", "fetched_at": "2025-07-15T23:20:19.627976+00:00", "symbol": "ADA-USD"}, {"trade_id": 143781704, "side": "buy", "size": "4.71348910", "price": "0.74540000", "time": "2025-07-15T23:18:03.309411Z", "fetched_at": "2025-07-15T23:20:19.627976+00:00", "symbol": "ADA-USD"}, {"trade_id": 143781703, "side": "buy", "size": "1341.56157767", "price": "0.74540000", "time": "2025-07-15T23:18:03.309411Z", "fetched_at": "2025-07-15T23:20:19.627976+00:00", "symbol": "ADA-USD"}, {"trade_id": 143781702, "side": "buy", "size": "298.17788000", "price": "0.74540000", "time": "2025-07-15T23:18:03.309411Z", "fetched_at": "2025-07-15T23:20:19.627976+00:00", "symbol": "ADA-USD"}, {"trade_id": 143781701, "side": "buy", "size": "229.05062000", "price": "0.74540000", "time": "2025-07-15T23:18:03.309411Z", "fetched_at": "2025-07-15T23:20:19.627976+00:00", "symbol": "ADA-USD"}, {"trade_id": 143781700, "side": "sell", "size": "135.46467000", "price": "0.74540000", "time": "2025-07-15T23:18:02.857072Z", "fetched_at": "2025-07-15T23:20:19.627976+00:00", "symbol": "ADA-USD"}, {"trade_id": 143781699, "side": "buy", "size": "4.30411549", "price": "0.74540000", "time": "2025-07-15T23:18:02.127939Z", "fetched_at": "2025-07-15T23:20:19.627976+00:00", "symbol": "ADA-USD"}, {"trade_id": 143781698, "side": "buy", "size": "1.50000000", "price": "0.74540000", "time": "2025-07-15T23:18:02.127939Z", "fetched_at": "2025-07-15T23:20:19.627976+00:00", "symbol": "ADA-USD"}, {"trade_id": 143781697, "side": "sell", "size": "13.27433600", "price": "0.74550000", "time": "2025-07-15T23:18:01.467504Z", "fetched_at": "2025-07-15T23:20:19.627976+00:00", "symbol": "ADA-USD"}, {"trade_id": 143781696, "side": "buy", "size": "5.10118446", "price": "0.74550000", "time": "2025-07-15T23:17:59.786728Z", "fetched_at": "2025-07-15T23:20:19.627976+00:00", "symbol": "ADA-USD"}, {"trade_id": 143781695, "side": "buy", "size": "1.50000000", "price": "0.74550000", "time": "2025-07-15T23:17:59.786728Z", "fetched_at": "2025-07-15T23:20:19.627976+00:00", "symbol": "ADA-USD"}, {"trade_id": 143781694, "side": "buy", "size": "5.46419319", "price": "0.74560000", "time": "2025-07-15T23:17:59.310323Z", "fetched_at": "2025-07-15T23:20:19.627976+00:00", "symbol": "ADA-USD"}, {"trade_id": 143781693, "side": "buy", "size": "0.00003965", "price": "0.74570000", "time": "2025-07-15T23:17:56.466520Z", "fetched_at": "2025-07-15T23:20:19.627976+00:00", "symbol": "ADA-USD"}, {"trade_id": 143781692, "side": "buy", "size": "6.03860000", "price": "0.74570000", "time": "2025-07-15T23:17:56.463287Z", "fetched_at": "2025-07-15T23:20:19.627976+00:00", "symbol": "ADA-USD"}, {"trade_id": 143781691, "side": "buy", "size": "80.14314577", "price": "0.74560000", "time": "2025-07-15T23:17:54.430487Z", "fetched_at": "2025-07-15T23:20:19.627976+00:00", "symbol": "ADA-USD"}, {"trade_id": 143781690, "side": "buy", "size": "562.54301417", "price": "0.74560000", "time": "2025-07-15T23:17:54.430487Z", "fetched_at": "2025-07-15T23:20:19.627976+00:00", "symbol": "ADA-USD"}, {"trade_id": 143781689, "side": "buy", "size": "1.50000000", "price": "0.74560000", "time": "2025-07-15T23:17:54.430487Z", "fetched_at": "2025-07-15T23:20:19.627976+00:00", "symbol": "ADA-USD"}, {"trade_id": 143781688, "side": "buy", "size": "174.27971706", "price": "0.74570000", "time": "2025-07-15T23:17:54.430487Z", "fetched_at": "2025-07-15T23:20:19.627976+00:00", "symbol": "ADA-USD"}, {"trade_id": 143781687, "side": "buy", "size": "1.38102300", "price": "0.74570000", "time": "2025-07-15T23:17:54.430487Z", "fetched_at": "2025-07-15T23:20:19.627976+00:00", "symbol": "ADA-USD"}, {"trade_id": 143781686, "side": "buy", "size": "0.11897700", "price": "0.74570000", "time": "2025-07-15T23:17:54.303454Z", "fetched_at": "2025-07-15T23:20:19.627976+00:00", "symbol": "ADA-USD"}, {"trade_id": 143781685, "side": "buy", "size": "0.00001703", "price": "0.74580000", "time": "2025-07-15T23:17:54.140244Z", "fetched_at": "2025-07-15T23:20:19.627976+00:00", "symbol": "ADA-USD"}, {"trade_id": 143781684, "side": "buy", "size": "174.25633187", "price": "0.74580000", "time": "2025-07-15T23:17:54.136962Z", "fetched_at": "2025-07-15T23:20:19.627976+00:00", "symbol": "ADA-USD"}, {"trade_id": 143781683, "side": "buy", "size": "808.21254813", "price": "0.74580000", "time": "2025-07-15T23:17:54.136962Z", "fetched_at": "2025-07-15T23:20:19.627976+00:00", "symbol": "ADA-USD"}, {"trade_id": 143781682, "side": "buy", "size": "67.99020000", "price": "0.74580000", "time": "2025-07-15T23:17:53.996275Z", "fetched_at": "2025-07-15T23:20:19.627976+00:00", "symbol": "ADA-USD"}, {"trade_id": 143781681, "side": "sell", "size": "353.45478365", "price": "0.74600000", "time": "2025-07-15T23:17:51.204539Z", "fetched_at": "2025-07-15T23:20:19.627976+00:00", "symbol": "ADA-USD"}, {"trade_id": 143781680, "side": "sell", "size": "1711.23148000", "price": "0.74600000", "time": "2025-07-15T23:17:51.204539Z", "fetched_at": "2025-07-15T23:20:19.627976+00:00", "symbol": "ADA-USD"}, {"trade_id": 143781679, "side": "sell", "size": "2010.72386058", "price": "0.74600000", "time": "2025-07-15T23:17:51.204539Z", "fetched_at": "2025-07-15T23:20:19.627976+00:00", "symbol": "ADA-USD"}, {"trade_id": 143781678, "side": "sell", "size": "594.00000000", "price": "0.74600000", "time": "2025-07-15T23:17:51.204539Z", "fetched_at": "2025-07-15T23:20:19.627976+00:00", "symbol": "ADA-USD"}, {"trade_id": 143781677, "side": "sell", "size": "1612.64991000", "price": "0.74590000", "time": "2025-07-15T23:17:51.204539Z", "fetched_at": "2025-07-15T23:20:19.627976+00:00", "symbol": "ADA-USD"}, {"trade_id": 143781676, "side": "sell", "size": "652.67977046", "price": "0.74590000", "time": "2025-07-15T23:17:51.204539Z", "fetched_at": "2025-07-15T23:20:19.627976+00:00", "symbol": "ADA-USD"}, {"trade_id": 143781675, "side": "sell", "size": "174.24479977", "price": "0.74590000", "time": "2025-07-15T23:17:51.204539Z", "fetched_at": "2025-07-15T23:20:19.627976+00:00", "symbol": "ADA-USD"}, {"trade_id": 143781674, "side": "sell", "size": "891.06280000", "price": "0.74590000", "time": "2025-07-15T23:17:51.204539Z", "fetched_at": "2025-07-15T23:20:19.627976+00:00", "symbol": "ADA-USD"}, {"trade_id": 143781673, "side": "buy", "size": "134.10464500", "price": "0.74580000", "time": "2025-07-15T23:17:48.984620Z", "fetched_at": "2025-07-15T23:20:19.627976+00:00", "symbol": "ADA-USD"}, {"trade_id": 143781672, "side": "sell", "size": "174.26865518", "price": "0.74590000", "time": "2025-07-15T23:17:47.542701Z", "fetched_at": "2025-07-15T23:20:19.627976+00:00", "symbol": "ADA-USD"}, {"trade_id": 143781671, "side": "sell", "size": "69.08977219", "price": "0.74580000", "time": "2025-07-15T23:17:47.151827Z", "fetched_at": "2025-07-15T23:20:19.627976+00:00", "symbol": "ADA-USD"}, {"trade_id": 143781670, "side": "sell", "size": "162.54974465", "price": "0.74580000", "time": "2025-07-15T23:17:47.139327Z", "fetched_at": "2025-07-15T23:20:19.627976+00:00", "symbol": "ADA-USD"}, {"trade_id": 143781669, "side": "sell", "size": "90.00532076", "price": "0.74580000", "time": "2025-07-15T23:17:47.115768Z", "fetched_at": "2025-07-15T23:20:19.627976+00:00", "symbol": "ADA-USD"}, {"trade_id": 143781668, "side": "sell", "size": "224.10020240", "price": "0.74580000", "time": "2025-07-15T23:17:47.102197Z", "fetched_at": "2025-07-15T23:20:19.627976+00:00", "symbol": "ADA-USD"}, {"trade_id": 143781667, "side": "sell", "size": "451.29784000", "price": "0.74580000", "time": "2025-07-15T23:17:47.102197Z", "fetched_at": "2025-07-15T23:20:19.627976+00:00", "symbol": "ADA-USD"}, {"trade_id": 143781666, "side": "buy", "size": "17.81564060", "price": "0.74580000", "time": "2025-07-15T23:17:41.019807Z", "fetched_at": "2025-07-15T23:20:19.627976+00:00", "symbol": "ADA-USD"}, {"trade_id": 143781665, "side": "buy", "size": "2369.75757411", "price": "0.74580000", "time": "2025-07-15T23:17:40.992872Z", "fetched_at": "2025-07-15T23:20:19.627976+00:00", "symbol": "ADA-USD"}, {"trade_id": 143781664, "side": "buy", "size": "1.50000000", "price": "0.74580000", "time": "2025-07-15T23:17:40.992872Z", "fetched_at": "2025-07-15T23:20:19.627976+00:00", "symbol": "ADA-USD"}, {"trade_id": 143781663, "side": "buy", "size": "16.30807945", "price": "0.74590000", "time": "2025-07-15T23:17:40.865157Z", "fetched_at": "2025-07-15T23:20:19.627976+00:00", "symbol": "ADA-USD"}, {"trade_id": 143781662, "side": "buy", "size": "13.40302900", "price": "0.74590000", "time": "2025-07-15T23:17:37.548165Z", "fetched_at": "2025-07-15T23:20:19.627976+00:00", "symbol": "ADA-USD"}, {"trade_id": 143781661, "side": "sell", "size": "314.58726600", "price": "0.74590000", "time": "2025-07-15T23:17:37.441065Z", "fetched_at": "2025-07-15T23:20:19.627976+00:00", "symbol": "ADA-USD"}, {"trade_id": 143781660, "side": "sell", "size": "3.38199400", "price": "0.74590000", "time": "2025-07-15T23:17:37.440775Z", "fetched_at": "2025-07-15T23:20:19.627976+00:00", "symbol": "ADA-USD"}, {"trade_id": 143781659, "side": "buy", "size": "21.30360501", "price": "0.74590000", "time": "2025-07-15T23:17:35.441026Z", "fetched_at": "2025-07-15T23:20:19.627976+00:00", "symbol": "ADA-USD"}, {"trade_id": 143781658, "side": "buy", "size": "1.50000000", "price": "0.74590000", "time": "2025-07-15T23:17:35.441026Z", "fetched_at": "2025-07-15T23:20:19.627976+00:00", "symbol": "ADA-USD"}, {"trade_id": 143781657, "side": "sell", "size": "65.09165000", "price": "0.74600000", "time": "2025-07-15T23:17:35.302124Z", "fetched_at": "2025-07-15T23:20:19.627976+00:00", "symbol": "ADA-USD"}, {"trade_id": 143781656, "side": "buy", "size": "174.20963138", "price": "0.74600000", "time": "2025-07-15T23:17:33.180371Z", "fetched_at": "2025-07-15T23:20:19.627976+00:00", "symbol": "ADA-USD"}, {"trade_id": 143781655, "side": "buy", "size": "174.20963138", "price": "0.74600000", "time": "2025-07-15T23:17:33.165508Z", "fetched_at": "2025-07-15T23:20:19.627976+00:00", "symbol": "ADA-USD"}, {"trade_id": 143781654, "side": "sell", "size": "65.13297600", "price": "0.74610000", "time": "2025-07-15T23:17:32.319296Z", "fetched_at": "2025-07-15T23:20:19.627976+00:00", "symbol": "ADA-USD"}, {"trade_id": 143781653, "side": "buy", "size": "5.41409800", "price": "0.74600000", "time": "2025-07-15T23:17:29.148859Z", "fetched_at": "2025-07-15T23:20:19.627976+00:00", "symbol": "ADA-USD"}, {"trade_id": 143781652, "side": "sell", "size": "7.18230163", "price": "0.74620000", "time": "2025-07-15T23:17:25.760392Z", "fetched_at": "2025-07-15T23:20:19.627976+00:00", "symbol": "ADA-USD"}, {"trade_id": 143781651, "side": "sell", "size": "1708.09184000", "price": "0.74620000", "time": "2025-07-15T23:17:25.760392Z", "fetched_at": "2025-07-15T23:20:19.627976+00:00", "symbol": "ADA-USD"}, {"trade_id": 143781650, "side": "sell", "size": "174.64532930", "price": "0.74620000", "time": "2025-07-15T23:17:25.086045Z", "fetched_at": "2025-07-15T23:20:19.627976+00:00", "symbol": "ADA-USD"}, {"trade_id": 143781649, "side": "sell", "size": "3.20610070", "price": "0.74620000", "time": "2025-07-15T23:17:25.086045Z", "fetched_at": "2025-07-15T23:20:19.627976+00:00", "symbol": "ADA-USD"}, {"trade_id": 143781648, "side": "sell", "size": "1.50000000", "price": "0.74620000", "time": "2025-07-15T23:17:25.086045Z", "fetched_at": "2025-07-15T23:20:19.627976+00:00", "symbol": "ADA-USD"}, {"trade_id": 143781647, "side": "sell", "size": "12.20159000", "price": "0.74600000", "time": "2025-07-15T23:17:23.506041Z", "fetched_at": "2025-07-15T23:20:19.627976+00:00", "symbol": "ADA-USD"}, {"trade_id": 143781646, "side": "sell", "size": "61.00797850", "price": "0.74600000", "time": "2025-07-15T23:17:23.506041Z", "fetched_at": "2025-07-15T23:20:19.627976+00:00", "symbol": "ADA-USD"}, {"trade_id": 143781645, "side": "buy", "size": "55.75325226", "price": "0.74600000", "time": "2025-07-15T23:17:22.751278Z", "fetched_at": "2025-07-15T23:20:19.627976+00:00", "symbol": "ADA-USD"}, {"trade_id": 143781644, "side": "buy", "size": "12.23694774", "price": "0.74600000", "time": "2025-07-15T23:17:22.751278Z", "fetched_at": "2025-07-15T23:20:19.627976+00:00", "symbol": "ADA-USD"}, {"trade_id": 143781643, "side": "sell", "size": "152.52251693", "price": "0.74600000", "time": "2025-07-15T23:17:22.708159Z", "fetched_at": "2025-07-15T23:20:19.627976+00:00", "symbol": "ADA-USD"}, {"trade_id": 143781642, "side": "sell", "size": "333.69100000", "price": "0.74600000", "time": "2025-07-15T23:17:22.708159Z", "fetched_at": "2025-07-15T23:20:19.627976+00:00", "symbol": "ADA-USD"}, {"trade_id": 143781641, "side": "sell", "size": "108.50000000", "price": "0.74600000", "time": "2025-07-15T23:17:22.470285Z", "fetched_at": "2025-07-15T23:20:19.627976+00:00", "symbol": "ADA-USD"}, {"trade_id": 143781640, "side": "sell", "size": "1.50000000", "price": "0.74600000", "time": "2025-07-15T23:17:22.470285Z", "fetched_at": "2025-07-15T23:20:19.627976+00:00", "symbol": "ADA-USD"}, {"trade_id": 143781639, "side": "buy", "size": "143.86669581", "price": "0.74580000", "time": "2025-07-15T23:17:19.962383Z", "fetched_at": "2025-07-15T23:20:19.627976+00:00", "symbol": "ADA-USD"}, {"trade_id": 143781638, "side": "buy", "size": "7.17560654", "price": "0.74580000", "time": "2025-07-15T23:17:19.962383Z", "fetched_at": "2025-07-15T23:20:19.627976+00:00", "symbol": "ADA-USD"}, {"trade_id": 143781637, "side": "buy", "size": "676.90722768", "price": "0.74580000", "time": "2025-07-15T23:17:19.962383Z", "fetched_at": "2025-07-15T23:20:19.627976+00:00", "symbol": "ADA-USD"}, {"trade_id": 143781636, "side": "buy", "size": "626.05046997", "price": "0.74590000", "time": "2025-07-15T23:17:19.962383Z", "fetched_at": "2025-07-15T23:20:19.627976+00:00", "symbol": "ADA-USD"}, {"trade_id": 143781635, "side": "buy", "size": "16.31593032", "price": "0.74590000", "time": "2025-07-15T23:17:18.178705Z", "fetched_at": "2025-07-15T23:20:19.627976+00:00", "symbol": "ADA-USD"}, {"trade_id": 143781634, "side": "sell", "size": "82.46231121", "price": "0.74590000", "time": "2025-07-15T23:17:18.079302Z", "fetched_at": "2025-07-15T23:20:19.627976+00:00", "symbol": "ADA-USD"}, {"trade_id": 143781633, "side": "sell", "size": "801.08778056", "price": "0.74590000", "time": "2025-07-15T23:17:18.064020Z", "fetched_at": "2025-07-15T23:20:19.627976+00:00", "symbol": "ADA-USD"}, {"trade_id": 143781632, "side": "sell", "size": "1.50000000", "price": "0.74590000", "time": "2025-07-15T23:17:18.064020Z", "fetched_at": "2025-07-15T23:20:19.627976+00:00", "symbol": "ADA-USD"}, {"trade_id": 143781631, "side": "sell", "size": "31.69474200", "price": "0.74590000", "time": "2025-07-15T23:17:17.295039Z", "fetched_at": "2025-07-15T23:20:19.627976+00:00", "symbol": "ADA-USD"}, {"trade_id": 143781630, "side": "sell", "size": "1.50000000", "price": "0.74580000", "time": "2025-07-15T23:17:17.295039Z", "fetched_at": "2025-07-15T23:20:19.627976+00:00", "symbol": "ADA-USD"}, {"trade_id": 143781629, "side": "sell", "size": "1.50000000", "price": "0.74570000", "time": "2025-07-15T23:17:17.282311Z", "fetched_at": "2025-07-15T23:20:19.627976+00:00", "symbol": "ADA-USD"}, {"trade_id": 143781628, "side": "sell", "size": "1.50000000", "price": "0.74560000", "time": "2025-07-15T23:17:16.827648Z", "fetched_at": "2025-07-15T23:20:19.627976+00:00", "symbol": "ADA-USD"}, {"trade_id": 143781627, "side": "sell", "size": "169.18018473", "price": "0.74550000", "time": "2025-07-15T23:17:16.478153Z", "fetched_at": "2025-07-15T23:20:19.627976+00:00", "symbol": "ADA-USD"}, {"trade_id": 143781626, "side": "buy", "size": "47.51530705", "price": "0.74540000", "time": "2025-07-15T23:17:15.717431Z", "fetched_at": "2025-07-15T23:20:19.627976+00:00", "symbol": "ADA-USD"}, {"trade_id": 143781625, "side": "buy", "size": "20.47489295", "price": "0.74550000", "time": "2025-07-15T23:17:15.717431Z", "fetched_at": "2025-07-15T23:20:19.627976+00:00", "symbol": "ADA-USD"}, {"trade_id": 143781624, "side": "sell", "size": "169.18018473", "price": "0.74540000", "time": "2025-07-15T23:17:15.707833Z", "fetched_at": "2025-07-15T23:20:19.627976+00:00", "symbol": "ADA-USD"}, {"trade_id": 143781623, "side": "sell", "size": "270.44287200", "price": "0.74540000", "time": "2025-07-15T23:17:15.707833Z", "fetched_at": "2025-07-15T23:20:19.627976+00:00", "symbol": "ADA-USD"}, {"trade_id": 143781622, "side": "sell", "size": "335.00000000", "price": "0.74520000", "time": "2025-07-15T23:17:15.357163Z", "fetched_at": "2025-07-15T23:20:19.627976+00:00", "symbol": "ADA-USD"}, {"trade_id": 143781621, "side": "buy", "size": "7.18138400", "price": "0.74520000", "time": "2025-07-15T23:17:14.363959Z", "fetched_at": "2025-07-15T23:20:19.627976+00:00", "symbol": "ADA-USD"}, {"trade_id": 143781620, "side": "buy", "size": "7.18138400", "price": "0.74520000", "time": "2025-07-15T23:17:14.342064Z", "fetched_at": "2025-07-15T23:20:19.627976+00:00", "symbol": "ADA-USD"}, {"trade_id": 143781619, "side": "buy", "size": "5073.70000000", "price": "0.74520000", "time": "2025-07-15T23:17:14.324509Z", "fetched_at": "2025-07-15T23:20:19.627976+00:00", "symbol": "ADA-USD"}, {"trade_id": 143781618, "side": "buy", "size": "1.50000000", "price": "0.74520000", "time": "2025-07-15T23:17:14.324509Z", "fetched_at": "2025-07-15T23:20:19.627976+00:00", "symbol": "ADA-USD"}, {"trade_id": 143781617, "side": "buy", "size": "7.18042044", "price": "0.74530000", "time": "2025-07-15T23:17:14.284763Z", "fetched_at": "2025-07-15T23:20:19.627976+00:00", "symbol": "ADA-USD"}, {"trade_id": 143781616, "side": "buy", "size": "7.18042044", "price": "0.74530000", "time": "2025-07-15T23:17:14.267341Z", "fetched_at": "2025-07-15T23:20:19.627976+00:00", "symbol": "ADA-USD"}, {"trade_id": 143781615, "side": "buy", "size": "1.50000000", "price": "0.74530000", "time": "2025-07-15T23:17:14.267341Z", "fetched_at": "2025-07-15T23:20:19.627976+00:00", "symbol": "ADA-USD"}, {"trade_id": 143781614, "side": "sell", "size": "52.08710800", "price": "0.74540000", "time": "2025-07-15T23:17:12.657963Z", "fetched_at": "2025-07-15T23:20:19.627976+00:00", "symbol": "ADA-USD"}, {"trade_id": 143781613, "side": "buy", "size": "7.17945714", "price": "0.74540000", "time": "2025-07-15T23:17:11.725258Z", "fetched_at": "2025-07-15T23:20:19.627976+00:00", "symbol": "ADA-USD"}, {"trade_id": 143781612, "side": "buy", "size": "1.50000000", "price": "0.74540000", "time": "2025-07-15T23:17:11.725258Z", "fetched_at": "2025-07-15T23:20:19.627976+00:00", "symbol": "ADA-USD"}, {"trade_id": 143781611, "side": "buy", "size": "7.18466868", "price": "0.74550000", "time": "2025-07-15T23:17:11.091956Z", "fetched_at": "2025-07-15T23:20:19.627976+00:00", "symbol": "ADA-USD"}, {"trade_id": 143781610, "side": "buy", "size": "9.84010539", "price": "0.74550000", "time": "2025-07-15T23:17:11.091956Z", "fetched_at": "2025-07-15T23:20:19.627976+00:00", "symbol": "ADA-USD"}, {"trade_id": 143781609, "side": "buy", "size": "1.50000000", "price": "0.74550000", "time": "2025-07-15T23:17:11.091956Z", "fetched_at": "2025-07-15T23:20:19.627976+00:00", "symbol": "ADA-USD"}, {"trade_id": 143781608, "side": "buy", "size": "23.75971894", "price": "0.74550000", "time": "2025-07-15T23:17:11.091956Z", "fetched_at": "2025-07-15T23:20:19.627976+00:00", "symbol": "ADA-USD"}, {"trade_id": 143781607, "side": "sell", "size": "352.28781879", "price": "0.74560000", "time": "2025-07-15T23:17:09.909443Z", "fetched_at": "2025-07-15T23:20:19.627976+00:00", "symbol": "ADA-USD"}, {"trade_id": 143781606, "side": "sell", "size": "627.44435521", "price": "0.74560000", "time": "2025-07-15T23:17:09.909443Z", "fetched_at": "2025-07-15T23:20:19.627976+00:00", "symbol": "ADA-USD"}, {"trade_id": 143781605, "side": "sell", "size": "322.52998000", "price": "0.74560000", "time": "2025-07-15T23:17:09.909443Z", "fetched_at": "2025-07-15T23:20:19.627976+00:00", "symbol": "ADA-USD"}, {"trade_id": 143781604, "side": "sell", "size": "19.06499600", "price": "0.74570000", "time": "2025-07-15T23:17:09.074310Z", "fetched_at": "2025-07-15T23:20:19.627976+00:00", "symbol": "ADA-USD"}, {"trade_id": 143781603, "side": "sell", "size": "289.23546500", "price": "0.74560000", "time": "2025-07-15T23:17:08.911945Z", "fetched_at": "2025-07-15T23:20:19.627976+00:00", "symbol": "ADA-USD"}, {"trade_id": 143781602, "side": "sell", "size": "322.52998000", "price": "0.74560000", "time": "2025-07-15T23:17:08.911945Z", "fetched_at": "2025-07-15T23:20:19.627976+00:00", "symbol": "ADA-USD"}, {"trade_id": 143781601, "side": "buy", "size": "7.54453488", "price": "0.74560000", "time": "2025-07-15T23:17:05.113219Z", "fetched_at": "2025-07-15T23:20:19.627976+00:00", "symbol": "ADA-USD"}, {"trade_id": 143781600, "side": "sell", "size": "6.63716800", "price": "0.74560000", "time": "2025-07-15T23:17:04.610668Z", "fetched_at": "2025-07-15T23:20:19.627976+00:00", "symbol": "ADA-USD"}, {"trade_id": 143781599, "side": "buy", "size": "10.69628667", "price": "0.74560000", "time": "2025-07-15T23:17:04.459316Z", "fetched_at": "2025-07-15T23:20:19.627976+00:00", "symbol": "ADA-USD"}, {"trade_id": 143781598, "side": "buy", "size": "10.58440893", "price": "0.74560000", "time": "2025-07-15T23:17:04.449628Z", "fetched_at": "2025-07-15T23:20:19.627976+00:00", "symbol": "ADA-USD"}, {"trade_id": 143781597, "side": "buy", "size": "1.50000000", "price": "0.74560000", "time": "2025-07-15T23:17:04.449628Z", "fetched_at": "2025-07-15T23:20:19.627976+00:00", "symbol": "ADA-USD"}, {"trade_id": 143781596, "side": "buy", "size": "10.58298954", "price": "0.74570000", "time": "2025-07-15T23:17:04.075742Z", "fetched_at": "2025-07-15T23:20:19.627976+00:00", "symbol": "ADA-USD"}, {"trade_id": 143781595, "side": "buy", "size": "169.08926529", "price": "0.74600000", "time": "2025-07-15T23:17:03.653373Z", "fetched_at": "2025-07-15T23:20:19.627976+00:00", "symbol": "ADA-USD"}, {"trade_id": 143781594, "side": "buy", "size": "339.78792031", "price": "0.74600000", "time": "2025-07-15T23:17:03.648865Z", "fetched_at": "2025-07-15T23:20:19.627976+00:00", "symbol": "ADA-USD"}, {"trade_id": 143781593, "side": "buy", "size": "1204.02321359", "price": "0.74600000", "time": "2025-07-15T23:17:03.647348Z", "fetched_at": "2025-07-15T23:20:19.627976+00:00", "symbol": "ADA-USD"}, {"trade_id": 143781592, "side": "buy", "size": "249.80488000", "price": "0.74600000", "time": "2025-07-15T23:17:03.643564Z", "fetched_at": "2025-07-15T23:20:19.627976+00:00", "symbol": "ADA-USD"}, {"trade_id": 143781591, "side": "buy", "size": "1612.64991000", "price": "0.74600000", "time": "2025-07-15T23:17:03.640328Z", "fetched_at": "2025-07-15T23:20:19.627976+00:00", "symbol": "ADA-USD"}, {"trade_id": 143781590, "side": "buy", "size": "20610.88750000", "price": "0.74600000", "time": "2025-07-15T23:17:03.635789Z", "fetched_at": "2025-07-15T23:20:19.627976+00:00", "symbol": "ADA-USD"}, {"trade_id": 143781589, "side": "buy", "size": "76600.10480000", "price": "0.74600000", "time": "2025-07-15T23:17:03.635148Z", "fetched_at": "2025-07-15T23:20:19.627976+00:00", "symbol": "ADA-USD"}, {"trade_id": 143781588, "side": "buy", "size": "12564.31751000", "price": "0.74600000", "time": "2025-07-15T23:17:03.633586Z", "fetched_at": "2025-07-15T23:20:19.627976+00:00", "symbol": "ADA-USD"}, {"trade_id": 143781587, "side": "buy", "size": "67.99020000", "price": "0.74600000", "time": "2025-07-15T23:17:03.629776Z", "fetched_at": "2025-07-15T23:20:19.627976+00:00", "symbol": "ADA-USD"}, {"trade_id": 143781586, "side": "buy", "size": "0.00000221", "price": "0.74610000", "time": "2025-07-15T23:17:03.617566Z", "fetched_at": "2025-07-15T23:20:19.627976+00:00", "symbol": "ADA-USD"}, {"trade_id": 143781585, "side": "buy", "size": "169.06660000", "price": "0.74610000", "time": "2025-07-15T23:17:03.614818Z", "fetched_at": "2025-07-15T23:20:19.627976+00:00", "symbol": "ADA-USD"}, {"trade_id": 143781584, "side": "buy", "size": "36.87985947", "price": "0.74610000", "time": "2025-07-15T23:16:56.775799Z", "fetched_at": "2025-07-15T23:20:19.627976+00:00", "symbol": "ADA-USD"}, {"trade_id": 143781583, "side": "buy", "size": "405.48968000", "price": "0.74610000", "time": "2025-07-15T23:16:56.775799Z", "fetched_at": "2025-07-15T23:20:19.627976+00:00", "symbol": "ADA-USD"}, {"trade_id": 143781582, "side": "buy", "size": "67.99020000", "price": "0.74600000", "time": "2025-07-15T23:16:56.771337Z", "fetched_at": "2025-07-15T23:20:19.627976+00:00", "symbol": "ADA-USD"}, {"trade_id": 143781581, "side": "sell", "size": "35.13773171", "price": "0.74610000", "time": "2025-07-15T23:16:56.770265Z", "fetched_at": "2025-07-15T23:20:19.627976+00:00", "symbol": "ADA-USD"}, {"trade_id": 143781580, "side": "sell", "size": "1276.72248000", "price": "0.74610000", "time": "2025-07-15T23:16:56.770265Z", "fetched_at": "2025-07-15T23:20:19.627976+00:00", "symbol": "ADA-USD"}, {"trade_id": 143781579, "side": "sell", "size": "5083.80000000", "price": "0.74610000", "time": "2025-07-15T23:16:56.770265Z", "fetched_at": "2025-07-15T23:20:19.627976+00:00", "symbol": "ADA-USD"}, {"trade_id": 143781578, "side": "sell", "size": "670.17188051", "price": "0.74610000", "time": "2025-07-15T23:16:56.770265Z", "fetched_at": "2025-07-15T23:20:19.627976+00:00", "symbol": "ADA-USD"}, {"trade_id": 143781577, "side": "sell", "size": "1.50000000", "price": "0.74610000", "time": "2025-07-15T23:16:56.770265Z", "fetched_at": "2025-07-15T23:20:19.627976+00:00", "symbol": "ADA-USD"}, {"trade_id": 143781576, "side": "sell", "size": "34.14033942", "price": "0.74610000", "time": "2025-07-15T23:16:56.770265Z", "fetched_at": "2025-07-15T23:20:19.627976+00:00", "symbol": "ADA-USD"}, {"trade_id": 143781575, "side": "buy", "size": "9665.77814303", "price": "0.74600000", "time": "2025-07-15T23:16:56.650598Z", "fetched_at": "2025-07-15T23:20:19.627976+00:00", "symbol": "ADA-USD"}, {"trade_id": 143781574, "side": "buy", "size": "25875.69501464", "price": "0.74600000", "time": "2025-07-15T23:16:56.650216Z", "fetched_at": "2025-07-15T23:20:19.627976+00:00", "symbol": "ADA-USD"}, {"trade_id": 143781573, "side": "buy", "size": "27953.57074127", "price": "0.74600000", "time": "2025-07-15T23:16:56.650059Z", "fetched_at": "2025-07-15T23:20:19.627976+00:00", "symbol": "ADA-USD"}, {"trade_id": 143781572, "side": "sell", "size": "594.00000000", "price": "0.74600000", "time": "2025-07-15T23:16:56.603436Z", "fetched_at": "2025-07-15T23:20:19.627976+00:00", "symbol": "ADA-USD"}, {"trade_id": 143781571, "side": "sell", "size": "229.05062000", "price": "0.74600000", "time": "2025-07-15T23:16:56.603436Z", "fetched_at": "2025-07-15T23:20:19.627976+00:00", "symbol": "ADA-USD"}, {"trade_id": 143781570, "side": "sell", "size": "953.60032000", "price": "0.74600000", "time": "2025-07-15T23:16:56.585785Z", "fetched_at": "2025-07-15T23:20:19.627976+00:00", "symbol": "ADA-USD"}, {"trade_id": 143781569, "side": "sell", "size": "629.50690166", "price": "0.74590000", "time": "2025-07-15T23:16:56.585785Z", "fetched_at": "2025-07-15T23:20:19.627976+00:00", "symbol": "ADA-USD"}, {"trade_id": 143781568, "side": "sell", "size": "621.68113691", "price": "0.74590000", "time": "2025-07-15T23:16:56.585785Z", "fetched_at": "2025-07-15T23:20:19.627976+00:00", "symbol": "ADA-USD"}, {"trade_id": 143781567, "side": "sell", "size": "1903.26704000", "price": "0.74600000", "time": "2025-07-15T23:16:56.565994Z", "fetched_at": "2025-07-15T23:20:19.627976+00:00", "symbol": "ADA-USD"}, {"trade_id": 143781566, "side": "sell", "size": "2342.81537000", "price": "0.74600000", "time": "2025-07-15T23:16:56.565994Z", "fetched_at": "2025-07-15T23:20:19.627976+00:00", "symbol": "ADA-USD"}, {"trade_id": 143781565, "side": "sell", "size": "76.24028105", "price": "0.74600000", "time": "2025-07-15T23:16:56.565994Z", "fetched_at": "2025-07-15T23:20:19.627976+00:00", "symbol": "ADA-USD"}, {"trade_id": 143781564, "side": "sell", "size": "1.50000000", "price": "0.74600000", "time": "2025-07-15T23:16:56.565994Z", "fetched_at": "2025-07-15T23:20:19.627976+00:00", "symbol": "ADA-USD"}, {"trade_id": 143781563, "side": "sell", "size": "1193.59528000", "price": "0.74590000", "time": "2025-07-15T23:16:56.565994Z", "fetched_at": "2025-07-15T23:20:19.627976+00:00", "symbol": "ADA-USD"}, {"trade_id": 143781562, "side": "sell", "size": "169.14437898", "price": "0.74590000", "time": "2025-07-15T23:16:56.565994Z", "fetched_at": "2025-07-15T23:20:19.627976+00:00", "symbol": "ADA-USD"}, {"trade_id": 143781561, "side": "sell", "size": "2347.44582000", "price": "0.74600000", "time": "2025-07-15T23:16:56.520173Z", "fetched_at": "2025-07-15T23:20:19.627976+00:00", "symbol": "ADA-USD"}, {"trade_id": 143781560, "side": "sell", "size": "2343.50977000", "price": "0.74600000", "time": "2025-07-15T23:16:56.520173Z", "fetched_at": "2025-07-15T23:20:19.627976+00:00", "symbol": "ADA-USD"}, {"trade_id": 143781559, "side": "sell", "size": "1711.46086000", "price": "0.74600000", "time": "2025-07-15T23:16:56.520173Z", "fetched_at": "2025-07-15T23:20:19.627976+00:00", "symbol": "ADA-USD"}, {"trade_id": 143781558, "side": "sell", "size": "762.31718828", "price": "0.74600000", "time": "2025-07-15T23:16:56.520173Z", "fetched_at": "2025-07-15T23:20:19.627976+00:00", "symbol": "ADA-USD"}, {"trade_id": 143781557, "side": "sell", "size": "1.50000000", "price": "0.74600000", "time": "2025-07-15T23:16:56.520173Z", "fetched_at": "2025-07-15T23:20:19.627976+00:00", "symbol": "ADA-USD"}, {"trade_id": 143781556, "side": "sell", "size": "7.28616476", "price": "0.74600000", "time": "2025-07-15T23:16:56.520173Z", "fetched_at": "2025-07-15T23:20:19.627976+00:00", "symbol": "ADA-USD"}, {"trade_id": 143781555, "side": "sell", "size": "169.14437898", "price": "0.74590000", "time": "2025-07-15T23:16:56.520173Z", "fetched_at": "2025-07-15T23:20:19.627976+00:00", "symbol": "ADA-USD"}, {"trade_id": 143781554, "side": "sell", "size": "5094.30000000", "price": "0.74590000", "time": "2025-07-15T23:16:56.520173Z", "fetched_at": "2025-07-15T23:20:19.627976+00:00", "symbol": "ADA-USD"}, {"trade_id": 143781553, "side": "sell", "size": "666.27731249", "price": "0.74590000", "time": "2025-07-15T23:16:56.520173Z", "fetched_at": "2025-07-15T23:20:19.627976+00:00", "symbol": "ADA-USD"}, {"trade_id": 143781552, "side": "sell", "size": "1.50000000", "price": "0.74590000", "time": "2025-07-15T23:16:56.520173Z", "fetched_at": "2025-07-15T23:20:19.627976+00:00", "symbol": "ADA-USD"}, {"trade_id": 143781551, "side": "sell", "size": "36.75485119", "price": "0.74590000", "time": "2025-07-15T23:16:56.520173Z", "fetched_at": "2025-07-15T23:20:19.627976+00:00", "symbol": "ADA-USD"}, {"trade_id": 143781550, "side": "sell", "size": "721.04380956", "price": "0.74580000", "time": "2025-07-15T23:16:56.520173Z", "fetched_at": "2025-07-15T23:20:19.627976+00:00", "symbol": "ADA-USD"}, {"trade_id": 143781549, "side": "sell", "size": "350.22258000", "price": "0.74580000", "time": "2025-07-15T23:16:56.520173Z", "fetched_at": "2025-07-15T23:20:19.627976+00:00", "symbol": "ADA-USD"}, {"trade_id": 143781548, "side": "sell", "size": "138.46304000", "price": "0.74580000", "time": "2025-07-15T23:16:56.520173Z", "fetched_at": "2025-07-15T23:20:19.627976+00:00", "symbol": "ADA-USD"}, {"trade_id": 143781547, "side": "sell", "size": "49.00666000", "price": "0.74580000", "time": "2025-07-15T23:16:56.520173Z", "fetched_at": "2025-07-15T23:20:19.627976+00:00", "symbol": "ADA-USD"}, {"trade_id": 143781546, "side": "sell", "size": "1.50000000", "price": "0.74580000", "time": "2025-07-15T23:16:56.520173Z", "fetched_at": "2025-07-15T23:20:19.627976+00:00", "symbol": "ADA-USD"}, {"trade_id": 143781545, "side": "sell", "size": "71.26620330", "price": "0.74580000", "time": "2025-07-15T23:16:56.520173Z", "fetched_at": "2025-07-15T23:20:19.627976+00:00", "symbol": "ADA-USD"}, {"trade_id": 143781544, "side": "sell", "size": "3.07765300", "price": "0.74580000", "time": "2025-07-15T23:16:54.049150Z", "fetched_at": "2025-07-15T23:20:19.627976+00:00", "symbol": "ADA-USD"}, {"trade_id": 143781543, "side": "sell", "size": "1.50000000", "price": "0.74570000", "time": "2025-07-15T23:16:53.217818Z", "fetched_at": "2025-07-15T23:20:19.627976+00:00", "symbol": "ADA-USD"}, {"trade_id": 143781542, "side": "sell", "size": "15.24805000", "price": "0.74560000", "time": "2025-07-15T23:16:50.155913Z", "fetched_at": "2025-07-15T23:20:19.627976+00:00", "symbol": "ADA-USD"}, {"trade_id": 143781541, "side": "buy", "size": "1659.05125553", "price": "0.74550000", "time": "2025-07-15T23:16:47.744007Z", "fetched_at": "2025-07-15T23:20:19.627976+00:00", "symbol": "ADA-USD"}, {"trade_id": 143781540, "side": "buy", "size": "831.26177570", "price": "0.74550000", "time": "2025-07-15T23:16:47.744007Z", "fetched_at": "2025-07-15T23:20:19.627976+00:00", "symbol": "ADA-USD"}, {"trade_id": 143781539, "side": "buy", "size": "500.00000000", "price": "0.74550000", "time": "2025-07-15T23:16:47.744007Z", "fetched_at": "2025-07-15T23:20:19.627976+00:00", "symbol": "ADA-USD"}, {"trade_id": 143781538, "side": "buy", "size": "9.68696877", "price": "0.74560000", "time": "2025-07-15T23:16:47.744007Z", "fetched_at": "2025-07-15T23:20:19.627976+00:00", "symbol": "ADA-USD"}, {"trade_id": 143781537, "side": "buy", "size": "142.40793111", "price": "0.74550000", "time": "2025-07-15T23:16:46.041999Z", "fetched_at": "2025-07-15T23:20:19.627976+00:00", "symbol": "ADA-USD"}, {"trade_id": 143781536, "side": "buy", "size": "831.26177570", "price": "0.74550000", "time": "2025-07-15T23:16:46.041999Z", "fetched_at": "2025-07-15T23:20:19.627976+00:00", "symbol": "ADA-USD"}, {"trade_id": 143781535, "side": "buy", "size": "19.89185772", "price": "0.74550000", "time": "2025-07-15T23:16:46.041999Z", "fetched_at": "2025-07-15T23:20:19.627976+00:00", "symbol": "ADA-USD"}, {"trade_id": 143781534, "side": "buy", "size": "3.99491847", "price": "0.74560000", "time": "2025-07-15T23:16:46.041999Z", "fetched_at": "2025-07-15T23:20:19.627976+00:00", "symbol": "ADA-USD"}, {"trade_id": 143781533, "side": "sell", "size": "34.13826000", "price": "0.74560000", "time": "2025-07-15T23:16:41.811544Z", "fetched_at": "2025-07-15T23:20:19.627976+00:00", "symbol": "ADA-USD"}, {"trade_id": 143781532, "side": "sell", "size": "1.50000000", "price": "0.74560000", "time": "2025-07-15T23:16:41.811544Z", "fetched_at": "2025-07-15T23:20:19.627976+00:00", "symbol": "ADA-USD"}, {"trade_id": 143781531, "side": "sell", "size": "470.54936000", "price": "0.74550000", "time": "2025-07-15T23:16:41.275495Z", "fetched_at": "2025-07-15T23:20:19.627976+00:00", "symbol": "ADA-USD"}, {"trade_id": 143781530, "side": "sell", "size": "71.54687900", "price": "0.74550000", "time": "2025-07-15T23:16:41.275495Z", "fetched_at": "2025-07-15T23:20:19.627976+00:00", "symbol": "ADA-USD"}, {"trade_id": 143781529, "side": "sell", "size": "250.98311100", "price": "0.74550000", "time": "2025-07-15T23:16:40.921120Z", "fetched_at": "2025-07-15T23:20:19.627976+00:00", "symbol": "ADA-USD"}, {"trade_id": 143781528, "side": "sell", "size": "81.09793000", "price": "0.74550000", "time": "2025-07-15T23:16:40.921120Z", "fetched_at": "2025-07-15T23:20:19.627976+00:00", "symbol": "ADA-USD"}, {"trade_id": 143781527, "side": "sell", "size": "73.09498300", "price": "0.74550000", "time": "2025-07-15T23:16:39.602375Z", "fetched_at": "2025-07-15T23:20:19.627976+00:00", "symbol": "ADA-USD"}, {"trade_id": 143781526, "side": "buy", "size": "252.28427264", "price": "0.74550000", "time": "2025-07-15T23:16:39.415340Z", "fetched_at": "2025-07-15T23:20:19.627976+00:00", "symbol": "ADA-USD"}, {"trade_id": 143781525, "side": "buy", "size": "5.01003772", "price": "0.74550000", "time": "2025-07-15T23:16:39.415340Z", "fetched_at": "2025-07-15T23:20:19.627976+00:00", "symbol": "ADA-USD"}, {"trade_id": 143781524, "side": "buy", "size": "500.00000000", "price": "0.74550000", "time": "2025-07-15T23:16:39.415340Z", "fetched_at": "2025-07-15T23:20:19.627976+00:00", "symbol": "ADA-USD"}, {"trade_id": 143781523, "side": "buy", "size": "26.52247696", "price": "0.74550000", "time": "2025-07-15T23:16:39.415340Z", "fetched_at": "2025-07-15T23:20:19.627976+00:00", "symbol": "ADA-USD"}, {"trade_id": 143781522, "side": "sell", "size": "15.82777476", "price": "0.74550000", "time": "2025-07-15T23:16:37.489523Z", "fetched_at": "2025-07-15T23:20:19.627976+00:00", "symbol": "ADA-USD"}, {"trade_id": 143781521, "side": "sell", "size": "164.74378895", "price": "0.74550000", "time": "2025-07-15T23:16:37.478631Z", "fetched_at": "2025-07-15T23:20:19.627976+00:00", "symbol": "ADA-USD"}, {"trade_id": 143781520, "side": "sell", "size": "711.02867011", "price": "0.74550000", "time": "2025-07-15T23:16:37.464565Z", "fetched_at": "2025-07-15T23:20:19.627976+00:00", "symbol": "ADA-USD"}, {"trade_id": 143781519, "side": "sell", "size": "1.50000000", "price": "0.74550000", "time": "2025-07-15T23:16:37.464565Z", "fetched_at": "2025-07-15T23:20:19.627976+00:00", "symbol": "ADA-USD"}, {"trade_id": 143781518, "side": "sell", "size": "34.15164000", "price": "0.74540000", "time": "2025-07-15T23:16:37.222372Z", "fetched_at": "2025-07-15T23:20:19.627976+00:00", "symbol": "ADA-USD"}, {"trade_id": 143781517, "side": "sell", "size": "1.50000000", "price": "0.74540000", "time": "2025-07-15T23:16:37.222372Z", "fetched_at": "2025-07-15T23:20:19.627976+00:00", "symbol": "ADA-USD"}, {"trade_id": 143781516, "side": "sell", "size": "343.11629000", "price": "0.74530000", "time": "2025-07-15T23:16:36.260337Z", "fetched_at": "2025-07-15T23:20:19.627976+00:00", "symbol": "ADA-USD"}, {"trade_id": 143781515, "side": "buy", "size": "533.43594967", "price": "0.74520000", "time": "2025-07-15T23:16:35.926353Z", "fetched_at": "2025-07-15T23:20:19.627976+00:00", "symbol": "ADA-USD"}, {"trade_id": 143781514, "side": "buy", "size": "3.26068233", "price": "0.74520000", "time": "2025-07-15T23:16:35.926353Z", "fetched_at": "2025-07-15T23:20:19.627976+00:00", "symbol": "ADA-USD"}, {"trade_id": 143781513, "side": "sell", "size": "39.39317400", "price": "0.74530000", "time": "2025-07-15T23:16:35.087911Z", "fetched_at": "2025-07-15T23:20:19.627976+00:00", "symbol": "ADA-USD"}, {"trade_id": 143781512, "side": "sell", "size": "199.84422700", "price": "0.74530000", "time": "2025-07-15T23:16:34.743702Z", "fetched_at": "2025-07-15T23:20:19.627976+00:00", "symbol": "ADA-USD"}, {"trade_id": 143781511, "side": "sell", "size": "118.18796200", "price": "0.74530000", "time": "2025-07-15T23:16:34.743702Z", "fetched_at": "2025-07-15T23:20:19.627976+00:00", "symbol": "ADA-USD"}, {"trade_id": 143781510, "side": "buy", "size": "4.66897100", "price": "0.74520000", "time": "2025-07-15T23:16:34.723141Z", "fetched_at": "2025-07-15T23:20:19.627976+00:00", "symbol": "ADA-USD"}, {"trade_id": 143781509, "side": "sell", "size": "6.63894800", "price": "0.74530000", "time": "2025-07-15T23:16:32.042796Z", "fetched_at": "2025-07-15T23:20:19.627976+00:00", "symbol": "ADA-USD"}, {"trade_id": 143781508, "side": "sell", "size": "669.27036000", "price": "0.74520000", "time": "2025-07-15T23:16:29.950308Z", "fetched_at": "2025-07-15T23:20:19.627976+00:00", "symbol": "ADA-USD"}, {"trade_id": 143781507, "side": "buy", "size": "7.92512229", "price": "0.74520000", "time": "2025-07-15T23:16:27.615545Z", "fetched_at": "2025-07-15T23:20:19.627976+00:00", "symbol": "ADA-USD"}, {"trade_id": 143781506, "side": "buy", "size": "1.50000000", "price": "0.74520000", "time": "2025-07-15T23:16:27.615545Z", "fetched_at": "2025-07-15T23:20:19.627976+00:00", "symbol": "ADA-USD"}, {"trade_id": 143781505, "side": "buy", "size": "7.54194799", "price": "0.74530000", "time": "2025-07-15T23:16:27.536591Z", "fetched_at": "2025-07-15T23:20:19.627976+00:00", "symbol": "ADA-USD"}, {"trade_id": 143781504, "side": "buy", "size": "1.50000000", "price": "0.74530000", "time": "2025-07-15T23:16:27.536591Z", "fetched_at": "2025-07-15T23:20:19.627976+00:00", "symbol": "ADA-USD"}, {"trade_id": 143781503, "side": "buy", "size": "47.15107014", "price": "0.74540000", "time": "2025-07-15T23:16:25.940563Z", "fetched_at": "2025-07-15T23:20:19.627976+00:00", "symbol": "ADA-USD"}, {"trade_id": 143781502, "side": "buy", "size": "8.51785282", "price": "0.74540000", "time": "2025-07-15T23:16:25.940563Z", "fetched_at": "2025-07-15T23:20:19.627976+00:00", "symbol": "ADA-USD"}, {"trade_id": 143781501, "side": "buy", "size": "8.51785282", "price": "0.74540000", "time": "2025-07-15T23:16:25.822703Z", "fetched_at": "2025-07-15T23:20:19.627976+00:00", "symbol": "ADA-USD"}, {"trade_id": 143781500, "side": "buy", "size": "1.50000000", "price": "0.74540000", "time": "2025-07-15T23:16:25.822703Z", "fetched_at": "2025-07-15T23:20:19.627976+00:00", "symbol": "ADA-USD"}, {"trade_id": 143781499, "side": "buy", "size": "8.51671025", "price": "0.74550000", "time": "2025-07-15T23:16:25.750772Z", "fetched_at": "2025-07-15T23:20:19.627976+00:00", "symbol": "ADA-USD"}, {"trade_id": 143781498, "side": "sell", "size": "432.12450000", "price": "0.74560000", "time": "2025-07-15T23:16:24.139239Z", "fetched_at": "2025-07-15T23:20:19.627976+00:00", "symbol": "ADA-USD"}, {"trade_id": 143781497, "side": "sell", "size": "168.62858000", "price": "0.74560000", "time": "2025-07-15T23:16:24.139239Z", "fetched_at": "2025-07-15T23:20:19.627976+00:00", "symbol": "ADA-USD"}, {"trade_id": 143781496, "side": "sell", "size": "1.50000000", "price": "0.74560000", "time": "2025-07-15T23:16:24.139239Z", "fetched_at": "2025-07-15T23:20:19.627976+00:00", "symbol": "ADA-USD"}, {"trade_id": 143781495, "side": "buy", "size": "120.44794316", "price": "0.74550000", "time": "2025-07-15T23:16:18.703013Z", "fetched_at": "2025-07-15T23:20:19.627976+00:00", "symbol": "ADA-USD"}, {"trade_id": 143781494, "side": "buy", "size": "13.70821484", "price": "0.74550000", "time": "2025-07-15T23:16:18.703013Z", "fetched_at": "2025-07-15T23:20:19.627976+00:00", "symbol": "ADA-USD"}, {"trade_id": 143781493, "side": "sell", "size": "548.72820000", "price": "0.74540000", "time": "2025-07-15T23:16:18.363065Z", "fetched_at": "2025-07-15T23:20:19.627976+00:00", "symbol": "ADA-USD"}, {"trade_id": 143781492, "side": "buy", "size": "16.67909973", "price": "0.74540000", "time": "2025-07-15T23:16:14.860668Z", "fetched_at": "2025-07-15T23:20:19.627976+00:00", "symbol": "ADA-USD"}, {"trade_id": 143781491, "side": "sell", "size": "64.81684000", "price": "0.74550000", "time": "2025-07-15T23:16:14.434247Z", "fetched_at": "2025-07-15T23:20:19.627976+00:00", "symbol": "ADA-USD"}, {"trade_id": 143781490, "side": "sell", "size": "1.50000000", "price": "0.74550000", "time": "2025-07-15T23:16:14.434247Z", "fetched_at": "2025-07-15T23:20:19.627976+00:00", "symbol": "ADA-USD"}, {"trade_id": 143781489, "side": "sell", "size": "1.50000000", "price": "0.74540000", "time": "2025-07-15T23:16:14.426747Z", "fetched_at": "2025-07-15T23:20:19.627976+00:00", "symbol": "ADA-USD"}, {"trade_id": 143781488, "side": "buy", "size": "13.48166251", "price": "0.74520000", "time": "2025-07-15T23:16:11.841638Z", "fetched_at": "2025-07-15T23:20:19.627976+00:00", "symbol": "ADA-USD"}, {"trade_id": 143781487, "side": "buy", "size": "11.42430049", "price": "0.74520000", "time": "2025-07-15T23:16:11.841638Z", "fetched_at": "2025-07-15T23:20:19.627976+00:00", "symbol": "ADA-USD"}, {"trade_id": 143781486, "side": "sell", "size": "130.38830000", "price": "0.74530000", "time": "2025-07-15T23:16:09.637549Z", "fetched_at": "2025-07-15T23:20:19.627976+00:00", "symbol": "ADA-USD"}, {"trade_id": 143781485, "side": "sell", "size": "67.99020000", "price": "0.74520000", "time": "2025-07-15T23:16:08.845323Z", "fetched_at": "2025-07-15T23:20:19.627976+00:00", "symbol": "ADA-USD"}, {"trade_id": 143781484, "side": "buy", "size": "20.58604529", "price": "0.74520000", "time": "2025-07-15T23:16:08.829869Z", "fetched_at": "2025-07-15T23:20:19.627976+00:00", "symbol": "ADA-USD"}, {"trade_id": 143781483, "side": "buy", "size": "1.50000000", "price": "0.74520000", "time": "2025-07-15T23:16:08.829869Z", "fetched_at": "2025-07-15T23:20:19.627976+00:00", "symbol": "ADA-USD"}, {"trade_id": 143781482, "side": "buy", "size": "20.58328317", "price": "0.74530000", "time": "2025-07-15T23:16:08.803900Z", "fetched_at": "2025-07-15T23:20:19.627976+00:00", "symbol": "ADA-USD"}, {"trade_id": 143781481, "side": "buy", "size": "25.76008945", "price": "0.74540000", "time": "2025-07-15T23:16:08.567008Z", "fetched_at": "2025-07-15T23:20:19.627976+00:00", "symbol": "ADA-USD"}, {"trade_id": 143781480, "side": "buy", "size": "635.84971024", "price": "0.74530000", "time": "2025-07-15T23:16:07.873554Z", "fetched_at": "2025-07-15T23:20:19.627976+00:00", "symbol": "ADA-USD"}, {"trade_id": 143781479, "side": "buy", "size": "2031.45362000", "price": "0.74530000", "time": "2025-07-15T23:16:07.873554Z", "fetched_at": "2025-07-15T23:20:19.627976+00:00", "symbol": "ADA-USD"}, {"trade_id": 143781478, "side": "buy", "size": "1712.37939000", "price": "0.74530000", "time": "2025-07-15T23:16:07.873554Z", "fetched_at": "2025-07-15T23:20:19.627976+00:00", "symbol": "ADA-USD"}, {"trade_id": 143781477, "side": "buy", "size": "831.26177570", "price": "0.74530000", "time": "2025-07-15T23:16:07.873554Z", "fetched_at": "2025-07-15T23:20:19.627976+00:00", "symbol": "ADA-USD"}, {"trade_id": 143781476, "side": "buy", "size": "6000.00000000", "price": "0.74530000", "time": "2025-07-15T23:16:07.873554Z", "fetched_at": "2025-07-15T23:20:19.627976+00:00", "symbol": "ADA-USD"}, {"trade_id": 143781475, "side": "buy", "size": "270.32644000", "price": "0.74530000", "time": "2025-07-15T23:16:07.873554Z", "fetched_at": "2025-07-15T23:20:19.627976+00:00", "symbol": "ADA-USD"}, {"trade_id": 143781474, "side": "buy", "size": "40.20469352", "price": "0.74530000", "time": "2025-07-15T23:16:07.873554Z", "fetched_at": "2025-07-15T23:20:19.627976+00:00", "symbol": "ADA-USD"}, {"trade_id": 143781473, "side": "buy", "size": "447.26680000", "price": "0.74530000", "time": "2025-07-15T23:16:07.873554Z", "fetched_at": "2025-07-15T23:20:19.627976+00:00", "symbol": "ADA-USD"}, {"trade_id": 143781472, "side": "buy", "size": "439.83523000", "price": "0.74540000", "time": "2025-07-15T23:16:07.873554Z", "fetched_at": "2025-07-15T23:20:19.627976+00:00", "symbol": "ADA-USD"}, {"trade_id": 143781471, "side": "buy", "size": "36.42663354", "price": "0.74540000", "time": "2025-07-15T23:16:07.873554Z", "fetched_at": "2025-07-15T23:20:19.627976+00:00", "symbol": "ADA-USD"}, {"trade_id": 143781470, "side": "buy", "size": "298.17788000", "price": "0.74540000", "time": "2025-07-15T23:16:07.873554Z", "fetched_at": "2025-07-15T23:20:19.627976+00:00", "symbol": "ADA-USD"}, {"trade_id": 143781469, "side": "buy", "size": "270.32644000", "price": "0.74540000", "time": "2025-07-15T23:16:07.873554Z", "fetched_at": "2025-07-15T23:20:19.627976+00:00", "symbol": "ADA-USD"}, {"trade_id": 143781468, "side": "buy", "size": "500.00000000", "price": "0.74540000", "time": "2025-07-15T23:16:07.873554Z", "fetched_at": "2025-07-15T23:20:19.627976+00:00", "symbol": "ADA-USD"}, {"trade_id": 143781467, "side": "sell", "size": "374.74049602", "price": "0.74540000", "time": "2025-07-15T23:16:06.946253Z", "fetched_at": "2025-07-15T23:20:19.627976+00:00", "symbol": "ADA-USD"}, {"trade_id": 143781466, "side": "sell", "size": "685.15142398", "price": "0.74540000", "time": "2025-07-15T23:16:06.885157Z", "fetched_at": "2025-07-15T23:20:19.627976+00:00", "symbol": "ADA-USD"}, {"trade_id": 143781465, "side": "sell", "size": "1.50000000", "price": "0.74540000", "time": "2025-07-15T23:16:06.885157Z", "fetched_at": "2025-07-15T23:20:19.627976+00:00", "symbol": "ADA-USD"}, {"trade_id": 143781464, "side": "sell", "size": "291.06266000", "price": "0.74530000", "time": "2025-07-15T23:16:05.767467Z", "fetched_at": "2025-07-15T23:20:19.627976+00:00", "symbol": "ADA-USD"}, {"trade_id": 143781463, "side": "sell", "size": "61.97381700", "price": "0.74530000", "time": "2025-07-15T23:16:05.014677Z", "fetched_at": "2025-07-15T23:20:19.627976+00:00", "symbol": "ADA-USD"}, {"trade_id": 143781462, "side": "sell", "size": "1.50000000", "price": "0.74530000", "time": "2025-07-15T23:16:05.014677Z", "fetched_at": "2025-07-15T23:20:19.627976+00:00", "symbol": "ADA-USD"}, {"trade_id": 143781461, "side": "sell", "size": "311.30608000", "price": "0.74520000", "time": "2025-07-15T23:16:03.932807Z", "fetched_at": "2025-07-15T23:20:19.627976+00:00", "symbol": "ADA-USD"}, {"trade_id": 143781460, "side": "sell", "size": "146.24259600", "price": "0.74520000", "time": "2025-07-15T23:16:03.932807Z", "fetched_at": "2025-07-15T23:20:19.627976+00:00", "symbol": "ADA-USD"}, {"trade_id": 143781459, "side": "sell", "size": "26.57361400", "price": "0.74520000", "time": "2025-07-15T23:16:03.900845Z", "fetched_at": "2025-07-15T23:20:19.627976+00:00", "symbol": "ADA-USD"}, {"trade_id": 143781458, "side": "sell", "size": "66.41096000", "price": "0.74520000", "time": "2025-07-15T23:16:01.732003Z", "fetched_at": "2025-07-15T23:20:19.627976+00:00", "symbol": "ADA-USD"}, {"trade_id": 143781457, "side": "sell", "size": "275.37882000", "price": "0.74520000", "time": "2025-07-15T23:16:00.781354Z", "fetched_at": "2025-07-15T23:20:19.627976+00:00", "symbol": "ADA-USD"}, {"trade_id": 143781456, "side": "sell", "size": "123.06863000", "price": "0.74520000", "time": "2025-07-15T23:16:00.781354Z", "fetched_at": "2025-07-15T23:20:19.627976+00:00", "symbol": "ADA-USD"}