[{"trade_id": 138825159, "side": "sell", "size": "101.00000000", "price": "0.20200000", "time": "2025-07-13T15:10:41.414315Z", "fetched_at": "2025-07-13T15:10:49.425973+00:00", "symbol": "DOGE-USD"}, {"trade_id": 138825158, "side": "buy", "size": "641.40000000", "price": "0.20198000", "time": "2025-07-13T15:10:37.835063Z", "fetched_at": "2025-07-13T15:10:49.425973+00:00", "symbol": "DOGE-USD"}, {"trade_id": 138825157, "side": "buy", "size": "5.50000000", "price": "0.20198000", "time": "2025-07-13T15:10:37.835063Z", "fetched_at": "2025-07-13T15:10:49.425973+00:00", "symbol": "DOGE-USD"}, {"trade_id": 138825156, "side": "buy", "size": "2000.00000000", "price": "0.20199000", "time": "2025-07-13T15:10:37.835063Z", "fetched_at": "2025-07-13T15:10:49.425973+00:00", "symbol": "DOGE-USD"}, {"trade_id": 138825155, "side": "buy", "size": "1197.80000000", "price": "0.20200000", "time": "2025-07-13T15:10:37.835063Z", "fetched_at": "2025-07-13T15:10:49.425973+00:00", "symbol": "DOGE-USD"}, {"trade_id": 138825154, "side": "buy", "size": "5.00000000", "price": "0.20201000", "time": "2025-07-13T15:10:37.835063Z", "fetched_at": "2025-07-13T15:10:49.425973+00:00", "symbol": "DOGE-USD"}, {"trade_id": 138825153, "side": "sell", "size": "394.80000000", "price": "0.20202000", "time": "2025-07-13T15:10:35.854499Z", "fetched_at": "2025-07-13T15:10:49.425973+00:00", "symbol": "DOGE-USD"}, {"trade_id": 138825152, "side": "sell", "size": "1302.70000000", "price": "0.20200000", "time": "2025-07-13T15:10:35.854499Z", "fetched_at": "2025-07-13T15:10:49.425973+00:00", "symbol": "DOGE-USD"}, {"trade_id": 138825151, "side": "sell", "size": "183.00000000", "price": "0.20199000", "time": "2025-07-13T15:10:35.854499Z", "fetched_at": "2025-07-13T15:10:49.425973+00:00", "symbol": "DOGE-USD"}, {"trade_id": 138825150, "side": "sell", "size": "1176.50000000", "price": "0.20199000", "time": "2025-07-13T15:10:35.854499Z", "fetched_at": "2025-07-13T15:10:49.425973+00:00", "symbol": "DOGE-USD"}, {"trade_id": 138825149, "side": "sell", "size": "283.30000000", "price": "0.20199000", "time": "2025-07-13T15:10:35.854499Z", "fetched_at": "2025-07-13T15:10:49.425973+00:00", "symbol": "DOGE-USD"}, {"trade_id": 138825148, "side": "buy", "size": "373.90000000", "price": "0.20198000", "time": "2025-07-13T15:10:34.519873Z", "fetched_at": "2025-07-13T15:10:49.425973+00:00", "symbol": "DOGE-USD"}, {"trade_id": 138825147, "side": "buy", "size": "1284.80000000", "price": "0.20200000", "time": "2025-07-13T15:10:34.519873Z", "fetched_at": "2025-07-13T15:10:49.425973+00:00", "symbol": "DOGE-USD"}, {"trade_id": 138825146, "side": "buy", "size": "5.50000000", "price": "0.20200000", "time": "2025-07-13T15:10:34.519873Z", "fetched_at": "2025-07-13T15:10:49.425973+00:00", "symbol": "DOGE-USD"}, {"trade_id": 138825145, "side": "buy", "size": "2000.00000000", "price": "0.20201000", "time": "2025-07-13T15:10:34.519873Z", "fetched_at": "2025-07-13T15:10:49.425973+00:00", "symbol": "DOGE-USD"}, {"trade_id": 138825144, "side": "buy", "size": "5.70000000", "price": "0.20201000", "time": "2025-07-13T15:10:34.519873Z", "fetched_at": "2025-07-13T15:10:49.425973+00:00", "symbol": "DOGE-USD"}, {"trade_id": 138825143, "side": "buy", "size": "305.80000000", "price": "0.20201000", "time": "2025-07-13T15:10:33.633604Z", "fetched_at": "2025-07-13T15:10:49.425973+00:00", "symbol": "DOGE-USD"}, {"trade_id": 138825142, "side": "buy", "size": "5.40000000", "price": "0.20202000", "time": "2025-07-13T15:10:33.633604Z", "fetched_at": "2025-07-13T15:10:49.425973+00:00", "symbol": "DOGE-USD"}, {"trade_id": 138825141, "side": "buy", "size": "5.50000000", "price": "0.20202000", "time": "2025-07-13T15:10:33.633604Z", "fetched_at": "2025-07-13T15:10:49.425973+00:00", "symbol": "DOGE-USD"}, {"trade_id": 138825140, "side": "buy", "size": "5.50000000", "price": "0.20204000", "time": "2025-07-13T15:10:33.364863Z", "fetched_at": "2025-07-13T15:10:49.425973+00:00", "symbol": "DOGE-USD"}, {"trade_id": 138825139, "side": "buy", "size": "2968.80000000", "price": "0.20210000", "time": "2025-07-13T15:10:30.310325Z", "fetched_at": "2025-07-13T15:10:49.425973+00:00", "symbol": "DOGE-USD"}, {"trade_id": 138825138, "side": "buy", "size": "5.50000000", "price": "0.20210000", "time": "2025-07-13T15:10:30.310325Z", "fetched_at": "2025-07-13T15:10:49.425973+00:00", "symbol": "DOGE-USD"}, {"trade_id": 138825137, "side": "buy", "size": "401.60000000", "price": "0.20211000", "time": "2025-07-13T15:10:30.310325Z", "fetched_at": "2025-07-13T15:10:49.425973+00:00", "symbol": "DOGE-USD"}, {"trade_id": 138825136, "side": "buy", "size": "5.50000000", "price": "0.20211000", "time": "2025-07-13T15:10:30.310325Z", "fetched_at": "2025-07-13T15:10:49.425973+00:00", "symbol": "DOGE-USD"}, {"trade_id": 138825135, "side": "buy", "size": "372.10000000", "price": "0.20211000", "time": "2025-07-13T15:10:30.310325Z", "fetched_at": "2025-07-13T15:10:49.425973+00:00", "symbol": "DOGE-USD"}, {"trade_id": 138825134, "side": "sell", "size": "4414.20000000", "price": "0.20215000", "time": "2025-07-13T15:10:28.895488Z", "fetched_at": "2025-07-13T15:10:49.425973+00:00", "symbol": "DOGE-USD"}, {"trade_id": 138825133, "side": "sell", "size": "668.90000000", "price": "0.20215000", "time": "2025-07-13T15:10:28.895488Z", "fetched_at": "2025-07-13T15:10:49.425973+00:00", "symbol": "DOGE-USD"}, {"trade_id": 138825132, "side": "sell", "size": "48.50000000", "price": "0.20214000", "time": "2025-07-13T15:10:28.895488Z", "fetched_at": "2025-07-13T15:10:49.425973+00:00", "symbol": "DOGE-USD"}, {"trade_id": 138825131, "side": "sell", "size": "1406.50000000", "price": "0.20214000", "time": "2025-07-13T15:10:28.895488Z", "fetched_at": "2025-07-13T15:10:49.425973+00:00", "symbol": "DOGE-USD"}, {"trade_id": 138825130, "side": "sell", "size": "18160.10000000", "price": "0.20211000", "time": "2025-07-13T15:10:28.895488Z", "fetched_at": "2025-07-13T15:10:49.425973+00:00", "symbol": "DOGE-USD"}, {"trade_id": 138825129, "side": "buy", "size": "18135.30000000", "price": "0.20204000", "time": "2025-07-13T15:10:23.834425Z", "fetched_at": "2025-07-13T15:10:49.425973+00:00", "symbol": "DOGE-USD"}, {"trade_id": 138825128, "side": "buy", "size": "5.50000000", "price": "0.20204000", "time": "2025-07-13T15:10:23.834425Z", "fetched_at": "2025-07-13T15:10:49.425973+00:00", "symbol": "DOGE-USD"}, {"trade_id": 138825127, "side": "buy", "size": "769.50000000", "price": "0.20204000", "time": "2025-07-13T15:10:23.834425Z", "fetched_at": "2025-07-13T15:10:49.425973+00:00", "symbol": "DOGE-USD"}, {"trade_id": 138825126, "side": "buy", "size": "5.50000000", "price": "0.20206000", "time": "2025-07-13T15:10:23.834341Z", "fetched_at": "2025-07-13T15:10:49.425973+00:00", "symbol": "DOGE-USD"}, {"trade_id": 138825125, "side": "buy", "size": "769.50000000", "price": "0.20207000", "time": "2025-07-13T15:10:23.833767Z", "fetched_at": "2025-07-13T15:10:49.425973+00:00", "symbol": "DOGE-USD"}, {"trade_id": 138825124, "side": "buy", "size": "9.00000000", "price": "0.20208000", "time": "2025-07-13T15:10:23.833270Z", "fetched_at": "2025-07-13T15:10:49.425973+00:00", "symbol": "DOGE-USD"}, {"trade_id": 138825123, "side": "buy", "size": "5.50000000", "price": "0.20208000", "time": "2025-07-13T15:10:21.960528Z", "fetched_at": "2025-07-13T15:10:49.425973+00:00", "symbol": "DOGE-USD"}, {"trade_id": 138825122, "side": "buy", "size": "4000.50000000", "price": "0.20209000", "time": "2025-07-13T15:10:21.955670Z", "fetched_at": "2025-07-13T15:10:49.425973+00:00", "symbol": "DOGE-USD"}, {"trade_id": 138825121, "side": "buy", "size": "1689.10000000", "price": "0.20209000", "time": "2025-07-13T15:10:21.955670Z", "fetched_at": "2025-07-13T15:10:49.425973+00:00", "symbol": "DOGE-USD"}, {"trade_id": 138825120, "side": "buy", "size": "5.50000000", "price": "0.20210000", "time": "2025-07-13T15:10:21.955670Z", "fetched_at": "2025-07-13T15:10:49.425973+00:00", "symbol": "DOGE-USD"}, {"trade_id": 138825119, "side": "buy", "size": "18143.60000000", "price": "0.20212000", "time": "2025-07-13T15:10:20.974025Z", "fetched_at": "2025-07-13T15:10:49.425973+00:00", "symbol": "DOGE-USD"}, {"trade_id": 138825118, "side": "buy", "size": "5.50000000", "price": "0.20212000", "time": "2025-07-13T15:10:20.974025Z", "fetched_at": "2025-07-13T15:10:49.425973+00:00", "symbol": "DOGE-USD"}, {"trade_id": 138825117, "side": "buy", "size": "5.50000000", "price": "0.20214000", "time": "2025-07-13T15:10:20.971787Z", "fetched_at": "2025-07-13T15:10:49.425973+00:00", "symbol": "DOGE-USD"}, {"trade_id": 138825116, "side": "buy", "size": "7713.30000000", "price": "0.20216000", "time": "2025-07-13T15:10:19.699734Z", "fetched_at": "2025-07-13T15:10:49.425973+00:00", "symbol": "DOGE-USD"}, {"trade_id": 138825115, "side": "buy", "size": "1263.40000000", "price": "0.20216000", "time": "2025-07-13T15:10:19.699734Z", "fetched_at": "2025-07-13T15:10:49.425973+00:00", "symbol": "DOGE-USD"}, {"trade_id": 138825114, "side": "buy", "size": "5.50000000", "price": "0.20216000", "time": "2025-07-13T15:10:19.699734Z", "fetched_at": "2025-07-13T15:10:49.425973+00:00", "symbol": "DOGE-USD"}, {"trade_id": 138825113, "side": "buy", "size": "401.60000000", "price": "0.20217000", "time": "2025-07-13T15:10:19.699734Z", "fetched_at": "2025-07-13T15:10:49.425973+00:00", "symbol": "DOGE-USD"}, {"trade_id": 138825112, "side": "buy", "size": "13224.80000000", "price": "0.20218000", "time": "2025-07-13T15:10:18.535272Z", "fetched_at": "2025-07-13T15:10:49.425973+00:00", "symbol": "DOGE-USD"}, {"trade_id": 138825111, "side": "buy", "size": "5.50000000", "price": "0.20218000", "time": "2025-07-13T15:10:18.535272Z", "fetched_at": "2025-07-13T15:10:49.425973+00:00", "symbol": "DOGE-USD"}, {"trade_id": 138825110, "side": "buy", "size": "5.00000000", "price": "0.20219000", "time": "2025-07-13T15:10:18.535272Z", "fetched_at": "2025-07-13T15:10:49.425973+00:00", "symbol": "DOGE-USD"}, {"trade_id": 138825109, "side": "buy", "size": "401.60000000", "price": "0.20219000", "time": "2025-07-13T15:10:18.535272Z", "fetched_at": "2025-07-13T15:10:49.425973+00:00", "symbol": "DOGE-USD"}, {"trade_id": 138825108, "side": "buy", "size": "1274.10000000", "price": "0.20218000", "time": "2025-07-13T15:10:13.067959Z", "fetched_at": "2025-07-13T15:10:49.425973+00:00", "symbol": "DOGE-USD"}, {"trade_id": 138825107, "side": "buy", "size": "5.50000000", "price": "0.20218000", "time": "2025-07-13T15:10:13.067959Z", "fetched_at": "2025-07-13T15:10:49.425973+00:00", "symbol": "DOGE-USD"}, {"trade_id": 138825106, "side": "buy", "size": "1299.20000000", "price": "0.20220000", "time": "2025-07-13T15:10:13.067959Z", "fetched_at": "2025-07-13T15:10:49.425973+00:00", "symbol": "DOGE-USD"}, {"trade_id": 138825105, "side": "buy", "size": "25.70000000", "price": "0.20220000", "time": "2025-07-13T15:10:13.067959Z", "fetched_at": "2025-07-13T15:10:49.425973+00:00", "symbol": "DOGE-USD"}, {"trade_id": 138825104, "side": "buy", "size": "5.50000000", "price": "0.20220000", "time": "2025-07-13T15:10:13.067959Z", "fetched_at": "2025-07-13T15:10:49.425973+00:00", "symbol": "DOGE-USD"}, {"trade_id": 138825103, "side": "buy", "size": "7.40000000", "price": "0.20221000", "time": "2025-07-13T15:10:13.067959Z", "fetched_at": "2025-07-13T15:10:49.425973+00:00", "symbol": "DOGE-USD"}, {"trade_id": 138825102, "side": "buy", "size": "401.60000000", "price": "0.20221000", "time": "2025-07-13T15:10:13.067959Z", "fetched_at": "2025-07-13T15:10:49.425973+00:00", "symbol": "DOGE-USD"}, {"trade_id": 138825101, "side": "buy", "size": "5.50000000", "price": "0.20222000", "time": "2025-07-13T15:10:11.960079Z", "fetched_at": "2025-07-13T15:10:49.425973+00:00", "symbol": "DOGE-USD"}, {"trade_id": 138825100, "side": "sell", "size": "768.00000000", "price": "0.20223000", "time": "2025-07-13T15:10:09.483630Z", "fetched_at": "2025-07-13T15:10:49.425973+00:00", "symbol": "DOGE-USD"}, {"trade_id": 138825099, "side": "buy", "size": "5.50000000", "price": "0.20222000", "time": "2025-07-13T15:10:08.957580Z", "fetched_at": "2025-07-13T15:10:49.425973+00:00", "symbol": "DOGE-USD"}, {"trade_id": 138825098, "side": "buy", "size": "1783.50000000", "price": "0.20223000", "time": "2025-07-13T15:10:07.883170Z", "fetched_at": "2025-07-13T15:10:49.425973+00:00", "symbol": "DOGE-USD"}, {"trade_id": 138825097, "side": "buy", "size": "401.60000000", "price": "0.20224000", "time": "2025-07-13T15:10:07.883170Z", "fetched_at": "2025-07-13T15:10:49.425973+00:00", "symbol": "DOGE-USD"}, {"trade_id": 138825096, "side": "buy", "size": "5.50000000", "price": "0.20224000", "time": "2025-07-13T15:10:07.883170Z", "fetched_at": "2025-07-13T15:10:49.425973+00:00", "symbol": "DOGE-USD"}, {"trade_id": 138825095, "side": "sell", "size": "926.60000000", "price": "0.20228000", "time": "2025-07-13T15:10:05.605251Z", "fetched_at": "2025-07-13T15:10:49.425973+00:00", "symbol": "DOGE-USD"}, {"trade_id": 138825094, "side": "sell", "size": "1215.40000000", "price": "0.20224000", "time": "2025-07-13T15:10:03.708284Z", "fetched_at": "2025-07-13T15:10:49.425973+00:00", "symbol": "DOGE-USD"}, {"trade_id": 138825093, "side": "sell", "size": "1187.00000000", "price": "0.20223000", "time": "2025-07-13T15:10:03.708284Z", "fetched_at": "2025-07-13T15:10:49.425973+00:00", "symbol": "DOGE-USD"}, {"trade_id": 138825092, "side": "buy", "size": "1059.70000000", "price": "0.20222000", "time": "2025-07-13T15:10:03.379745Z", "fetched_at": "2025-07-13T15:10:49.425973+00:00", "symbol": "DOGE-USD"}, {"trade_id": 138825091, "side": "buy", "size": "5.50000000", "price": "0.20222000", "time": "2025-07-13T15:10:03.379745Z", "fetched_at": "2025-07-13T15:10:49.425973+00:00", "symbol": "DOGE-USD"}, {"trade_id": 138825090, "side": "buy", "size": "6.40000000", "price": "0.20223000", "time": "2025-07-13T15:10:03.379745Z", "fetched_at": "2025-07-13T15:10:49.425973+00:00", "symbol": "DOGE-USD"}, {"trade_id": 138825089, "side": "sell", "size": "31.80000000", "price": "0.20221000", "time": "2025-07-13T15:09:56.027490Z", "fetched_at": "2025-07-13T15:10:49.425973+00:00", "symbol": "DOGE-USD"}, {"trade_id": 138825088, "side": "buy", "size": "5.50000000", "price": "0.20222000", "time": "2025-07-13T15:09:55.839439Z", "fetched_at": "2025-07-13T15:10:49.425973+00:00", "symbol": "DOGE-USD"}, {"trade_id": 138825087, "side": "buy", "size": "2349.10000000", "price": "0.20221000", "time": "2025-07-13T15:09:51.678353Z", "fetched_at": "2025-07-13T15:10:49.425973+00:00", "symbol": "DOGE-USD"}, {"trade_id": 138825086, "side": "buy", "size": "18241.20000000", "price": "0.20221000", "time": "2025-07-13T15:09:51.678353Z", "fetched_at": "2025-07-13T15:10:49.425973+00:00", "symbol": "DOGE-USD"}, {"trade_id": 138825085, "side": "buy", "size": "11712.30000000", "price": "0.20222000", "time": "2025-07-13T15:09:51.672595Z", "fetched_at": "2025-07-13T15:10:49.425973+00:00", "symbol": "DOGE-USD"}, {"trade_id": 138825084, "side": "buy", "size": "5.50000000", "price": "0.20222000", "time": "2025-07-13T15:09:51.672595Z", "fetched_at": "2025-07-13T15:10:49.425973+00:00", "symbol": "DOGE-USD"}, {"trade_id": 138825083, "side": "buy", "size": "6.90000000", "price": "0.20223000", "time": "2025-07-13T15:09:51.672595Z", "fetched_at": "2025-07-13T15:10:49.425973+00:00", "symbol": "DOGE-USD"}, {"trade_id": 138825082, "side": "sell", "size": "234.20000000", "price": "0.20225000", "time": "2025-07-13T15:09:50.979860Z", "fetched_at": "2025-07-13T15:10:49.425973+00:00", "symbol": "DOGE-USD"}, {"trade_id": 138825081, "side": "buy", "size": "577.20000000", "price": "0.20221000", "time": "2025-07-13T15:09:44.283489Z", "fetched_at": "2025-07-13T15:10:49.425973+00:00", "symbol": "DOGE-USD"}, {"trade_id": 138825080, "side": "buy", "size": "3736.60000000", "price": "0.20221000", "time": "2025-07-13T15:09:44.283489Z", "fetched_at": "2025-07-13T15:10:49.425973+00:00", "symbol": "DOGE-USD"}, {"trade_id": 138825079, "side": "buy", "size": "3857.00000000", "price": "0.20221000", "time": "2025-07-13T15:09:44.283489Z", "fetched_at": "2025-07-13T15:10:49.425973+00:00", "symbol": "DOGE-USD"}, {"trade_id": 138825078, "side": "buy", "size": "11404.70000000", "price": "0.20221000", "time": "2025-07-13T15:09:44.283489Z", "fetched_at": "2025-07-13T15:10:49.425973+00:00", "symbol": "DOGE-USD"}, {"trade_id": 138825077, "side": "buy", "size": "4556.20000000", "price": "0.20222000", "time": "2025-07-13T15:09:44.283489Z", "fetched_at": "2025-07-13T15:10:49.425973+00:00", "symbol": "DOGE-USD"}, {"trade_id": 138825076, "side": "buy", "size": "5.50000000", "price": "0.20222000", "time": "2025-07-13T15:09:44.283489Z", "fetched_at": "2025-07-13T15:10:49.425973+00:00", "symbol": "DOGE-USD"}, {"trade_id": 138825075, "side": "buy", "size": "1374.80000000", "price": "0.20223000", "time": "2025-07-13T15:09:44.283489Z", "fetched_at": "2025-07-13T15:10:49.425973+00:00", "symbol": "DOGE-USD"}, {"trade_id": 138825074, "side": "buy", "size": "769.50000000", "price": "0.20224000", "time": "2025-07-13T15:09:44.283489Z", "fetched_at": "2025-07-13T15:10:49.425973+00:00", "symbol": "DOGE-USD"}, {"trade_id": 138825073, "side": "buy", "size": "5.50000000", "price": "0.20224000", "time": "2025-07-13T15:09:44.283489Z", "fetched_at": "2025-07-13T15:10:49.425973+00:00", "symbol": "DOGE-USD"}, {"trade_id": 138825072, "side": "buy", "size": "1382.80000000", "price": "0.20225000", "time": "2025-07-13T15:09:44.283489Z", "fetched_at": "2025-07-13T15:10:49.425973+00:00", "symbol": "DOGE-USD"}, {"trade_id": 138825071, "side": "buy", "size": "183.00000000", "price": "0.20226000", "time": "2025-07-13T15:09:44.283489Z", "fetched_at": "2025-07-13T15:10:49.425973+00:00", "symbol": "DOGE-USD"}, {"trade_id": 138825070, "side": "buy", "size": "6.70000000", "price": "0.20226000", "time": "2025-07-13T15:09:44.283489Z", "fetched_at": "2025-07-13T15:10:49.425973+00:00", "symbol": "DOGE-USD"}, {"trade_id": 138825069, "side": "buy", "size": "5.50000000", "price": "0.20226000", "time": "2025-07-13T15:09:43.832143Z", "fetched_at": "2025-07-13T15:10:49.425973+00:00", "symbol": "DOGE-USD"}, {"trade_id": 138825068, "side": "buy", "size": "5.50000000", "price": "0.20228000", "time": "2025-07-13T15:09:43.014836Z", "fetched_at": "2025-07-13T15:10:49.425973+00:00", "symbol": "DOGE-USD"}, {"trade_id": 138825067, "side": "buy", "size": "5.50000000", "price": "0.20230000", "time": "2025-07-13T15:09:42.947465Z", "fetched_at": "2025-07-13T15:10:49.425973+00:00", "symbol": "DOGE-USD"}, {"trade_id": 138825066, "side": "buy", "size": "2390.40000000", "price": "0.20231000", "time": "2025-07-13T15:09:42.229842Z", "fetched_at": "2025-07-13T15:10:49.425973+00:00", "symbol": "DOGE-USD"}, {"trade_id": 138825065, "side": "buy", "size": "769.50000000", "price": "0.20231000", "time": "2025-07-13T15:09:42.229842Z", "fetched_at": "2025-07-13T15:10:49.425973+00:00", "symbol": "DOGE-USD"}, {"trade_id": 138825064, "side": "buy", "size": "9.70000000", "price": "0.20232000", "time": "2025-07-13T15:09:42.229842Z", "fetched_at": "2025-07-13T15:10:49.425973+00:00", "symbol": "DOGE-USD"}, {"trade_id": 138825063, "side": "buy", "size": "5.50000000", "price": "0.20232000", "time": "2025-07-13T15:09:42.229842Z", "fetched_at": "2025-07-13T15:10:49.425973+00:00", "symbol": "DOGE-USD"}, {"trade_id": 138825062, "side": "buy", "size": "5.50000000", "price": "0.20234000", "time": "2025-07-13T15:09:42.229842Z", "fetched_at": "2025-07-13T15:10:49.425973+00:00", "symbol": "DOGE-USD"}, {"trade_id": 138825061, "side": "sell", "size": "2011.10000000", "price": "0.20241000", "time": "2025-07-13T15:09:41.816883Z", "fetched_at": "2025-07-13T15:10:49.425973+00:00", "symbol": "DOGE-USD"}, {"trade_id": 138825060, "side": "sell", "size": "1237.60000000", "price": "0.20241000", "time": "2025-07-13T15:09:41.816883Z", "fetched_at": "2025-07-13T15:10:49.425973+00:00", "symbol": "DOGE-USD"}, {"trade_id": 138825059, "side": "sell", "size": "2964.20000000", "price": "0.20240000", "time": "2025-07-13T15:09:41.816883Z", "fetched_at": "2025-07-13T15:10:49.425973+00:00", "symbol": "DOGE-USD"}, {"trade_id": 138825058, "side": "sell", "size": "5.50000000", "price": "0.20240000", "time": "2025-07-13T15:09:41.816883Z", "fetched_at": "2025-07-13T15:10:49.425973+00:00", "symbol": "DOGE-USD"}, {"trade_id": 138825057, "side": "sell", "size": "47.30000000", "price": "0.20239000", "time": "2025-07-13T15:09:41.816883Z", "fetched_at": "2025-07-13T15:10:49.425973+00:00", "symbol": "DOGE-USD"}, {"trade_id": 138825056, "side": "sell", "size": "1254.10000000", "price": "0.20237000", "time": "2025-07-13T15:09:41.816883Z", "fetched_at": "2025-07-13T15:10:49.425973+00:00", "symbol": "DOGE-USD"}, {"trade_id": 138825055, "side": "buy", "size": "9.40000000", "price": "0.20236000", "time": "2025-07-13T15:09:40.628237Z", "fetched_at": "2025-07-13T15:10:49.425973+00:00", "symbol": "DOGE-USD"}, {"trade_id": 138825054, "side": "buy", "size": "5.50000000", "price": "0.20236000", "time": "2025-07-13T15:09:40.628237Z", "fetched_at": "2025-07-13T15:10:49.425973+00:00", "symbol": "DOGE-USD"}, {"trade_id": 138825053, "side": "buy", "size": "204.00000000", "price": "0.20236000", "time": "2025-07-13T15:09:40.026465Z", "fetched_at": "2025-07-13T15:10:49.425973+00:00", "symbol": "DOGE-USD"}, {"trade_id": 138825052, "side": "buy", "size": "10.90000000", "price": "0.20237000", "time": "2025-07-13T15:09:40.026465Z", "fetched_at": "2025-07-13T15:10:49.425973+00:00", "symbol": "DOGE-USD"}, {"trade_id": 138825051, "side": "buy", "size": "401.60000000", "price": "0.20238000", "time": "2025-07-13T15:09:40.026465Z", "fetched_at": "2025-07-13T15:10:49.425973+00:00", "symbol": "DOGE-USD"}, {"trade_id": 138825050, "side": "sell", "size": "795.20000000", "price": "0.20239000", "time": "2025-07-13T15:09:39.952755Z", "fetched_at": "2025-07-13T15:10:49.425973+00:00", "symbol": "DOGE-USD"}, {"trade_id": 138825049, "side": "sell", "size": "283.30000000", "price": "0.20238000", "time": "2025-07-13T15:09:39.952755Z", "fetched_at": "2025-07-13T15:10:49.425973+00:00", "symbol": "DOGE-USD"}, {"trade_id": 138825048, "side": "buy", "size": "5.50000000", "price": "0.20240000", "time": "2025-07-13T15:09:39.053012Z", "fetched_at": "2025-07-13T15:10:49.425973+00:00", "symbol": "DOGE-USD"}, {"trade_id": 138825047, "side": "buy", "size": "2964.20000000", "price": "0.20241000", "time": "2025-07-13T15:09:39.044999Z", "fetched_at": "2025-07-13T15:10:49.425973+00:00", "symbol": "DOGE-USD"}, {"trade_id": 138825046, "side": "buy", "size": "11.40000000", "price": "0.20242000", "time": "2025-07-13T15:09:39.044999Z", "fetched_at": "2025-07-13T15:10:49.425973+00:00", "symbol": "DOGE-USD"}, {"trade_id": 138825045, "side": "buy", "size": "227.60000000", "price": "0.20245000", "time": "2025-07-13T15:09:37.546427Z", "fetched_at": "2025-07-13T15:10:49.425973+00:00", "symbol": "DOGE-USD"}, {"trade_id": 138825044, "side": "buy", "size": "183.00000000", "price": "0.20245000", "time": "2025-07-13T15:09:37.546427Z", "fetched_at": "2025-07-13T15:10:49.425973+00:00", "symbol": "DOGE-USD"}, {"trade_id": 138825043, "side": "buy", "size": "262.00000000", "price": "0.20245000", "time": "2025-07-13T15:09:37.546427Z", "fetched_at": "2025-07-13T15:10:49.425973+00:00", "symbol": "DOGE-USD"}, {"trade_id": 138825042, "side": "buy", "size": "401.60000000", "price": "0.20245000", "time": "2025-07-13T15:09:37.546427Z", "fetched_at": "2025-07-13T15:10:49.425973+00:00", "symbol": "DOGE-USD"}, {"trade_id": 138825041, "side": "sell", "size": "67.70000000", "price": "0.20245000", "time": "2025-07-13T15:09:36.533877Z", "fetched_at": "2025-07-13T15:10:49.425973+00:00", "symbol": "DOGE-USD"}, {"trade_id": 138825040, "side": "sell", "size": "0.20000000", "price": "0.20245000", "time": "2025-07-13T15:09:36.533877Z", "fetched_at": "2025-07-13T15:10:49.425973+00:00", "symbol": "DOGE-USD"}, {"trade_id": 138825039, "side": "sell", "size": "5.50000000", "price": "0.20244000", "time": "2025-07-13T15:09:36.533877Z", "fetched_at": "2025-07-13T15:10:49.425973+00:00", "symbol": "DOGE-USD"}, {"trade_id": 138825038, "side": "sell", "size": "5.50000000", "price": "0.20242000", "time": "2025-07-13T15:09:33.293035Z", "fetched_at": "2025-07-13T15:10:49.425973+00:00", "symbol": "DOGE-USD"}, {"trade_id": 138825037, "side": "sell", "size": "5.50000000", "price": "0.20240000", "time": "2025-07-13T15:09:32.753120Z", "fetched_at": "2025-07-13T15:10:49.425973+00:00", "symbol": "DOGE-USD"}, {"trade_id": 138825036, "side": "sell", "size": "5.50000000", "price": "0.20238000", "time": "2025-07-13T15:09:32.735197Z", "fetched_at": "2025-07-13T15:10:49.425973+00:00", "symbol": "DOGE-USD"}, {"trade_id": 138825035, "side": "sell", "size": "5.50000000", "price": "0.20236000", "time": "2025-07-13T15:09:32.095296Z", "fetched_at": "2025-07-13T15:10:49.425973+00:00", "symbol": "DOGE-USD"}, {"trade_id": 138825034, "side": "sell", "size": "0.10000000", "price": "0.20233000", "time": "2025-07-13T15:09:31.927743Z", "fetched_at": "2025-07-13T15:10:49.425973+00:00", "symbol": "DOGE-USD"}, {"trade_id": 138825033, "side": "sell", "size": "717.00000000", "price": "0.20233000", "time": "2025-07-13T15:09:31.775536Z", "fetched_at": "2025-07-13T15:10:49.425973+00:00", "symbol": "DOGE-USD"}, {"trade_id": 138825032, "side": "sell", "size": "489.00000000", "price": "0.20233000", "time": "2025-07-13T15:09:31.427130Z", "fetched_at": "2025-07-13T15:10:49.425973+00:00", "symbol": "DOGE-USD"}, {"trade_id": 138825031, "side": "sell", "size": "908.00000000", "price": "0.20233000", "time": "2025-07-13T15:09:30.348192Z", "fetched_at": "2025-07-13T15:10:49.425973+00:00", "symbol": "DOGE-USD"}, {"trade_id": 138825030, "side": "sell", "size": "47.30000000", "price": "0.20232000", "time": "2025-07-13T15:09:30.348192Z", "fetched_at": "2025-07-13T15:10:49.425973+00:00", "symbol": "DOGE-USD"}, {"trade_id": 138825029, "side": "sell", "size": "5.50000000", "price": "0.20232000", "time": "2025-07-13T15:09:30.348192Z", "fetched_at": "2025-07-13T15:10:49.425973+00:00", "symbol": "DOGE-USD"}, {"trade_id": 138825028, "side": "sell", "size": "47.30000000", "price": "0.20227000", "time": "2025-07-13T15:09:27.588576Z", "fetched_at": "2025-07-13T15:10:49.425973+00:00", "symbol": "DOGE-USD"}, {"trade_id": 138825027, "side": "buy", "size": "5.50000000", "price": "0.20228000", "time": "2025-07-13T15:09:27.462684Z", "fetched_at": "2025-07-13T15:10:49.425973+00:00", "symbol": "DOGE-USD"}, {"trade_id": 138825026, "side": "sell", "size": "5.50000000", "price": "0.20240000", "time": "2025-07-13T15:09:25.910040Z", "fetched_at": "2025-07-13T15:10:49.425973+00:00", "symbol": "DOGE-USD"}, {"trade_id": 138825025, "side": "sell", "size": "0.20000000", "price": "0.20240000", "time": "2025-07-13T15:09:25.910040Z", "fetched_at": "2025-07-13T15:10:49.425973+00:00", "symbol": "DOGE-USD"}, {"trade_id": 138825024, "side": "sell", "size": "5.50000000", "price": "0.20238000", "time": "2025-07-13T15:09:24.722036Z", "fetched_at": "2025-07-13T15:10:49.425973+00:00", "symbol": "DOGE-USD"}, {"trade_id": 138825023, "side": "sell", "size": "840.30000000", "price": "0.20237000", "time": "2025-07-13T15:09:24.708767Z", "fetched_at": "2025-07-13T15:10:49.425973+00:00", "symbol": "DOGE-USD"}, {"trade_id": 138825022, "side": "sell", "size": "31.90000000", "price": "0.20237000", "time": "2025-07-13T15:09:24.708767Z", "fetched_at": "2025-07-13T15:10:49.425973+00:00", "symbol": "DOGE-USD"}, {"trade_id": 138825021, "side": "sell", "size": "5.50000000", "price": "0.20236000", "time": "2025-07-13T15:09:24.626998Z", "fetched_at": "2025-07-13T15:10:49.425973+00:00", "symbol": "DOGE-USD"}, {"trade_id": 138825020, "side": "sell", "size": "175.20000000", "price": "0.20236000", "time": "2025-07-13T15:09:24.626998Z", "fetched_at": "2025-07-13T15:10:49.425973+00:00", "symbol": "DOGE-USD"}, {"trade_id": 138825019, "side": "sell", "size": "47.30000000", "price": "0.20235000", "time": "2025-07-13T15:09:24.626998Z", "fetched_at": "2025-07-13T15:10:49.425973+00:00", "symbol": "DOGE-USD"}, {"trade_id": 138825018, "side": "sell", "size": "81.10000000", "price": "0.20235000", "time": "2025-07-13T15:09:24.626998Z", "fetched_at": "2025-07-13T15:10:49.425973+00:00", "symbol": "DOGE-USD"}, {"trade_id": 138825017, "side": "sell", "size": "5.50000000", "price": "0.20234000", "time": "2025-07-13T15:09:24.626998Z", "fetched_at": "2025-07-13T15:10:49.425973+00:00", "symbol": "DOGE-USD"}, {"trade_id": 138825016, "side": "sell", "size": "184.90000000", "price": "0.20234000", "time": "2025-07-13T15:09:24.626998Z", "fetched_at": "2025-07-13T15:10:49.425973+00:00", "symbol": "DOGE-USD"}, {"trade_id": 138825015, "side": "sell", "size": "36.70000000", "price": "0.20233000", "time": "2025-07-13T15:09:24.626998Z", "fetched_at": "2025-07-13T15:10:49.425973+00:00", "symbol": "DOGE-USD"}, {"trade_id": 138825014, "side": "sell", "size": "115.70000000", "price": "0.20232000", "time": "2025-07-13T15:09:24.626998Z", "fetched_at": "2025-07-13T15:10:49.425973+00:00", "symbol": "DOGE-USD"}, {"trade_id": 138825013, "side": "sell", "size": "5.50000000", "price": "0.20232000", "time": "2025-07-13T15:09:24.626998Z", "fetched_at": "2025-07-13T15:10:49.425973+00:00", "symbol": "DOGE-USD"}, {"trade_id": 138825012, "side": "sell", "size": "120.90000000", "price": "0.20231000", "time": "2025-07-13T15:09:23.932338Z", "fetched_at": "2025-07-13T15:10:49.425973+00:00", "symbol": "DOGE-USD"}, {"trade_id": 138825011, "side": "sell", "size": "495.00000000", "price": "0.20231000", "time": "2025-07-13T15:09:23.932338Z", "fetched_at": "2025-07-13T15:10:49.425973+00:00", "symbol": "DOGE-USD"}, {"trade_id": 138825010, "side": "sell", "size": "5.50000000", "price": "0.20230000", "time": "2025-07-13T15:09:23.916968Z", "fetched_at": "2025-07-13T15:10:49.425973+00:00", "symbol": "DOGE-USD"}, {"trade_id": 138825009, "side": "sell", "size": "101.20000000", "price": "0.20230000", "time": "2025-07-13T15:09:23.916968Z", "fetched_at": "2025-07-13T15:10:49.425973+00:00", "symbol": "DOGE-USD"}, {"trade_id": 138825008, "side": "sell", "size": "125.90000000", "price": "0.20229000", "time": "2025-07-13T15:09:23.916968Z", "fetched_at": "2025-07-13T15:10:49.425973+00:00", "symbol": "DOGE-USD"}, {"trade_id": 138825007, "side": "sell", "size": "140.80000000", "price": "0.20229000", "time": "2025-07-13T15:09:23.916968Z", "fetched_at": "2025-07-13T15:10:49.425973+00:00", "symbol": "DOGE-USD"}, {"trade_id": 138825006, "side": "sell", "size": "5.50000000", "price": "0.20228000", "time": "2025-07-13T15:09:23.916968Z", "fetched_at": "2025-07-13T15:10:49.425973+00:00", "symbol": "DOGE-USD"}, {"trade_id": 138825005, "side": "sell", "size": "22.00000000", "price": "0.20228000", "time": "2025-07-13T15:09:23.916968Z", "fetched_at": "2025-07-13T15:10:49.425973+00:00", "symbol": "DOGE-USD"}, {"trade_id": 138825004, "side": "sell", "size": "366.70000000", "price": "0.20228000", "time": "2025-07-13T15:09:23.916968Z", "fetched_at": "2025-07-13T15:10:49.425973+00:00", "symbol": "DOGE-USD"}, {"trade_id": 138825003, "side": "sell", "size": "70.40000000", "price": "0.20228000", "time": "2025-07-13T15:09:23.166088Z", "fetched_at": "2025-07-13T15:10:49.425973+00:00", "symbol": "DOGE-USD"}, {"trade_id": 138825002, "side": "sell", "size": "48.00000000", "price": "0.20228000", "time": "2025-07-13T15:09:22.091143Z", "fetched_at": "2025-07-13T15:10:49.425973+00:00", "symbol": "DOGE-USD"}, {"trade_id": 138825001, "side": "sell", "size": "10.00000000", "price": "0.20228000", "time": "2025-07-13T15:09:16.679281Z", "fetched_at": "2025-07-13T15:10:49.425973+00:00", "symbol": "DOGE-USD"}, {"trade_id": 138825000, "side": "sell", "size": "5.50000000", "price": "0.20224000", "time": "2025-07-13T15:09:15.854628Z", "fetched_at": "2025-07-13T15:10:49.425973+00:00", "symbol": "DOGE-USD"}, {"trade_id": 138824999, "side": "buy", "size": "552.60000000", "price": "0.20218000", "time": "2025-07-13T15:09:15.047876Z", "fetched_at": "2025-07-13T15:10:49.425973+00:00", "symbol": "DOGE-USD"}, {"trade_id": 138824998, "side": "buy", "size": "1324.20000000", "price": "0.20218000", "time": "2025-07-13T15:09:15.047876Z", "fetched_at": "2025-07-13T15:10:49.425973+00:00", "symbol": "DOGE-USD"}, {"trade_id": 138824997, "side": "buy", "size": "1211.60000000", "price": "0.20218000", "time": "2025-07-13T15:09:15.047876Z", "fetched_at": "2025-07-13T15:10:49.425973+00:00", "symbol": "DOGE-USD"}, {"trade_id": 138824996, "side": "buy", "size": "5.50000000", "price": "0.20218000", "time": "2025-07-13T15:09:15.047876Z", "fetched_at": "2025-07-13T15:10:49.425973+00:00", "symbol": "DOGE-USD"}, {"trade_id": 138824995, "side": "buy", "size": "2610.70000000", "price": "0.20219000", "time": "2025-07-13T15:09:15.047876Z", "fetched_at": "2025-07-13T15:10:49.425973+00:00", "symbol": "DOGE-USD"}, {"trade_id": 138824994, "side": "buy", "size": "1183.70000000", "price": "0.20220000", "time": "2025-07-13T15:09:15.047876Z", "fetched_at": "2025-07-13T15:10:49.425973+00:00", "symbol": "DOGE-USD"}, {"trade_id": 138824993, "side": "buy", "size": "401.60000000", "price": "0.20221000", "time": "2025-07-13T15:09:15.047876Z", "fetched_at": "2025-07-13T15:10:49.425973+00:00", "symbol": "DOGE-USD"}, {"trade_id": 138824992, "side": "sell", "size": "46.90000000", "price": "0.20221000", "time": "2025-07-13T15:09:14.291625Z", "fetched_at": "2025-07-13T15:10:49.425973+00:00", "symbol": "DOGE-USD"}, {"trade_id": 138824991, "side": "sell", "size": "183.00000000", "price": "0.20219000", "time": "2025-07-13T15:09:14.079841Z", "fetched_at": "2025-07-13T15:10:49.425973+00:00", "symbol": "DOGE-USD"}, {"trade_id": 138824990, "side": "sell", "size": "1180.40000000", "price": "0.20219000", "time": "2025-07-13T15:09:14.079841Z", "fetched_at": "2025-07-13T15:10:49.425973+00:00", "symbol": "DOGE-USD"}, {"trade_id": 138824989, "side": "buy", "size": "5.90000000", "price": "0.20221000", "time": "2025-07-13T15:09:11.591069Z", "fetched_at": "2025-07-13T15:10:49.425973+00:00", "symbol": "DOGE-USD"}, {"trade_id": 138824988, "side": "sell", "size": "313.70000000", "price": "0.20223000", "time": "2025-07-13T15:09:10.605105Z", "fetched_at": "2025-07-13T15:10:49.425973+00:00", "symbol": "DOGE-USD"}, {"trade_id": 138824987, "side": "sell", "size": "500.00000000", "price": "0.20223000", "time": "2025-07-13T15:09:10.321933Z", "fetched_at": "2025-07-13T15:10:49.425973+00:00", "symbol": "DOGE-USD"}, {"trade_id": 138824986, "side": "buy", "size": "5.50000000", "price": "0.20222000", "time": "2025-07-13T15:09:09.419124Z", "fetched_at": "2025-07-13T15:10:49.425973+00:00", "symbol": "DOGE-USD"}, {"trade_id": 138824985, "side": "sell", "size": "185.00000000", "price": "0.20227000", "time": "2025-07-13T15:09:07.598598Z", "fetched_at": "2025-07-13T15:10:49.425973+00:00", "symbol": "DOGE-USD"}, {"trade_id": 138824984, "side": "buy", "size": "1324.20000000", "price": "0.20225000", "time": "2025-07-13T15:09:07.307076Z", "fetched_at": "2025-07-13T15:10:49.425973+00:00", "symbol": "DOGE-USD"}, {"trade_id": 138824983, "side": "buy", "size": "401.60000000", "price": "0.20227000", "time": "2025-07-13T15:09:07.307076Z", "fetched_at": "2025-07-13T15:10:49.425973+00:00", "symbol": "DOGE-USD"}, {"trade_id": 138824982, "side": "sell", "size": "2000.00000000", "price": "0.20226000", "time": "2025-07-13T15:09:05.500709Z", "fetched_at": "2025-07-13T15:10:49.425973+00:00", "symbol": "DOGE-USD"}, {"trade_id": 138824981, "side": "sell", "size": "1325.60000000", "price": "0.20226000", "time": "2025-07-13T15:09:05.500709Z", "fetched_at": "2025-07-13T15:10:49.425973+00:00", "symbol": "DOGE-USD"}, {"trade_id": 138824980, "side": "sell", "size": "7159.10000000", "price": "0.20226000", "time": "2025-07-13T15:09:05.500709Z", "fetched_at": "2025-07-13T15:10:49.425973+00:00", "symbol": "DOGE-USD"}, {"trade_id": 138824979, "side": "sell", "size": "7500.00000000", "price": "0.20226000", "time": "2025-07-13T15:09:05.500709Z", "fetched_at": "2025-07-13T15:10:49.425973+00:00", "symbol": "DOGE-USD"}, {"trade_id": 138824978, "side": "sell", "size": "5.50000000", "price": "0.20226000", "time": "2025-07-13T15:09:05.500709Z", "fetched_at": "2025-07-13T15:10:49.425973+00:00", "symbol": "DOGE-USD"}, {"trade_id": 138824977, "side": "sell", "size": "5094.10000000", "price": "0.20225000", "time": "2025-07-13T15:09:05.500709Z", "fetched_at": "2025-07-13T15:10:49.425973+00:00", "symbol": "DOGE-USD"}, {"trade_id": 138824976, "side": "sell", "size": "7159.10000000", "price": "0.20225000", "time": "2025-07-13T15:09:05.500709Z", "fetched_at": "2025-07-13T15:10:49.425973+00:00", "symbol": "DOGE-USD"}, {"trade_id": 138824975, "side": "sell", "size": "7004.80000000", "price": "0.20225000", "time": "2025-07-13T15:09:05.500709Z", "fetched_at": "2025-07-13T15:10:49.425973+00:00", "symbol": "DOGE-USD"}, {"trade_id": 138824974, "side": "sell", "size": "4937.80000000", "price": "0.20224000", "time": "2025-07-13T15:09:05.499311Z", "fetched_at": "2025-07-13T15:10:49.425973+00:00", "symbol": "DOGE-USD"}, {"trade_id": 138824973, "side": "sell", "size": "5000.00000000", "price": "0.20224000", "time": "2025-07-13T15:09:05.499311Z", "fetched_at": "2025-07-13T15:10:49.425973+00:00", "symbol": "DOGE-USD"}, {"trade_id": 138824972, "side": "sell", "size": "2500.00000000", "price": "0.20224000", "time": "2025-07-13T15:09:05.499311Z", "fetched_at": "2025-07-13T15:10:49.425973+00:00", "symbol": "DOGE-USD"}, {"trade_id": 138824971, "side": "sell", "size": "5.50000000", "price": "0.20224000", "time": "2025-07-13T15:09:05.499311Z", "fetched_at": "2025-07-13T15:10:49.425973+00:00", "symbol": "DOGE-USD"}, {"trade_id": 138824970, "side": "sell", "size": "8498.30000000", "price": "0.20224000", "time": "2025-07-13T15:09:05.499311Z", "fetched_at": "2025-07-13T15:10:49.425973+00:00", "symbol": "DOGE-USD"}, {"trade_id": 138824969, "side": "sell", "size": "769.50000000", "price": "0.20224000", "time": "2025-07-13T15:09:05.499311Z", "fetched_at": "2025-07-13T15:10:49.425973+00:00", "symbol": "DOGE-USD"}, {"trade_id": 138824968, "side": "sell", "size": "1965.00000000", "price": "0.20223000", "time": "2025-07-13T15:09:05.499311Z", "fetched_at": "2025-07-13T15:10:49.425973+00:00", "symbol": "DOGE-USD"}, {"trade_id": 138824967, "side": "sell", "size": "2754.40000000", "price": "0.20223000", "time": "2025-07-13T15:09:05.499311Z", "fetched_at": "2025-07-13T15:10:49.425973+00:00", "symbol": "DOGE-USD"}, {"trade_id": 138824966, "side": "sell", "size": "3797.50000000", "price": "0.20223000", "time": "2025-07-13T15:09:05.499311Z", "fetched_at": "2025-07-13T15:10:49.425973+00:00", "symbol": "DOGE-USD"}, {"trade_id": 138824965, "side": "sell", "size": "3803.30000000", "price": "0.20223000", "time": "2025-07-13T15:09:05.499311Z", "fetched_at": "2025-07-13T15:10:49.425973+00:00", "symbol": "DOGE-USD"}, {"trade_id": 138824964, "side": "sell", "size": "5405.80000000", "price": "0.20222000", "time": "2025-07-13T15:09:05.499311Z", "fetched_at": "2025-07-13T15:10:49.425973+00:00", "symbol": "DOGE-USD"}, {"trade_id": 138824963, "side": "sell", "size": "500.00000000", "price": "0.20222000", "time": "2025-07-13T15:09:05.499311Z", "fetched_at": "2025-07-13T15:10:49.425973+00:00", "symbol": "DOGE-USD"}, {"trade_id": 138824962, "side": "sell", "size": "7004.80000000", "price": "0.20220000", "time": "2025-07-13T15:09:05.498960Z", "fetched_at": "2025-07-13T15:10:49.425973+00:00", "symbol": "DOGE-USD"}, {"trade_id": 138824961, "side": "sell", "size": "47.30000000", "price": "0.20219000", "time": "2025-07-13T15:09:05.498960Z", "fetched_at": "2025-07-13T15:10:49.425973+00:00", "symbol": "DOGE-USD"}, {"trade_id": 138824960, "side": "sell", "size": "400.30000000", "price": "0.20219000", "time": "2025-07-13T15:09:05.498960Z", "fetched_at": "2025-07-13T15:10:49.425973+00:00", "symbol": "DOGE-USD"}, {"trade_id": 138824959, "side": "sell", "size": "994.90000000", "price": "0.20219000", "time": "2025-07-13T15:09:02.922503Z", "fetched_at": "2025-07-13T15:10:49.425973+00:00", "symbol": "DOGE-USD"}, {"trade_id": 138824958, "side": "buy", "size": "8258.70000000", "price": "0.20221000", "time": "2025-07-13T15:09:02.603979Z", "fetched_at": "2025-07-13T15:10:49.425973+00:00", "symbol": "DOGE-USD"}, {"trade_id": 138824957, "side": "buy", "size": "3921.60000000", "price": "0.20221000", "time": "2025-07-13T15:09:02.603660Z", "fetched_at": "2025-07-13T15:10:49.425973+00:00", "symbol": "DOGE-USD"}, {"trade_id": 138824956, "side": "buy", "size": "5797.40000000", "price": "0.20221000", "time": "2025-07-13T15:09:02.603319Z", "fetched_at": "2025-07-13T15:10:49.425973+00:00", "symbol": "DOGE-USD"}, {"trade_id": 138824955, "side": "buy", "size": "9.30000000", "price": "0.20222000", "time": "2025-07-13T15:09:02.603319Z", "fetched_at": "2025-07-13T15:10:49.425973+00:00", "symbol": "DOGE-USD"}, {"trade_id": 138824954, "side": "sell", "size": "952.10000000", "price": "0.20227000", "time": "2025-07-13T15:08:59.159409Z", "fetched_at": "2025-07-13T15:10:49.425973+00:00", "symbol": "DOGE-USD"}, {"trade_id": 138824953, "side": "sell", "size": "20.00000000", "price": "0.20227000", "time": "2025-07-13T15:08:59.159409Z", "fetched_at": "2025-07-13T15:10:49.425973+00:00", "symbol": "DOGE-USD"}, {"trade_id": 138824952, "side": "sell", "size": "5.50000000", "price": "0.20226000", "time": "2025-07-13T15:08:59.159409Z", "fetched_at": "2025-07-13T15:10:49.425973+00:00", "symbol": "DOGE-USD"}, {"trade_id": 138824951, "side": "sell", "size": "5.50000000", "price": "0.20224000", "time": "2025-07-13T15:08:58.942321Z", "fetched_at": "2025-07-13T15:10:49.425973+00:00", "symbol": "DOGE-USD"}, {"trade_id": 138824950, "side": "sell", "size": "19.10000000", "price": "0.20223000", "time": "2025-07-13T15:08:58.636531Z", "fetched_at": "2025-07-13T15:10:49.425973+00:00", "symbol": "DOGE-USD"}, {"trade_id": 138824949, "side": "sell", "size": "5.50000000", "price": "0.20222000", "time": "2025-07-13T15:08:58.619120Z", "fetched_at": "2025-07-13T15:10:49.425973+00:00", "symbol": "DOGE-USD"}, {"trade_id": 138824948, "side": "sell", "size": "1387.50000000", "price": "0.20220000", "time": "2025-07-13T15:08:58.264266Z", "fetched_at": "2025-07-13T15:10:49.425973+00:00", "symbol": "DOGE-USD"}, {"trade_id": 138824947, "side": "sell", "size": "495.30000000", "price": "0.20220000", "time": "2025-07-13T15:08:58.264266Z", "fetched_at": "2025-07-13T15:10:49.425973+00:00", "symbol": "DOGE-USD"}, {"trade_id": 138824946, "side": "sell", "size": "5.50000000", "price": "0.20220000", "time": "2025-07-13T15:08:58.264266Z", "fetched_at": "2025-07-13T15:10:49.425973+00:00", "symbol": "DOGE-USD"}, {"trade_id": 138824945, "side": "sell", "size": "5.50000000", "price": "0.20218000", "time": "2025-07-13T15:08:58.104944Z", "fetched_at": "2025-07-13T15:10:49.425973+00:00", "symbol": "DOGE-USD"}, {"trade_id": 138824944, "side": "sell", "size": "5.50000000", "price": "0.20216000", "time": "2025-07-13T15:08:56.273545Z", "fetched_at": "2025-07-13T15:10:49.425973+00:00", "symbol": "DOGE-USD"}, {"trade_id": 138824943, "side": "buy", "size": "4.80000000", "price": "0.20215000", "time": "2025-07-13T15:08:54.300017Z", "fetched_at": "2025-07-13T15:10:49.425973+00:00", "symbol": "DOGE-USD"}, {"trade_id": 138824942, "side": "buy", "size": "9.10000000", "price": "0.20208000", "time": "2025-07-13T15:08:50.847297Z", "fetched_at": "2025-07-13T15:10:49.425973+00:00", "symbol": "DOGE-USD"}, {"trade_id": 138824941, "side": "sell", "size": "2500.00000000", "price": "0.20214000", "time": "2025-07-13T15:08:50.505531Z", "fetched_at": "2025-07-13T15:10:49.425973+00:00", "symbol": "DOGE-USD"}, {"trade_id": 138824940, "side": "sell", "size": "2703.40000000", "price": "0.20214000", "time": "2025-07-13T15:08:50.505531Z", "fetched_at": "2025-07-13T15:10:49.425973+00:00", "symbol": "DOGE-USD"}, {"trade_id": 138824939, "side": "sell", "size": "1131.80000000", "price": "0.20214000", "time": "2025-07-13T15:08:50.505531Z", "fetched_at": "2025-07-13T15:10:49.425973+00:00", "symbol": "DOGE-USD"}, {"trade_id": 138824938, "side": "sell", "size": "5.50000000", "price": "0.20214000", "time": "2025-07-13T15:08:50.505531Z", "fetched_at": "2025-07-13T15:10:49.425973+00:00", "symbol": "DOGE-USD"}, {"trade_id": 138824937, "side": "sell", "size": "10000.00000000", "price": "0.20213000", "time": "2025-07-13T15:08:50.505531Z", "fetched_at": "2025-07-13T15:10:49.425973+00:00", "symbol": "DOGE-USD"}, {"trade_id": 138824936, "side": "sell", "size": "769.50000000", "price": "0.20213000", "time": "2025-07-13T15:08:50.505531Z", "fetched_at": "2025-07-13T15:10:49.425973+00:00", "symbol": "DOGE-USD"}, {"trade_id": 138824935, "side": "sell", "size": "5.50000000", "price": "0.20212000", "time": "2025-07-13T15:08:50.505531Z", "fetched_at": "2025-07-13T15:10:49.425973+00:00", "symbol": "DOGE-USD"}, {"trade_id": 138824934, "side": "sell", "size": "1967.50000000", "price": "0.20211000", "time": "2025-07-13T15:08:50.505482Z", "fetched_at": "2025-07-13T15:10:49.425973+00:00", "symbol": "DOGE-USD"}, {"trade_id": 138824933, "side": "sell", "size": "2000.00000000", "price": "0.20211000", "time": "2025-07-13T15:08:50.505482Z", "fetched_at": "2025-07-13T15:10:49.425973+00:00", "symbol": "DOGE-USD"}, {"trade_id": 138824932, "side": "sell", "size": "2500.00000000", "price": "0.20210000", "time": "2025-07-13T15:08:50.504845Z", "fetched_at": "2025-07-13T15:10:49.425973+00:00", "symbol": "DOGE-USD"}, {"trade_id": 138824931, "side": "sell", "size": "1325.60000000", "price": "0.20210000", "time": "2025-07-13T15:08:50.504845Z", "fetched_at": "2025-07-13T15:10:49.425973+00:00", "symbol": "DOGE-USD"}, {"trade_id": 138824930, "side": "sell", "size": "17986.20000000", "price": "0.20210000", "time": "2025-07-13T15:08:50.504845Z", "fetched_at": "2025-07-13T15:10:49.425973+00:00", "symbol": "DOGE-USD"}, {"trade_id": 138824929, "side": "sell", "size": "5.50000000", "price": "0.20210000", "time": "2025-07-13T15:08:50.504845Z", "fetched_at": "2025-07-13T15:10:49.425973+00:00", "symbol": "DOGE-USD"}, {"trade_id": 138824928, "side": "sell", "size": "5000.00000000", "price": "0.20209000", "time": "2025-07-13T15:08:50.503889Z", "fetched_at": "2025-07-13T15:10:49.425973+00:00", "symbol": "DOGE-USD"}, {"trade_id": 138824927, "side": "sell", "size": "10000.00000000", "price": "0.20209000", "time": "2025-07-13T15:08:50.503889Z", "fetched_at": "2025-07-13T15:10:49.425973+00:00", "symbol": "DOGE-USD"}, {"trade_id": 138824926, "side": "sell", "size": "3018.20000000", "price": "0.20208000", "time": "2025-07-13T15:08:50.503584Z", "fetched_at": "2025-07-13T15:10:49.425973+00:00", "symbol": "DOGE-USD"}, {"trade_id": 138824925, "side": "sell", "size": "5.50000000", "price": "0.20208000", "time": "2025-07-13T15:08:50.503584Z", "fetched_at": "2025-07-13T15:10:49.425973+00:00", "symbol": "DOGE-USD"}, {"trade_id": 138824924, "side": "sell", "size": "6391.10000000", "price": "0.20207000", "time": "2025-07-13T15:08:50.503364Z", "fetched_at": "2025-07-13T15:10:49.425973+00:00", "symbol": "DOGE-USD"}, {"trade_id": 138824923, "side": "sell", "size": "47.30000000", "price": "0.20207000", "time": "2025-07-13T15:08:50.503364Z", "fetched_at": "2025-07-13T15:10:49.425973+00:00", "symbol": "DOGE-USD"}, {"trade_id": 138824922, "side": "sell", "size": "9898.20000000", "price": "0.20207000", "time": "2025-07-13T15:08:50.503364Z", "fetched_at": "2025-07-13T15:10:49.425973+00:00", "symbol": "DOGE-USD"}, {"trade_id": 138824921, "side": "sell", "size": "5.50000000", "price": "0.20206000", "time": "2025-07-13T15:08:50.503364Z", "fetched_at": "2025-07-13T15:10:49.425973+00:00", "symbol": "DOGE-USD"}, {"trade_id": 138824920, "side": "sell", "size": "5.50000000", "price": "0.20204000", "time": "2025-07-13T15:08:50.503364Z", "fetched_at": "2025-07-13T15:10:49.425973+00:00", "symbol": "DOGE-USD"}, {"trade_id": 138824919, "side": "sell", "size": "5.50000000", "price": "0.20202000", "time": "2025-07-13T15:08:48.264195Z", "fetched_at": "2025-07-13T15:10:49.425973+00:00", "symbol": "DOGE-USD"}, {"trade_id": 138824918, "side": "buy", "size": "246.90000000", "price": "0.20201000", "time": "2025-07-13T15:08:43.314741Z", "fetched_at": "2025-07-13T15:10:49.425973+00:00", "symbol": "DOGE-USD"}, {"trade_id": 138824917, "side": "buy", "size": "5.50000000", "price": "0.20198000", "time": "2025-07-13T15:08:39.832017Z", "fetched_at": "2025-07-13T15:10:49.425973+00:00", "symbol": "DOGE-USD"}, {"trade_id": 138824916, "side": "buy", "size": "5.50000000", "price": "0.20198000", "time": "2025-07-13T15:08:33.061751Z", "fetched_at": "2025-07-13T15:10:49.425973+00:00", "symbol": "DOGE-USD"}, {"trade_id": 138824915, "side": "buy", "size": "5.50000000", "price": "0.20200000", "time": "2025-07-13T15:08:32.881348Z", "fetched_at": "2025-07-13T15:10:49.425973+00:00", "symbol": "DOGE-USD"}, {"trade_id": 138824914, "side": "buy", "size": "5.50000000", "price": "0.20202000", "time": "2025-07-13T15:08:32.816937Z", "fetched_at": "2025-07-13T15:10:49.425973+00:00", "symbol": "DOGE-USD"}, {"trade_id": 138824913, "side": "buy", "size": "5.50000000", "price": "0.20204000", "time": "2025-07-13T15:08:32.545966Z", "fetched_at": "2025-07-13T15:10:49.425973+00:00", "symbol": "DOGE-USD"}, {"trade_id": 138824912, "side": "buy", "size": "1045.70000000", "price": "0.20209000", "time": "2025-07-13T15:08:31.663659Z", "fetched_at": "2025-07-13T15:10:49.425973+00:00", "symbol": "DOGE-USD"}, {"trade_id": 138824911, "side": "buy", "size": "7.80000000", "price": "0.20210000", "time": "2025-07-13T15:08:31.659868Z", "fetched_at": "2025-07-13T15:10:49.425973+00:00", "symbol": "DOGE-USD"}, {"trade_id": 138824910, "side": "buy", "size": "125.60000000", "price": "0.20209000", "time": "2025-07-13T15:08:30.484312Z", "fetched_at": "2025-07-13T15:10:49.425973+00:00", "symbol": "DOGE-USD"}, {"trade_id": 138824909, "side": "buy", "size": "7.80000000", "price": "0.20210000", "time": "2025-07-13T15:08:30.484312Z", "fetched_at": "2025-07-13T15:10:49.425973+00:00", "symbol": "DOGE-USD"}, {"trade_id": 138824908, "side": "buy", "size": "401.60000000", "price": "0.20211000", "time": "2025-07-13T15:08:30.484312Z", "fetched_at": "2025-07-13T15:10:49.425973+00:00", "symbol": "DOGE-USD"}, {"trade_id": 138824907, "side": "sell", "size": "197.60000000", "price": "0.20211000", "time": "2025-07-13T15:08:28.916928Z", "fetched_at": "2025-07-13T15:10:49.425973+00:00", "symbol": "DOGE-USD"}, {"trade_id": 138824906, "side": "sell", "size": "283.30000000", "price": "0.20211000", "time": "2025-07-13T15:08:28.916928Z", "fetched_at": "2025-07-13T15:10:49.425973+00:00", "symbol": "DOGE-USD"}, {"trade_id": 138824905, "side": "sell", "size": "12370.30000000", "price": "0.20213000", "time": "2025-07-13T15:08:28.262108Z", "fetched_at": "2025-07-13T15:10:49.425973+00:00", "symbol": "DOGE-USD"}, {"trade_id": 138824904, "side": "sell", "size": "5.50000000", "price": "0.20212000", "time": "2025-07-13T15:08:28.262108Z", "fetched_at": "2025-07-13T15:10:49.425973+00:00", "symbol": "DOGE-USD"}, {"trade_id": 138824903, "side": "sell", "size": "5.50000000", "price": "0.20210000", "time": "2025-07-13T15:08:28.262108Z", "fetched_at": "2025-07-13T15:10:49.425973+00:00", "symbol": "DOGE-USD"}, {"trade_id": 138824902, "side": "sell", "size": "47.80000000", "price": "0.20208000", "time": "2025-07-13T15:08:26.197615Z", "fetched_at": "2025-07-13T15:10:49.425973+00:00", "symbol": "DOGE-USD"}, {"trade_id": 138824901, "side": "sell", "size": "18.00000000", "price": "0.20208000", "time": "2025-07-13T15:08:25.392202Z", "fetched_at": "2025-07-13T15:10:49.425973+00:00", "symbol": "DOGE-USD"}, {"trade_id": 138824900, "side": "sell", "size": "5.50000000", "price": "0.20208000", "time": "2025-07-13T15:08:25.392202Z", "fetched_at": "2025-07-13T15:10:49.425973+00:00", "symbol": "DOGE-USD"}, {"trade_id": 138824899, "side": "sell", "size": "5.50000000", "price": "0.20206000", "time": "2025-07-13T15:08:22.362974Z", "fetched_at": "2025-07-13T15:10:49.425973+00:00", "symbol": "DOGE-USD"}, {"trade_id": 138824898, "side": "buy", "size": "169.40000000", "price": "0.20204000", "time": "2025-07-13T15:08:20.900478Z", "fetched_at": "2025-07-13T15:10:49.425973+00:00", "symbol": "DOGE-USD"}, {"trade_id": 138824897, "side": "buy", "size": "1335.40000000", "price": "0.20204000", "time": "2025-07-13T15:08:20.900478Z", "fetched_at": "2025-07-13T15:10:49.425973+00:00", "symbol": "DOGE-USD"}, {"trade_id": 138824896, "side": "buy", "size": "769.50000000", "price": "0.20205000", "time": "2025-07-13T15:08:20.900478Z", "fetched_at": "2025-07-13T15:10:49.425973+00:00", "symbol": "DOGE-USD"}, {"trade_id": 138824895, "side": "buy", "size": "183.00000000", "price": "0.20205000", "time": "2025-07-13T15:08:20.900478Z", "fetched_at": "2025-07-13T15:10:49.425973+00:00", "symbol": "DOGE-USD"}, {"trade_id": 138824894, "side": "buy", "size": "6.50000000", "price": "0.20205000", "time": "2025-07-13T15:08:20.900478Z", "fetched_at": "2025-07-13T15:10:49.425973+00:00", "symbol": "DOGE-USD"}, {"trade_id": 138824893, "side": "buy", "size": "1213.90000000", "price": "0.20205000", "time": "2025-07-13T15:08:20.900478Z", "fetched_at": "2025-07-13T15:10:49.425973+00:00", "symbol": "DOGE-USD"}, {"trade_id": 138824892, "side": "buy", "size": "401.60000000", "price": "0.20205000", "time": "2025-07-13T15:08:20.900478Z", "fetched_at": "2025-07-13T15:10:49.425973+00:00", "symbol": "DOGE-USD"}, {"trade_id": 138824891, "side": "sell", "size": "771.80000000", "price": "0.20205000", "time": "2025-07-13T15:08:18.815835Z", "fetched_at": "2025-07-13T15:10:49.425973+00:00", "symbol": "DOGE-USD"}, {"trade_id": 138824890, "side": "sell", "size": "122.40000000", "price": "0.20205000", "time": "2025-07-13T15:08:13.845324Z", "fetched_at": "2025-07-13T15:10:49.425973+00:00", "symbol": "DOGE-USD"}, {"trade_id": 138824889, "side": "sell", "size": "6013.40000000", "price": "0.20204000", "time": "2025-07-13T15:08:12.292548Z", "fetched_at": "2025-07-13T15:10:49.425973+00:00", "symbol": "DOGE-USD"}, {"trade_id": 138824888, "side": "sell", "size": "5.50000000", "price": "0.20204000", "time": "2025-07-13T15:08:12.292548Z", "fetched_at": "2025-07-13T15:10:49.425973+00:00", "symbol": "DOGE-USD"}, {"trade_id": 138824887, "side": "sell", "size": "5.50000000", "price": "0.20202000", "time": "2025-07-13T15:08:12.292548Z", "fetched_at": "2025-07-13T15:10:49.425973+00:00", "symbol": "DOGE-USD"}, {"trade_id": 138824886, "side": "sell", "size": "853.30000000", "price": "0.20200000", "time": "2025-07-13T15:08:06.961210Z", "fetched_at": "2025-07-13T15:10:49.425973+00:00", "symbol": "DOGE-USD"}, {"trade_id": 138824885, "side": "sell", "size": "5.50000000", "price": "0.20200000", "time": "2025-07-13T15:08:06.961210Z", "fetched_at": "2025-07-13T15:10:49.425973+00:00", "symbol": "DOGE-USD"}, {"trade_id": 138824884, "side": "sell", "size": "5.50000000", "price": "0.20198000", "time": "2025-07-13T15:08:06.524929Z", "fetched_at": "2025-07-13T15:10:49.425973+00:00", "symbol": "DOGE-USD"}, {"trade_id": 138824883, "side": "sell", "size": "85.30000000", "price": "0.20196000", "time": "2025-07-13T15:08:03.952874Z", "fetched_at": "2025-07-13T15:10:49.425973+00:00", "symbol": "DOGE-USD"}, {"trade_id": 138824882, "side": "sell", "size": "5.50000000", "price": "0.20196000", "time": "2025-07-13T15:08:03.952874Z", "fetched_at": "2025-07-13T15:10:49.425973+00:00", "symbol": "DOGE-USD"}, {"trade_id": 138824881, "side": "sell", "size": "5.50000000", "price": "0.20194000", "time": "2025-07-13T15:08:03.952874Z", "fetched_at": "2025-07-13T15:10:49.425973+00:00", "symbol": "DOGE-USD"}, {"trade_id": 138824880, "side": "sell", "size": "1418.60000000", "price": "0.20192000", "time": "2025-07-13T15:08:03.883253Z", "fetched_at": "2025-07-13T15:10:49.425973+00:00", "symbol": "DOGE-USD"}, {"trade_id": 138824879, "side": "sell", "size": "5.50000000", "price": "0.20192000", "time": "2025-07-13T15:08:03.883253Z", "fetched_at": "2025-07-13T15:10:49.425973+00:00", "symbol": "DOGE-USD"}, {"trade_id": 138824878, "side": "buy", "size": "11.60000000", "price": "0.20187000", "time": "2025-07-13T15:07:54.453427Z", "fetched_at": "2025-07-13T15:10:49.425973+00:00", "symbol": "DOGE-USD"}, {"trade_id": 138824877, "side": "buy", "size": "10.20000000", "price": "0.20187000", "time": "2025-07-13T15:07:49.896072Z", "fetched_at": "2025-07-13T15:10:49.425973+00:00", "symbol": "DOGE-USD"}, {"trade_id": 138824876, "side": "buy", "size": "5.50000000", "price": "0.20188000", "time": "2025-07-13T15:07:49.772167Z", "fetched_at": "2025-07-13T15:10:49.425973+00:00", "symbol": "DOGE-USD"}, {"trade_id": 138824875, "side": "buy", "size": "2476.50000000", "price": "0.20189000", "time": "2025-07-13T15:07:49.386346Z", "fetched_at": "2025-07-13T15:10:49.425973+00:00", "symbol": "DOGE-USD"}, {"trade_id": 138824874, "side": "buy", "size": "10.50000000", "price": "0.20190000", "time": "2025-07-13T15:07:49.382863Z", "fetched_at": "2025-07-13T15:10:49.425973+00:00", "symbol": "DOGE-USD"}, {"trade_id": 138824873, "side": "sell", "size": "620.00000000", "price": "0.20193000", "time": "2025-07-13T15:07:46.957167Z", "fetched_at": "2025-07-13T15:10:49.425973+00:00", "symbol": "DOGE-USD"}, {"trade_id": 138824872, "side": "sell", "size": "283.30000000", "price": "0.20193000", "time": "2025-07-13T15:07:46.957167Z", "fetched_at": "2025-07-13T15:10:49.425973+00:00", "symbol": "DOGE-USD"}, {"trade_id": 138824871, "side": "sell", "size": "265.20000000", "price": "0.20193000", "time": "2025-07-13T15:07:46.957167Z", "fetched_at": "2025-07-13T15:10:49.425973+00:00", "symbol": "DOGE-USD"}, {"trade_id": 138824870, "side": "buy", "size": "2475.70000000", "price": "0.20195000", "time": "2025-07-13T15:07:46.392265Z", "fetched_at": "2025-07-13T15:10:49.425973+00:00", "symbol": "DOGE-USD"}, {"trade_id": 138824869, "side": "buy", "size": "8.60000000", "price": "0.20196000", "time": "2025-07-13T15:07:46.388732Z", "fetched_at": "2025-07-13T15:10:49.425973+00:00", "symbol": "DOGE-USD"}, {"trade_id": 138824868, "side": "buy", "size": "18032.00000000", "price": "0.20197000", "time": "2025-07-13T15:07:46.287276Z", "fetched_at": "2025-07-13T15:10:49.425973+00:00", "symbol": "DOGE-USD"}, {"trade_id": 138824867, "side": "buy", "size": "8.60000000", "price": "0.20198000", "time": "2025-07-13T15:07:46.265457Z", "fetched_at": "2025-07-13T15:10:49.425973+00:00", "symbol": "DOGE-USD"}, {"trade_id": 138824866, "side": "sell", "size": "206.30000000", "price": "0.20201000", "time": "2025-07-13T15:07:45.739518Z", "fetched_at": "2025-07-13T15:10:49.425973+00:00", "symbol": "DOGE-USD"}, {"trade_id": 138824865, "side": "sell", "size": "583.40000000", "price": "0.20200000", "time": "2025-07-13T15:07:45.739518Z", "fetched_at": "2025-07-13T15:10:49.425973+00:00", "symbol": "DOGE-USD"}, {"trade_id": 138824864, "side": "sell", "size": "2361.00000000", "price": "0.20200000", "time": "2025-07-13T15:07:45.736704Z", "fetched_at": "2025-07-13T15:10:49.425973+00:00", "symbol": "DOGE-USD"}, {"trade_id": 138824863, "side": "sell", "size": "5.50000000", "price": "0.20200000", "time": "2025-07-13T15:07:45.736704Z", "fetched_at": "2025-07-13T15:10:49.425973+00:00", "symbol": "DOGE-USD"}, {"trade_id": 138824862, "side": "sell", "size": "577.90000000", "price": "0.20198000", "time": "2025-07-13T15:07:45.736704Z", "fetched_at": "2025-07-13T15:10:49.425973+00:00", "symbol": "DOGE-USD"}, {"trade_id": 138824861, "side": "sell", "size": "5.50000000", "price": "0.20198000", "time": "2025-07-13T15:07:45.736704Z", "fetched_at": "2025-07-13T15:10:49.425973+00:00", "symbol": "DOGE-USD"}, {"trade_id": 138824860, "side": "sell", "size": "8879.80000000", "price": "0.20197000", "time": "2025-07-13T15:07:44.882674Z", "fetched_at": "2025-07-13T15:10:49.425973+00:00", "symbol": "DOGE-USD"}, {"trade_id": 138824859, "side": "sell", "size": "5.50000000", "price": "0.20196000", "time": "2025-07-13T15:07:44.882674Z", "fetched_at": "2025-07-13T15:10:49.425973+00:00", "symbol": "DOGE-USD"}, {"trade_id": 138824858, "side": "sell", "size": "5.50000000", "price": "0.20194000", "time": "2025-07-13T15:07:44.882674Z", "fetched_at": "2025-07-13T15:10:49.425973+00:00", "symbol": "DOGE-USD"}, {"trade_id": 138824857, "side": "sell", "size": "677.30000000", "price": "0.20192000", "time": "2025-07-13T15:07:44.285737Z", "fetched_at": "2025-07-13T15:10:49.425973+00:00", "symbol": "DOGE-USD"}, {"trade_id": 138824856, "side": "sell", "size": "5.50000000", "price": "0.20192000", "time": "2025-07-13T15:07:44.285737Z", "fetched_at": "2025-07-13T15:10:49.425973+00:00", "symbol": "DOGE-USD"}, {"trade_id": 138824855, "side": "sell", "size": "5.50000000", "price": "0.20190000", "time": "2025-07-13T15:07:43.490877Z", "fetched_at": "2025-07-13T15:10:49.425973+00:00", "symbol": "DOGE-USD"}, {"trade_id": 138824854, "side": "sell", "size": "5.50000000", "price": "0.20188000", "time": "2025-07-13T15:07:43.208716Z", "fetched_at": "2025-07-13T15:10:49.425973+00:00", "symbol": "DOGE-USD"}, {"trade_id": 138824853, "side": "sell", "size": "5.50000000", "price": "0.20186000", "time": "2025-07-13T15:07:41.503706Z", "fetched_at": "2025-07-13T15:10:49.425973+00:00", "symbol": "DOGE-USD"}, {"trade_id": 138824852, "side": "sell", "size": "23.50000000", "price": "0.20185000", "time": "2025-07-13T15:07:35.639935Z", "fetched_at": "2025-07-13T15:10:49.425973+00:00", "symbol": "DOGE-USD"}, {"trade_id": 138824851, "side": "buy", "size": "1966.20000000", "price": "0.20184000", "time": "2025-07-13T15:07:34.990650Z", "fetched_at": "2025-07-13T15:10:49.425973+00:00", "symbol": "DOGE-USD"}, {"trade_id": 138824850, "side": "buy", "size": "6192.90000000", "price": "0.20184000", "time": "2025-07-13T15:07:34.990650Z", "fetched_at": "2025-07-13T15:10:49.425973+00:00", "symbol": "DOGE-USD"}, {"trade_id": 138824849, "side": "buy", "size": "2476.90000000", "price": "0.20185000", "time": "2025-07-13T15:07:34.990650Z", "fetched_at": "2025-07-13T15:10:49.425973+00:00", "symbol": "DOGE-USD"}, {"trade_id": 138824848, "side": "buy", "size": "4468.10000000", "price": "0.20185000", "time": "2025-07-13T15:07:34.981414Z", "fetched_at": "2025-07-13T15:10:49.425973+00:00", "symbol": "DOGE-USD"}, {"trade_id": 138824847, "side": "buy", "size": "11.20000000", "price": "0.20186000", "time": "2025-07-13T15:07:34.979629Z", "fetched_at": "2025-07-13T15:10:49.425973+00:00", "symbol": "DOGE-USD"}, {"trade_id": 138824846, "side": "buy", "size": "401.60000000", "price": "0.20187000", "time": "2025-07-13T15:07:34.979629Z", "fetched_at": "2025-07-13T15:10:49.425973+00:00", "symbol": "DOGE-USD"}, {"trade_id": 138824845, "side": "sell", "size": "661.10000000", "price": "0.20187000", "time": "2025-07-13T15:07:34.206408Z", "fetched_at": "2025-07-13T15:10:49.425973+00:00", "symbol": "DOGE-USD"}, {"trade_id": 138824844, "side": "sell", "size": "5.50000000", "price": "0.20186000", "time": "2025-07-13T15:07:31.816030Z", "fetched_at": "2025-07-13T15:10:49.425973+00:00", "symbol": "DOGE-USD"}, {"trade_id": 138824843, "side": "sell", "size": "5.50000000", "price": "0.20184000", "time": "2025-07-13T15:07:28.669171Z", "fetched_at": "2025-07-13T15:10:49.425973+00:00", "symbol": "DOGE-USD"}, {"trade_id": 138824842, "side": "sell", "size": "46.90000000", "price": "0.20184000", "time": "2025-07-13T15:07:28.669171Z", "fetched_at": "2025-07-13T15:10:49.425973+00:00", "symbol": "DOGE-USD"}, {"trade_id": 138824841, "side": "sell", "size": "275.50000000", "price": "0.20184000", "time": "2025-07-13T15:07:28.669171Z", "fetched_at": "2025-07-13T15:10:49.425973+00:00", "symbol": "DOGE-USD"}, {"trade_id": 138824840, "side": "sell", "size": "276.90000000", "price": "0.20184000", "time": "2025-07-13T15:07:28.669171Z", "fetched_at": "2025-07-13T15:10:49.425973+00:00", "symbol": "DOGE-USD"}, {"trade_id": 138824839, "side": "sell", "size": "278.30000000", "price": "0.20184000", "time": "2025-07-13T15:07:28.669171Z", "fetched_at": "2025-07-13T15:10:49.425973+00:00", "symbol": "DOGE-USD"}, {"trade_id": 138824838, "side": "sell", "size": "276.10000000", "price": "0.20184000", "time": "2025-07-13T15:07:28.669171Z", "fetched_at": "2025-07-13T15:10:49.425973+00:00", "symbol": "DOGE-USD"}, {"trade_id": 138824837, "side": "sell", "size": "276.90000000", "price": "0.20184000", "time": "2025-07-13T15:07:28.669171Z", "fetched_at": "2025-07-13T15:10:49.425973+00:00", "symbol": "DOGE-USD"}, {"trade_id": 138824836, "side": "sell", "size": "278.10000000", "price": "0.20184000", "time": "2025-07-13T15:07:28.669171Z", "fetched_at": "2025-07-13T15:10:49.425973+00:00", "symbol": "DOGE-USD"}, {"trade_id": 138824835, "side": "sell", "size": "275.80000000", "price": "0.20184000", "time": "2025-07-13T15:07:28.669171Z", "fetched_at": "2025-07-13T15:10:49.425973+00:00", "symbol": "DOGE-USD"}, {"trade_id": 138824834, "side": "sell", "size": "278.00000000", "price": "0.20184000", "time": "2025-07-13T15:07:28.669171Z", "fetched_at": "2025-07-13T15:10:49.425973+00:00", "symbol": "DOGE-USD"}, {"trade_id": 138824833, "side": "sell", "size": "1961.90000000", "price": "0.20184000", "time": "2025-07-13T15:07:28.669171Z", "fetched_at": "2025-07-13T15:10:49.425973+00:00", "symbol": "DOGE-USD"}, {"trade_id": 138824832, "side": "sell", "size": "38.40000000", "price": "0.20183000", "time": "2025-07-13T15:07:28.669171Z", "fetched_at": "2025-07-13T15:10:49.425973+00:00", "symbol": "DOGE-USD"}, {"trade_id": 138824831, "side": "sell", "size": "102.50000000", "price": "0.20183000", "time": "2025-07-13T15:07:27.718857Z", "fetched_at": "2025-07-13T15:10:49.425973+00:00", "symbol": "DOGE-USD"}, {"trade_id": 138824830, "side": "buy", "size": "744.10000000", "price": "0.20182000", "time": "2025-07-13T15:07:25.459275Z", "fetched_at": "2025-07-13T15:10:49.425973+00:00", "symbol": "DOGE-USD"}, {"trade_id": 138824829, "side": "sell", "size": "9910.50000000", "price": "0.20182000", "time": "2025-07-13T15:07:23.545005Z", "fetched_at": "2025-07-13T15:10:49.425973+00:00", "symbol": "DOGE-USD"}, {"trade_id": 138824828, "side": "sell", "size": "12388.10000000", "price": "0.20182000", "time": "2025-07-13T15:07:23.545005Z", "fetched_at": "2025-07-13T15:10:49.425973+00:00", "symbol": "DOGE-USD"}, {"trade_id": 138824827, "side": "sell", "size": "5.50000000", "price": "0.20182000", "time": "2025-07-13T15:07:23.545005Z", "fetched_at": "2025-07-13T15:10:49.425973+00:00", "symbol": "DOGE-USD"}, {"trade_id": 138824826, "side": "sell", "size": "289.80000000", "price": "0.20182000", "time": "2025-07-13T15:07:23.545005Z", "fetched_at": "2025-07-13T15:10:49.425973+00:00", "symbol": "DOGE-USD"}, {"trade_id": 138824825, "side": "sell", "size": "190.30000000", "price": "0.20181000", "time": "2025-07-13T15:07:23.545005Z", "fetched_at": "2025-07-13T15:10:49.425973+00:00", "symbol": "DOGE-USD"}, {"trade_id": 138824824, "side": "sell", "size": "372.10000000", "price": "0.20181000", "time": "2025-07-13T15:07:23.545005Z", "fetched_at": "2025-07-13T15:10:49.425973+00:00", "symbol": "DOGE-USD"}, {"trade_id": 138824823, "side": "sell", "size": "5.50000000", "price": "0.20180000", "time": "2025-07-13T15:07:23.543890Z", "fetched_at": "2025-07-13T15:10:49.425973+00:00", "symbol": "DOGE-USD"}, {"trade_id": 138824822, "side": "sell", "size": "61.50000000", "price": "0.20180000", "time": "2025-07-13T15:07:23.543890Z", "fetched_at": "2025-07-13T15:10:49.425973+00:00", "symbol": "DOGE-USD"}, {"trade_id": 138824821, "side": "sell", "size": "1222.20000000", "price": "0.20179000", "time": "2025-07-13T15:07:23.543890Z", "fetched_at": "2025-07-13T15:10:49.425973+00:00", "symbol": "DOGE-USD"}, {"trade_id": 138824820, "side": "sell", "size": "12.30000000", "price": "0.20179000", "time": "2025-07-13T15:07:13.333039Z", "fetched_at": "2025-07-13T15:10:49.425973+00:00", "symbol": "DOGE-USD"}, {"trade_id": 138824819, "side": "sell", "size": "5.50000000", "price": "0.20178000", "time": "2025-07-13T15:07:13.328773Z", "fetched_at": "2025-07-13T15:10:49.425973+00:00", "symbol": "DOGE-USD"}, {"trade_id": 138824818, "side": "sell", "size": "76.30000000", "price": "0.20178000", "time": "2025-07-13T15:07:13.328773Z", "fetched_at": "2025-07-13T15:10:49.425973+00:00", "symbol": "DOGE-USD"}, {"trade_id": 138824817, "side": "sell", "size": "51.80000000", "price": "0.20177000", "time": "2025-07-13T15:07:13.290277Z", "fetched_at": "2025-07-13T15:10:49.425973+00:00", "symbol": "DOGE-USD"}, {"trade_id": 138824816, "side": "sell", "size": "5.50000000", "price": "0.20176000", "time": "2025-07-13T15:07:13.279881Z", "fetched_at": "2025-07-13T15:10:49.425973+00:00", "symbol": "DOGE-USD"}, {"trade_id": 138824815, "side": "sell", "size": "61.50000000", "price": "0.20176000", "time": "2025-07-13T15:07:13.279881Z", "fetched_at": "2025-07-13T15:10:49.425973+00:00", "symbol": "DOGE-USD"}, {"trade_id": 138824814, "side": "sell", "size": "84.10000000", "price": "0.20175000", "time": "2025-07-13T15:07:12.862695Z", "fetched_at": "2025-07-13T15:10:49.425973+00:00", "symbol": "DOGE-USD"}, {"trade_id": 138824813, "side": "sell", "size": "12393.60000000", "price": "0.20175000", "time": "2025-07-13T15:07:12.807598Z", "fetched_at": "2025-07-13T15:10:49.425973+00:00", "symbol": "DOGE-USD"}, {"trade_id": 138824812, "side": "sell", "size": "9919.30000000", "price": "0.20175000", "time": "2025-07-13T15:07:12.807598Z", "fetched_at": "2025-07-13T15:10:49.425973+00:00", "symbol": "DOGE-USD"}, {"trade_id": 138824811, "side": "sell", "size": "86.40000000", "price": "0.20175000", "time": "2025-07-13T15:07:12.807598Z", "fetched_at": "2025-07-13T15:10:49.425973+00:00", "symbol": "DOGE-USD"}, {"trade_id": 138824810, "side": "sell", "size": "5.50000000", "price": "0.20174000", "time": "2025-07-13T15:07:12.807598Z", "fetched_at": "2025-07-13T15:10:49.425973+00:00", "symbol": "DOGE-USD"}, {"trade_id": 138824809, "side": "sell", "size": "0.60000000", "price": "0.20172000", "time": "2025-07-13T15:07:12.807099Z", "fetched_at": "2025-07-13T15:10:49.425973+00:00", "symbol": "DOGE-USD"}, {"trade_id": 138824808, "side": "sell", "size": "4.90000000", "price": "0.20172000", "time": "2025-07-13T15:07:10.130316Z", "fetched_at": "2025-07-13T15:10:49.425973+00:00", "symbol": "DOGE-USD"}, {"trade_id": 138824807, "side": "buy", "size": "347.30000000", "price": "0.20169000", "time": "2025-07-13T15:07:09.024554Z", "fetched_at": "2025-07-13T15:10:49.425973+00:00", "symbol": "DOGE-USD"}, {"trade_id": 138824806, "side": "buy", "size": "6.70000000", "price": "0.20170000", "time": "2025-07-13T15:07:09.024554Z", "fetched_at": "2025-07-13T15:10:49.425973+00:00", "symbol": "DOGE-USD"}, {"trade_id": 138824805, "side": "sell", "size": "216.00000000", "price": "0.20170000", "time": "2025-07-13T15:07:08.453141Z", "fetched_at": "2025-07-13T15:10:49.425973+00:00", "symbol": "DOGE-USD"}, {"trade_id": 138824804, "side": "sell", "size": "5.50000000", "price": "0.20170000", "time": "2025-07-13T15:07:08.453141Z", "fetched_at": "2025-07-13T15:10:49.425973+00:00", "symbol": "DOGE-USD"}, {"trade_id": 138824803, "side": "sell", "size": "254.90000000", "price": "0.20168000", "time": "2025-07-13T15:07:08.453141Z", "fetched_at": "2025-07-13T15:10:49.425973+00:00", "symbol": "DOGE-USD"}, {"trade_id": 138824802, "side": "sell", "size": "5.50000000", "price": "0.20168000", "time": "2025-07-13T15:07:08.453141Z", "fetched_at": "2025-07-13T15:10:49.425973+00:00", "symbol": "DOGE-USD"}, {"trade_id": 138824801, "side": "sell", "size": "12399.10000000", "price": "0.20167000", "time": "2025-07-13T15:07:06.359989Z", "fetched_at": "2025-07-13T15:10:49.425973+00:00", "symbol": "DOGE-USD"}, {"trade_id": 138824800, "side": "sell", "size": "5.50000000", "price": "0.20166000", "time": "2025-07-13T15:07:06.359989Z", "fetched_at": "2025-07-13T15:10:49.425973+00:00", "symbol": "DOGE-USD"}, {"trade_id": 138824799, "side": "sell", "size": "1114.10000000", "price": "0.20166000", "time": "2025-07-13T15:07:06.359989Z", "fetched_at": "2025-07-13T15:10:49.425973+00:00", "symbol": "DOGE-USD"}, {"trade_id": 138824798, "side": "buy", "size": "1103.30000000", "price": "0.20161000", "time": "2025-07-13T15:07:04.526089Z", "fetched_at": "2025-07-13T15:10:49.425973+00:00", "symbol": "DOGE-USD"}, {"trade_id": 138824797, "side": "buy", "size": "401.60000000", "price": "0.20162000", "time": "2025-07-13T15:07:04.526089Z", "fetched_at": "2025-07-13T15:10:49.425973+00:00", "symbol": "DOGE-USD"}, {"trade_id": 138824796, "side": "buy", "size": "7.90000000", "price": "0.20162000", "time": "2025-07-13T15:07:04.526089Z", "fetched_at": "2025-07-13T15:10:49.425973+00:00", "symbol": "DOGE-USD"}, {"trade_id": 138824795, "side": "sell", "size": "9920.30000000", "price": "0.20164000", "time": "2025-07-13T15:07:00.124202Z", "fetched_at": "2025-07-13T15:10:49.425973+00:00", "symbol": "DOGE-USD"}, {"trade_id": 138824794, "side": "sell", "size": "5.50000000", "price": "0.20164000", "time": "2025-07-13T15:07:00.124202Z", "fetched_at": "2025-07-13T15:10:49.425973+00:00", "symbol": "DOGE-USD"}, {"trade_id": 138824793, "side": "sell", "size": "10.00000000", "price": "0.20161000", "time": "2025-07-13T15:07:00.124202Z", "fetched_at": "2025-07-13T15:10:49.425973+00:00", "symbol": "DOGE-USD"}, {"trade_id": 138824792, "side": "sell", "size": "260.10000000", "price": "0.20161000", "time": "2025-07-13T15:06:58.052527Z", "fetched_at": "2025-07-13T15:10:49.425973+00:00", "symbol": "DOGE-USD"}, {"trade_id": 138824791, "side": "sell", "size": "183.00000000", "price": "0.20161000", "time": "2025-07-13T15:06:58.052527Z", "fetched_at": "2025-07-13T15:10:49.425973+00:00", "symbol": "DOGE-USD"}, {"trade_id": 138824790, "side": "sell", "size": "254.90000000", "price": "0.20161000", "time": "2025-07-13T15:06:58.052527Z", "fetched_at": "2025-07-13T15:10:49.425973+00:00", "symbol": "DOGE-USD"}, {"trade_id": 138824789, "side": "sell", "size": "265.20000000", "price": "0.20161000", "time": "2025-07-13T15:06:58.052527Z", "fetched_at": "2025-07-13T15:10:49.425973+00:00", "symbol": "DOGE-USD"}, {"trade_id": 138824788, "side": "sell", "size": "240.80000000", "price": "0.20161000", "time": "2025-07-13T15:06:54.071931Z", "fetched_at": "2025-07-13T15:10:49.425973+00:00", "symbol": "DOGE-USD"}, {"trade_id": 138824787, "side": "buy", "size": "5920.70000000", "price": "0.20159000", "time": "2025-07-13T15:06:51.609230Z", "fetched_at": "2025-07-13T15:10:49.425973+00:00", "symbol": "DOGE-USD"}, {"trade_id": 138824786, "side": "buy", "size": "401.60000000", "price": "0.20160000", "time": "2025-07-13T15:06:51.609230Z", "fetched_at": "2025-07-13T15:10:49.425973+00:00", "symbol": "DOGE-USD"}, {"trade_id": 138824785, "side": "buy", "size": "8.70000000", "price": "0.20160000", "time": "2025-07-13T15:06:51.609230Z", "fetched_at": "2025-07-13T15:10:49.425973+00:00", "symbol": "DOGE-USD"}, {"trade_id": 138824784, "side": "buy", "size": "1186.00000000", "price": "0.20160000", "time": "2025-07-13T15:06:50.823821Z", "fetched_at": "2025-07-13T15:10:49.425973+00:00", "symbol": "DOGE-USD"}, {"trade_id": 138824783, "side": "buy", "size": "1165.90000000", "price": "0.20161000", "time": "2025-07-13T15:06:50.823821Z", "fetched_at": "2025-07-13T15:10:49.425973+00:00", "symbol": "DOGE-USD"}, {"trade_id": 138824782, "side": "buy", "size": "9.10000000", "price": "0.20162000", "time": "2025-07-13T15:06:50.823821Z", "fetched_at": "2025-07-13T15:10:49.425973+00:00", "symbol": "DOGE-USD"}, {"trade_id": 138824781, "side": "buy", "size": "183.00000000", "price": "0.20162000", "time": "2025-07-13T15:06:50.823821Z", "fetched_at": "2025-07-13T15:10:49.425973+00:00", "symbol": "DOGE-USD"}, {"trade_id": 138824780, "side": "sell", "size": "47.50000000", "price": "0.20156000", "time": "2025-07-13T15:06:50.025666Z", "fetched_at": "2025-07-13T15:10:49.425973+00:00", "symbol": "DOGE-USD"}, {"trade_id": 138824779, "side": "sell", "size": "2500.00000000", "price": "0.20155000", "time": "2025-07-13T15:06:50.025666Z", "fetched_at": "2025-07-13T15:10:49.425973+00:00", "symbol": "DOGE-USD"}, {"trade_id": 138824778, "side": "sell", "size": "3461.30000000", "price": "0.20155000", "time": "2025-07-13T15:06:50.025666Z", "fetched_at": "2025-07-13T15:10:49.425973+00:00", "symbol": "DOGE-USD"}, {"trade_id": 138824777, "side": "sell", "size": "1538.70000000", "price": "0.20155000", "time": "2025-07-13T15:06:50.024502Z", "fetched_at": "2025-07-13T15:10:49.425973+00:00", "symbol": "DOGE-USD"}, {"trade_id": 138824776, "side": "sell", "size": "3949.60000000", "price": "0.20155000", "time": "2025-07-13T15:06:50.024502Z", "fetched_at": "2025-07-13T15:10:49.425973+00:00", "symbol": "DOGE-USD"}, {"trade_id": 138824775, "side": "sell", "size": "6050.40000000", "price": "0.20155000", "time": "2025-07-13T15:06:50.023870Z", "fetched_at": "2025-07-13T15:10:49.425973+00:00", "symbol": "DOGE-USD"}, {"trade_id": 138824774, "side": "sell", "size": "5202.50000000", "price": "0.20154000", "time": "2025-07-13T15:06:50.023870Z", "fetched_at": "2025-07-13T15:10:49.425973+00:00", "symbol": "DOGE-USD"}, {"trade_id": 138824773, "side": "sell", "size": "5297.50000000", "price": "0.20154000", "time": "2025-07-13T15:06:50.023755Z", "fetched_at": "2025-07-13T15:10:49.425973+00:00", "symbol": "DOGE-USD"}, {"trade_id": 138824772, "side": "sell", "size": "183.00000000", "price": "0.20153000", "time": "2025-07-13T15:06:50.023755Z", "fetched_at": "2025-07-13T15:10:49.425973+00:00", "symbol": "DOGE-USD"}, {"trade_id": 138824771, "side": "sell", "size": "128.00000000", "price": "0.20153000", "time": "2025-07-13T15:06:50.023755Z", "fetched_at": "2025-07-13T15:10:49.425973+00:00", "symbol": "DOGE-USD"}, {"trade_id": 138824770, "side": "sell", "size": "127.90000000", "price": "0.20153000", "time": "2025-07-13T15:06:50.023755Z", "fetched_at": "2025-07-13T15:10:49.425973+00:00", "symbol": "DOGE-USD"}, {"trade_id": 138824769, "side": "sell", "size": "254.90000000", "price": "0.20153000", "time": "2025-07-13T15:06:50.023755Z", "fetched_at": "2025-07-13T15:10:49.425973+00:00", "symbol": "DOGE-USD"}, {"trade_id": 138824768, "side": "sell", "size": "255.80000000", "price": "0.20153000", "time": "2025-07-13T15:06:50.023755Z", "fetched_at": "2025-07-13T15:10:49.425973+00:00", "symbol": "DOGE-USD"}, {"trade_id": 138824767, "side": "buy", "size": "5.50000000", "price": "0.20154000", "time": "2025-07-13T15:06:48.941141Z", "fetched_at": "2025-07-13T15:10:49.425973+00:00", "symbol": "DOGE-USD"}, {"trade_id": 138824766, "side": "buy", "size": "5.50000000", "price": "0.20156000", "time": "2025-07-13T15:06:48.775625Z", "fetched_at": "2025-07-13T15:10:49.425973+00:00", "symbol": "DOGE-USD"}, {"trade_id": 138824765, "side": "buy", "size": "5.50000000", "price": "0.20160000", "time": "2025-07-13T15:06:46.848876Z", "fetched_at": "2025-07-13T15:10:49.425973+00:00", "symbol": "DOGE-USD"}, {"trade_id": 138824764, "side": "buy", "size": "8.70000000", "price": "0.20161000", "time": "2025-07-13T15:06:46.792246Z", "fetched_at": "2025-07-13T15:10:49.425973+00:00", "symbol": "DOGE-USD"}, {"trade_id": 138824763, "side": "buy", "size": "5.50000000", "price": "0.20162000", "time": "2025-07-13T15:06:46.782270Z", "fetched_at": "2025-07-13T15:10:49.425973+00:00", "symbol": "DOGE-USD"}, {"trade_id": 138824762, "side": "buy", "size": "5.50000000", "price": "0.20164000", "time": "2025-07-13T15:06:46.753555Z", "fetched_at": "2025-07-13T15:10:49.425973+00:00", "symbol": "DOGE-USD"}, {"trade_id": 138824761, "side": "buy", "size": "5.50000000", "price": "0.20166000", "time": "2025-07-13T15:06:46.563910Z", "fetched_at": "2025-07-13T15:10:49.425973+00:00", "symbol": "DOGE-USD"}, {"trade_id": 138824760, "side": "buy", "size": "8241.70000000", "price": "0.20167000", "time": "2025-07-13T15:06:46.393697Z", "fetched_at": "2025-07-13T15:10:49.425973+00:00", "symbol": "DOGE-USD"}, {"trade_id": 138824759, "side": "buy", "size": "2607.90000000", "price": "0.20167000", "time": "2025-07-13T15:06:46.392784Z", "fetched_at": "2025-07-13T15:10:49.425973+00:00", "symbol": "DOGE-USD"}, {"trade_id": 138824758, "side": "buy", "size": "7.10000000", "price": "0.20168000", "time": "2025-07-13T15:06:46.392784Z", "fetched_at": "2025-07-13T15:10:49.425973+00:00", "symbol": "DOGE-USD"}, {"trade_id": 138824757, "side": "buy", "size": "5.50000000", "price": "0.20168000", "time": "2025-07-13T15:06:46.392784Z", "fetched_at": "2025-07-13T15:10:49.425973+00:00", "symbol": "DOGE-USD"}, {"trade_id": 138824756, "side": "buy", "size": "7.50000000", "price": "0.20171000", "time": "2025-07-13T15:06:45.390117Z", "fetched_at": "2025-07-13T15:10:49.425973+00:00", "symbol": "DOGE-USD"}, {"trade_id": 138824755, "side": "sell", "size": "101.50000000", "price": "0.20172000", "time": "2025-07-13T15:06:37.047852Z", "fetched_at": "2025-07-13T15:10:49.425973+00:00", "symbol": "DOGE-USD"}, {"trade_id": 138824754, "side": "buy", "size": "279.70000000", "price": "0.20174000", "time": "2025-07-13T15:06:31.402499Z", "fetched_at": "2025-07-13T15:10:49.425973+00:00", "symbol": "DOGE-USD"}, {"trade_id": 138824753, "side": "sell", "size": "5.50000000", "price": "0.20174000", "time": "2025-07-13T15:06:30.587422Z", "fetched_at": "2025-07-13T15:10:49.425973+00:00", "symbol": "DOGE-USD"}, {"trade_id": 138824752, "side": "sell", "size": "170.70000000", "price": "0.20174000", "time": "2025-07-13T15:06:30.587422Z", "fetched_at": "2025-07-13T15:10:49.425973+00:00", "symbol": "DOGE-USD"}, {"trade_id": 138824751, "side": "sell", "size": "91.60000000", "price": "0.20173000", "time": "2025-07-13T15:06:30.382046Z", "fetched_at": "2025-07-13T15:10:49.425973+00:00", "symbol": "DOGE-USD"}, {"trade_id": 138824750, "side": "sell", "size": "5.50000000", "price": "0.20172000", "time": "2025-07-13T15:06:27.179711Z", "fetched_at": "2025-07-13T15:10:49.425973+00:00", "symbol": "DOGE-USD"}, {"trade_id": 138824749, "side": "sell", "size": "16.90000000", "price": "0.20172000", "time": "2025-07-13T15:06:27.179711Z", "fetched_at": "2025-07-13T15:10:49.425973+00:00", "symbol": "DOGE-USD"}, {"trade_id": 138824748, "side": "sell", "size": "12651.50000000", "price": "0.20172000", "time": "2025-07-13T15:06:27.179711Z", "fetched_at": "2025-07-13T15:10:49.425973+00:00", "symbol": "DOGE-USD"}, {"trade_id": 138824747, "side": "sell", "size": "61.90000000", "price": "0.20171000", "time": "2025-07-13T15:06:27.179711Z", "fetched_at": "2025-07-13T15:10:49.425973+00:00", "symbol": "DOGE-USD"}, {"trade_id": 138824746, "side": "sell", "size": "378.60000000", "price": "0.20170000", "time": "2025-07-13T15:06:26.081579Z", "fetched_at": "2025-07-13T15:10:49.425973+00:00", "symbol": "DOGE-USD"}, {"trade_id": 138824745, "side": "sell", "size": "5.50000000", "price": "0.20170000", "time": "2025-07-13T15:06:26.081579Z", "fetched_at": "2025-07-13T15:10:49.425973+00:00", "symbol": "DOGE-USD"}, {"trade_id": 138824744, "side": "sell", "size": "185.70000000", "price": "0.20170000", "time": "2025-07-13T15:06:26.081579Z", "fetched_at": "2025-07-13T15:10:49.425973+00:00", "symbol": "DOGE-USD"}, {"trade_id": 138824743, "side": "sell", "size": "180.50000000", "price": "0.20169000", "time": "2025-07-13T15:06:23.763784Z", "fetched_at": "2025-07-13T15:10:49.425973+00:00", "symbol": "DOGE-USD"}, {"trade_id": 138824742, "side": "sell", "size": "3.00000000", "price": "0.20168000", "time": "2025-07-13T15:06:23.763784Z", "fetched_at": "2025-07-13T15:10:49.425973+00:00", "symbol": "DOGE-USD"}, {"trade_id": 138824741, "side": "sell", "size": "33.60000000", "price": "0.20166000", "time": "2025-07-13T15:06:21.954709Z", "fetched_at": "2025-07-13T15:10:49.425973+00:00", "symbol": "DOGE-USD"}, {"trade_id": 138824740, "side": "sell", "size": "5.50000000", "price": "0.20166000", "time": "2025-07-13T15:06:21.954709Z", "fetched_at": "2025-07-13T15:10:49.425973+00:00", "symbol": "DOGE-USD"}, {"trade_id": 138824739, "side": "sell", "size": "612.30000000", "price": "0.20161000", "time": "2025-07-13T15:06:20.640411Z", "fetched_at": "2025-07-13T15:10:49.425973+00:00", "symbol": "DOGE-USD"}, {"trade_id": 138824738, "side": "sell", "size": "10.00000000", "price": "0.20159000", "time": "2025-07-13T15:06:17.998162Z", "fetched_at": "2025-07-13T15:10:49.425973+00:00", "symbol": "DOGE-USD"}, {"trade_id": 138824737, "side": "sell", "size": "47.90000000", "price": "0.20160000", "time": "2025-07-13T15:06:14.369080Z", "fetched_at": "2025-07-13T15:10:49.425973+00:00", "symbol": "DOGE-USD"}, {"trade_id": 138824736, "side": "buy", "size": "595.60000000", "price": "0.20158000", "time": "2025-07-13T15:06:14.255968Z", "fetched_at": "2025-07-13T15:10:49.425973+00:00", "symbol": "DOGE-USD"}, {"trade_id": 138824735, "side": "buy", "size": "5.50000000", "price": "0.20158000", "time": "2025-07-13T15:06:14.255968Z", "fetched_at": "2025-07-13T15:10:49.425973+00:00", "symbol": "DOGE-USD"}, {"trade_id": 138824734, "side": "buy", "size": "10.00000000", "price": "0.20159000", "time": "2025-07-13T15:06:14.255968Z", "fetched_at": "2025-07-13T15:10:49.425973+00:00", "symbol": "DOGE-USD"}, {"trade_id": 138824733, "side": "buy", "size": "5.50000000", "price": "0.20160000", "time": "2025-07-13T15:06:14.255968Z", "fetched_at": "2025-07-13T15:10:49.425973+00:00", "symbol": "DOGE-USD"}, {"trade_id": 138824732, "side": "buy", "size": "10.00000000", "price": "0.20161000", "time": "2025-07-13T15:06:14.150691Z", "fetched_at": "2025-07-13T15:10:49.425973+00:00", "symbol": "DOGE-USD"}, {"trade_id": 138824731, "side": "buy", "size": "7237.10000000", "price": "0.20161000", "time": "2025-07-13T15:06:14.110302Z", "fetched_at": "2025-07-13T15:10:49.425973+00:00", "symbol": "DOGE-USD"}, {"trade_id": 138824730, "side": "buy", "size": "3057.10000000", "price": "0.20161000", "time": "2025-07-13T15:06:14.110302Z", "fetched_at": "2025-07-13T15:10:49.425973+00:00", "symbol": "DOGE-USD"}, {"trade_id": 138824729, "side": "buy", "size": "5.50000000", "price": "0.20162000", "time": "2025-07-13T15:06:14.110302Z", "fetched_at": "2025-07-13T15:10:49.425973+00:00", "symbol": "DOGE-USD"}, {"trade_id": 138824728, "side": "buy", "size": "2978.70000000", "price": "0.20163000", "time": "2025-07-13T15:06:14.106387Z", "fetched_at": "2025-07-13T15:10:49.425973+00:00", "symbol": "DOGE-USD"}, {"trade_id": 138824727, "side": "buy", "size": "1787.20000000", "price": "0.20164000", "time": "2025-07-13T15:06:14.092270Z", "fetched_at": "2025-07-13T15:10:49.425973+00:00", "symbol": "DOGE-USD"}, {"trade_id": 138824726, "side": "buy", "size": "9.90000000", "price": "0.20165000", "time": "2025-07-13T15:06:14.092270Z", "fetched_at": "2025-07-13T15:10:49.425973+00:00", "symbol": "DOGE-USD"}, {"trade_id": 138824725, "side": "sell", "size": "2.50000000", "price": "0.20168000", "time": "2025-07-13T15:06:12.447683Z", "fetched_at": "2025-07-13T15:10:49.425973+00:00", "symbol": "DOGE-USD"}, {"trade_id": 138824724, "side": "sell", "size": "106.30000000", "price": "0.20166000", "time": "2025-07-13T15:06:08.683006Z", "fetched_at": "2025-07-13T15:10:49.425973+00:00", "symbol": "DOGE-USD"}, {"trade_id": 138824723, "side": "sell", "size": "5.50000000", "price": "0.20166000", "time": "2025-07-13T15:06:08.683006Z", "fetched_at": "2025-07-13T15:10:49.425973+00:00", "symbol": "DOGE-USD"}, {"trade_id": 138824722, "side": "sell", "size": "5.50000000", "price": "0.20164000", "time": "2025-07-13T15:06:08.683006Z", "fetched_at": "2025-07-13T15:10:49.425973+00:00", "symbol": "DOGE-USD"}, {"trade_id": 138824721, "side": "sell", "size": "319.40000000", "price": "0.20163000", "time": "2025-07-13T15:06:07.906196Z", "fetched_at": "2025-07-13T15:10:49.425973+00:00", "symbol": "DOGE-USD"}, {"trade_id": 138824720, "side": "sell", "size": "5.50000000", "price": "0.20162000", "time": "2025-07-13T15:06:07.892079Z", "fetched_at": "2025-07-13T15:10:49.425973+00:00", "symbol": "DOGE-USD"}, {"trade_id": 138824719, "side": "buy", "size": "187.40000000", "price": "0.20161000", "time": "2025-07-13T15:06:06.173155Z", "fetched_at": "2025-07-13T15:10:49.425973+00:00", "symbol": "DOGE-USD"}, {"trade_id": 138824718, "side": "sell", "size": "181.70000000", "price": "0.20163000", "time": "2025-07-13T15:06:05.636362Z", "fetched_at": "2025-07-13T15:10:49.425973+00:00", "symbol": "DOGE-USD"}, {"trade_id": 138824717, "side": "sell", "size": "5.50000000", "price": "0.20162000", "time": "2025-07-13T15:06:05.636362Z", "fetched_at": "2025-07-13T15:10:49.425973+00:00", "symbol": "DOGE-USD"}, {"trade_id": 138824716, "side": "sell", "size": "47.50000000", "price": "0.20161000", "time": "2025-07-13T15:06:05.636362Z", "fetched_at": "2025-07-13T15:10:49.425973+00:00", "symbol": "DOGE-USD"}, {"trade_id": 138824715, "side": "sell", "size": "5.50000000", "price": "0.20160000", "time": "2025-07-13T15:06:05.636362Z", "fetched_at": "2025-07-13T15:10:49.425973+00:00", "symbol": "DOGE-USD"}, {"trade_id": 138824714, "side": "sell", "size": "5.50000000", "price": "0.20158000", "time": "2025-07-13T15:06:05.636362Z", "fetched_at": "2025-07-13T15:10:49.425973+00:00", "symbol": "DOGE-USD"}, {"trade_id": 138824713, "side": "sell", "size": "5.50000000", "price": "0.20156000", "time": "2025-07-13T15:06:05.477146Z", "fetched_at": "2025-07-13T15:10:49.425973+00:00", "symbol": "DOGE-USD"}, {"trade_id": 138824712, "side": "sell", "size": "5.50000000", "price": "0.20154000", "time": "2025-07-13T15:06:03.856403Z", "fetched_at": "2025-07-13T15:10:49.425973+00:00", "symbol": "DOGE-USD"}, {"trade_id": 138824711, "side": "sell", "size": "5.50000000", "price": "0.20152000", "time": "2025-07-13T15:06:01.588792Z", "fetched_at": "2025-07-13T15:10:49.425973+00:00", "symbol": "DOGE-USD"}, {"trade_id": 138824710, "side": "sell", "size": "5.50000000", "price": "0.20150000", "time": "2025-07-13T15:06:01.303366Z", "fetched_at": "2025-07-13T15:10:49.425973+00:00", "symbol": "DOGE-USD"}, {"trade_id": 138824709, "side": "sell", "size": "241.00000000", "price": "0.20149000", "time": "2025-07-13T15:05:58.905420Z", "fetched_at": "2025-07-13T15:10:49.425973+00:00", "symbol": "DOGE-USD"}, {"trade_id": 138824708, "side": "sell", "size": "5.50000000", "price": "0.20148000", "time": "2025-07-13T15:05:58.905420Z", "fetched_at": "2025-07-13T15:10:49.425973+00:00", "symbol": "DOGE-USD"}, {"trade_id": 138824707, "side": "sell", "size": "851.50000000", "price": "0.20146000", "time": "2025-07-13T15:05:58.788283Z", "fetched_at": "2025-07-13T15:10:49.425973+00:00", "symbol": "DOGE-USD"}, {"trade_id": 138824706, "side": "sell", "size": "5.50000000", "price": "0.20146000", "time": "2025-07-13T15:05:58.788283Z", "fetched_at": "2025-07-13T15:10:49.425973+00:00", "symbol": "DOGE-USD"}, {"trade_id": 138824705, "side": "sell", "size": "5.50000000", "price": "0.20144000", "time": "2025-07-13T15:05:58.372066Z", "fetched_at": "2025-07-13T15:10:49.425973+00:00", "symbol": "DOGE-USD"}, {"trade_id": 138824704, "side": "sell", "size": "227.60000000", "price": "0.20140000", "time": "2025-07-13T15:05:55.542163Z", "fetched_at": "2025-07-13T15:10:49.425973+00:00", "symbol": "DOGE-USD"}, {"trade_id": 138824703, "side": "sell", "size": "254.90000000", "price": "0.20139000", "time": "2025-07-13T15:05:55.542163Z", "fetched_at": "2025-07-13T15:10:49.425973+00:00", "symbol": "DOGE-USD"}, {"trade_id": 138824702, "side": "buy", "size": "5.50000000", "price": "0.20140000", "time": "2025-07-13T15:05:55.131308Z", "fetched_at": "2025-07-13T15:10:49.425973+00:00", "symbol": "DOGE-USD"}, {"trade_id": 138824701, "side": "buy", "size": "86.40000000", "price": "0.20147000", "time": "2025-07-13T15:05:52.564223Z", "fetched_at": "2025-07-13T15:10:49.425973+00:00", "symbol": "DOGE-USD"}, {"trade_id": 138824700, "side": "buy", "size": "183.00000000", "price": "0.20147000", "time": "2025-07-13T15:05:52.564223Z", "fetched_at": "2025-07-13T15:10:49.425973+00:00", "symbol": "DOGE-USD"}, {"trade_id": 138824699, "side": "buy", "size": "401.60000000", "price": "0.20147000", "time": "2025-07-13T15:05:52.564223Z", "fetched_at": "2025-07-13T15:10:49.425973+00:00", "symbol": "DOGE-USD"}, {"trade_id": 138824698, "side": "sell", "size": "707.90000000", "price": "0.20146000", "time": "2025-07-13T15:05:52.360150Z", "fetched_at": "2025-07-13T15:10:49.425973+00:00", "symbol": "DOGE-USD"}, {"trade_id": 138824697, "side": "sell", "size": "5.50000000", "price": "0.20146000", "time": "2025-07-13T15:05:52.360150Z", "fetched_at": "2025-07-13T15:10:49.425973+00:00", "symbol": "DOGE-USD"}, {"trade_id": 138824696, "side": "sell", "size": "5.50000000", "price": "0.20144000", "time": "2025-07-13T15:05:52.271632Z", "fetched_at": "2025-07-13T15:10:49.425973+00:00", "symbol": "DOGE-USD"}, {"trade_id": 138824695, "side": "sell", "size": "5.50000000", "price": "0.20142000", "time": "2025-07-13T15:05:51.788089Z", "fetched_at": "2025-07-13T15:10:49.425973+00:00", "symbol": "DOGE-USD"}, {"trade_id": 138824694, "side": "sell", "size": "5.50000000", "price": "0.20140000", "time": "2025-07-13T15:05:51.729446Z", "fetched_at": "2025-07-13T15:10:49.425973+00:00", "symbol": "DOGE-USD"}, {"trade_id": 138824693, "side": "sell", "size": "5.50000000", "price": "0.20138000", "time": "2025-07-13T15:05:51.027802Z", "fetched_at": "2025-07-13T15:10:49.425973+00:00", "symbol": "DOGE-USD"}, {"trade_id": 138824692, "side": "sell", "size": "123.00000000", "price": "0.20137000", "time": "2025-07-13T15:05:45.943230Z", "fetched_at": "2025-07-13T15:10:49.425973+00:00", "symbol": "DOGE-USD"}, {"trade_id": 138824691, "side": "buy", "size": "5.50000000", "price": "0.20134000", "time": "2025-07-13T15:05:45.493713Z", "fetched_at": "2025-07-13T15:10:49.425973+00:00", "symbol": "DOGE-USD"}, {"trade_id": 138824690, "side": "sell", "size": "718.40000000", "price": "0.20139000", "time": "2025-07-13T15:05:40.782692Z", "fetched_at": "2025-07-13T15:10:49.425973+00:00", "symbol": "DOGE-USD"}, {"trade_id": 138824689, "side": "sell", "size": "47.50000000", "price": "0.20138000", "time": "2025-07-13T15:05:40.782692Z", "fetched_at": "2025-07-13T15:10:49.425973+00:00", "symbol": "DOGE-USD"}, {"trade_id": 138824688, "side": "sell", "size": "1393.20000000", "price": "0.20138000", "time": "2025-07-13T15:05:40.782692Z", "fetched_at": "2025-07-13T15:10:49.425973+00:00", "symbol": "DOGE-USD"}, {"trade_id": 138824687, "side": "sell", "size": "254.90000000", "price": "0.20137000", "time": "2025-07-13T15:05:40.782692Z", "fetched_at": "2025-07-13T15:10:49.425973+00:00", "symbol": "DOGE-USD"}, {"trade_id": 138824686, "side": "sell", "size": "102.70000000", "price": "0.20138000", "time": "2025-07-13T15:05:36.405429Z", "fetched_at": "2025-07-13T15:10:49.425973+00:00", "symbol": "DOGE-USD"}, {"trade_id": 138824685, "side": "sell", "size": "5.50000000", "price": "0.20138000", "time": "2025-07-13T15:05:36.405429Z", "fetched_at": "2025-07-13T15:10:49.425973+00:00", "symbol": "DOGE-USD"}, {"trade_id": 138824684, "side": "sell", "size": "18158.40000000", "price": "0.20137000", "time": "2025-07-13T15:05:36.336791Z", "fetched_at": "2025-07-13T15:10:49.425973+00:00", "symbol": "DOGE-USD"}, {"trade_id": 138824683, "side": "sell", "size": "4.00000000", "price": "0.20136000", "time": "2025-07-13T15:05:36.336791Z", "fetched_at": "2025-07-13T15:10:49.425973+00:00", "symbol": "DOGE-USD"}, {"trade_id": 138824682, "side": "sell", "size": "5.50000000", "price": "0.20134000", "time": "2025-07-13T15:05:35.941790Z", "fetched_at": "2025-07-13T15:10:49.425973+00:00", "symbol": "DOGE-USD"}, {"trade_id": 138824681, "side": "sell", "size": "4797.90000000", "price": "0.20133000", "time": "2025-07-13T15:05:35.899347Z", "fetched_at": "2025-07-13T15:10:49.425973+00:00", "symbol": "DOGE-USD"}, {"trade_id": 138824680, "side": "sell", "size": "5.50000000", "price": "0.20132000", "time": "2025-07-13T15:05:35.407554Z", "fetched_at": "2025-07-13T15:10:49.425973+00:00", "symbol": "DOGE-USD"}, {"trade_id": 138824679, "side": "sell", "size": "5.50000000", "price": "0.20130000", "time": "2025-07-13T15:05:35.316406Z", "fetched_at": "2025-07-13T15:10:49.425973+00:00", "symbol": "DOGE-USD"}, {"trade_id": 138824678, "side": "sell", "size": "2192.80000000", "price": "0.20130000", "time": "2025-07-13T15:05:30.173634Z", "fetched_at": "2025-07-13T15:10:49.425973+00:00", "symbol": "DOGE-USD"}, {"trade_id": 138824677, "side": "sell", "size": "5.50000000", "price": "0.20130000", "time": "2025-07-13T15:05:30.173634Z", "fetched_at": "2025-07-13T15:10:49.425973+00:00", "symbol": "DOGE-USD"}, {"trade_id": 138824676, "side": "sell", "size": "47.50000000", "price": "0.20129000", "time": "2025-07-13T15:05:30.173634Z", "fetched_at": "2025-07-13T15:10:49.425973+00:00", "symbol": "DOGE-USD"}, {"trade_id": 138824675, "side": "sell", "size": "183.00000000", "price": "0.20128000", "time": "2025-07-13T15:05:30.173634Z", "fetched_at": "2025-07-13T15:10:49.425973+00:00", "symbol": "DOGE-USD"}, {"trade_id": 138824674, "side": "sell", "size": "1250.90000000", "price": "0.20128000", "time": "2025-07-13T15:05:30.173634Z", "fetched_at": "2025-07-13T15:10:49.425973+00:00", "symbol": "DOGE-USD"}, {"trade_id": 138824673, "side": "sell", "size": "1320.40000000", "price": "0.20128000", "time": "2025-07-13T15:05:30.173634Z", "fetched_at": "2025-07-13T15:10:49.425973+00:00", "symbol": "DOGE-USD"}, {"trade_id": 138824672, "side": "sell", "size": "222.40000000", "price": "0.20129000", "time": "2025-07-13T15:05:27.798803Z", "fetched_at": "2025-07-13T15:10:49.425973+00:00", "symbol": "DOGE-USD"}, {"trade_id": 138824671, "side": "sell", "size": "5.50000000", "price": "0.20128000", "time": "2025-07-13T15:05:27.798803Z", "fetched_at": "2025-07-13T15:10:49.425973+00:00", "symbol": "DOGE-USD"}, {"trade_id": 138824670, "side": "sell", "size": "254.90000000", "price": "0.20126000", "time": "2025-07-13T15:05:27.798803Z", "fetched_at": "2025-07-13T15:10:49.425973+00:00", "symbol": "DOGE-USD"}, {"trade_id": 138824669, "side": "sell", "size": "5.50000000", "price": "0.20126000", "time": "2025-07-13T15:05:25.472090Z", "fetched_at": "2025-07-13T15:10:49.425973+00:00", "symbol": "DOGE-USD"}, {"trade_id": 138824668, "side": "sell", "size": "5.50000000", "price": "0.20124000", "time": "2025-07-13T15:05:24.751323Z", "fetched_at": "2025-07-13T15:10:49.425973+00:00", "symbol": "DOGE-USD"}, {"trade_id": 138824667, "side": "sell", "size": "2002.00000000", "price": "0.20123000", "time": "2025-07-13T15:05:24.721973Z", "fetched_at": "2025-07-13T15:10:49.425973+00:00", "symbol": "DOGE-USD"}, {"trade_id": 138824666, "side": "sell", "size": "18163.10000000", "price": "0.20121000", "time": "2025-07-13T15:05:24.592583Z", "fetched_at": "2025-07-13T15:10:49.425973+00:00", "symbol": "DOGE-USD"}, {"trade_id": 138824665, "side": "sell", "size": "254.90000000", "price": "0.20116000", "time": "2025-07-13T15:05:24.420298Z", "fetched_at": "2025-07-13T15:10:49.425973+00:00", "symbol": "DOGE-USD"}, {"trade_id": 138824664, "side": "buy", "size": "1095.50000000", "price": "0.20112000", "time": "2025-07-13T15:05:22.678019Z", "fetched_at": "2025-07-13T15:10:49.425973+00:00", "symbol": "DOGE-USD"}, {"trade_id": 138824663, "side": "buy", "size": "1288.10000000", "price": "0.20114000", "time": "2025-07-13T15:05:22.678019Z", "fetched_at": "2025-07-13T15:10:49.425973+00:00", "symbol": "DOGE-USD"}, {"trade_id": 138824662, "side": "buy", "size": "5.50000000", "price": "0.20114000", "time": "2025-07-13T15:05:22.678019Z", "fetched_at": "2025-07-13T15:10:49.425973+00:00", "symbol": "DOGE-USD"}, {"trade_id": 138824661, "side": "buy", "size": "5.50000000", "price": "0.20116000", "time": "2025-07-13T15:05:22.678019Z", "fetched_at": "2025-07-13T15:10:49.425973+00:00", "symbol": "DOGE-USD"}, {"trade_id": 138824660, "side": "buy", "size": "5.50000000", "price": "0.20118000", "time": "2025-07-13T15:05:22.452213Z", "fetched_at": "2025-07-13T15:10:49.425973+00:00", "symbol": "DOGE-USD"}, {"trade_id": 138824659, "side": "buy", "size": "392.60000000", "price": "0.20118000", "time": "2025-07-13T15:05:18.436672Z", "fetched_at": "2025-07-13T15:10:49.425973+00:00", "symbol": "DOGE-USD"}, {"trade_id": 138824658, "side": "buy", "size": "401.60000000", "price": "0.20120000", "time": "2025-07-13T15:05:18.436672Z", "fetched_at": "2025-07-13T15:10:49.425973+00:00", "symbol": "DOGE-USD"}, {"trade_id": 138824657, "side": "buy", "size": "5.50000000", "price": "0.20120000", "time": "2025-07-13T15:05:18.436672Z", "fetched_at": "2025-07-13T15:10:49.425973+00:00", "symbol": "DOGE-USD"}, {"trade_id": 138824656, "side": "sell", "size": "23.40000000", "price": "0.20121000", "time": "2025-07-13T15:05:17.802990Z", "fetched_at": "2025-07-13T15:10:49.425973+00:00", "symbol": "DOGE-USD"}