[{"trade_id": 138834054, "side": "buy", "size": "5.50000000", "price": "0.20116000", "time": "2025-07-13T16:39:27.106848Z", "fetched_at": "2025-07-13T16:39:32.489568+00:00", "symbol": "DOGE-USD"}, {"trade_id": 138834053, "side": "buy", "size": "334.20000000", "price": "0.20119000", "time": "2025-07-13T16:39:26.911916Z", "fetched_at": "2025-07-13T16:39:32.489568+00:00", "symbol": "DOGE-USD"}, {"trade_id": 138834052, "side": "buy", "size": "257.40000000", "price": "0.20120000", "time": "2025-07-13T16:39:26.652446Z", "fetched_at": "2025-07-13T16:39:32.489568+00:00", "symbol": "DOGE-USD"}, {"trade_id": 138834051, "side": "buy", "size": "400.30000000", "price": "0.20120000", "time": "2025-07-13T16:39:26.277887Z", "fetched_at": "2025-07-13T16:39:32.489568+00:00", "symbol": "DOGE-USD"}, {"trade_id": 138834050, "side": "buy", "size": "257.40000000", "price": "0.20120000", "time": "2025-07-13T16:39:26.277887Z", "fetched_at": "2025-07-13T16:39:32.489568+00:00", "symbol": "DOGE-USD"}, {"trade_id": 138834049, "side": "buy", "size": "334.20000000", "price": "0.20120000", "time": "2025-07-13T16:39:26.023647Z", "fetched_at": "2025-07-13T16:39:32.489568+00:00", "symbol": "DOGE-USD"}, {"trade_id": 138834048, "side": "buy", "size": "55.40000000", "price": "0.20120000", "time": "2025-07-13T16:39:25.834384Z", "fetched_at": "2025-07-13T16:39:32.489568+00:00", "symbol": "DOGE-USD"}, {"trade_id": 138834047, "side": "buy", "size": "257.40000000", "price": "0.20121000", "time": "2025-07-13T16:39:25.407878Z", "fetched_at": "2025-07-13T16:39:32.489568+00:00", "symbol": "DOGE-USD"}, {"trade_id": 138834046, "side": "sell", "size": "12.40000000", "price": "0.20122000", "time": "2025-07-13T16:39:25.301005Z", "fetched_at": "2025-07-13T16:39:32.489568+00:00", "symbol": "DOGE-USD"}, {"trade_id": 138834045, "side": "sell", "size": "5.50000000", "price": "0.20122000", "time": "2025-07-13T16:39:25.301005Z", "fetched_at": "2025-07-13T16:39:32.489568+00:00", "symbol": "DOGE-USD"}, {"trade_id": 138834044, "side": "sell", "size": "5.50000000", "price": "0.20120000", "time": "2025-07-13T16:39:25.301005Z", "fetched_at": "2025-07-13T16:39:32.489568+00:00", "symbol": "DOGE-USD"}, {"trade_id": 138834043, "side": "sell", "size": "5.50000000", "price": "0.20116000", "time": "2025-07-13T16:39:24.254009Z", "fetched_at": "2025-07-13T16:39:32.489568+00:00", "symbol": "DOGE-USD"}, {"trade_id": 138834042, "side": "buy", "size": "1269.80000000", "price": "0.20109000", "time": "2025-07-13T16:39:21.844246Z", "fetched_at": "2025-07-13T16:39:32.489568+00:00", "symbol": "DOGE-USD"}, {"trade_id": 138834041, "side": "buy", "size": "257.40000000", "price": "0.20110000", "time": "2025-07-13T16:39:20.888066Z", "fetched_at": "2025-07-13T16:39:32.489568+00:00", "symbol": "DOGE-USD"}, {"trade_id": 138834040, "side": "buy", "size": "257.40000000", "price": "0.20110000", "time": "2025-07-13T16:39:20.853993Z", "fetched_at": "2025-07-13T16:39:32.489568+00:00", "symbol": "DOGE-USD"}, {"trade_id": 138834039, "side": "buy", "size": "257.40000000", "price": "0.20111000", "time": "2025-07-13T16:39:20.842351Z", "fetched_at": "2025-07-13T16:39:32.489568+00:00", "symbol": "DOGE-USD"}, {"trade_id": 138834038, "side": "buy", "size": "257.40000000", "price": "0.20110000", "time": "2025-07-13T16:39:20.832097Z", "fetched_at": "2025-07-13T16:39:32.489568+00:00", "symbol": "DOGE-USD"}, {"trade_id": 138834037, "side": "sell", "size": "1767.90000000", "price": "0.20116000", "time": "2025-07-13T16:39:19.969568Z", "fetched_at": "2025-07-13T16:39:32.489568+00:00", "symbol": "DOGE-USD"}, {"trade_id": 138834036, "side": "sell", "size": "6328.30000000", "price": "0.20115000", "time": "2025-07-13T16:39:19.969568Z", "fetched_at": "2025-07-13T16:39:32.489568+00:00", "symbol": "DOGE-USD"}, {"trade_id": 138834035, "side": "sell", "size": "500.00000000", "price": "0.20115000", "time": "2025-07-13T16:39:19.969568Z", "fetched_at": "2025-07-13T16:39:32.489568+00:00", "symbol": "DOGE-USD"}, {"trade_id": 138834034, "side": "sell", "size": "1315.60000000", "price": "0.20115000", "time": "2025-07-13T16:39:19.969568Z", "fetched_at": "2025-07-13T16:39:32.489568+00:00", "symbol": "DOGE-USD"}, {"trade_id": 138834033, "side": "sell", "size": "769.50000000", "price": "0.20115000", "time": "2025-07-13T16:39:19.969568Z", "fetched_at": "2025-07-13T16:39:32.489568+00:00", "symbol": "DOGE-USD"}, {"trade_id": 138834032, "side": "sell", "size": "5.50000000", "price": "0.20114000", "time": "2025-07-13T16:39:19.969568Z", "fetched_at": "2025-07-13T16:39:32.489568+00:00", "symbol": "DOGE-USD"}, {"trade_id": 138834031, "side": "sell", "size": "1366.30000000", "price": "0.20114000", "time": "2025-07-13T16:39:19.969568Z", "fetched_at": "2025-07-13T16:39:32.489568+00:00", "symbol": "DOGE-USD"}, {"trade_id": 138834030, "side": "sell", "size": "5348.00000000", "price": "0.20114000", "time": "2025-07-13T16:39:19.969568Z", "fetched_at": "2025-07-13T16:39:32.489568+00:00", "symbol": "DOGE-USD"}, {"trade_id": 138834029, "side": "sell", "size": "1492.10000000", "price": "0.20114000", "time": "2025-07-13T16:39:19.969568Z", "fetched_at": "2025-07-13T16:39:32.489568+00:00", "symbol": "DOGE-USD"}, {"trade_id": 138834028, "side": "sell", "size": "1715.00000000", "price": "0.20113000", "time": "2025-07-13T16:39:19.969568Z", "fetched_at": "2025-07-13T16:39:32.489568+00:00", "symbol": "DOGE-USD"}, {"trade_id": 138834027, "side": "sell", "size": "476.60000000", "price": "0.20113000", "time": "2025-07-13T16:39:19.969568Z", "fetched_at": "2025-07-13T16:39:32.489568+00:00", "symbol": "DOGE-USD"}, {"trade_id": 138834026, "side": "sell", "size": "769.50000000", "price": "0.20112000", "time": "2025-07-13T16:39:19.969568Z", "fetched_at": "2025-07-13T16:39:32.489568+00:00", "symbol": "DOGE-USD"}, {"trade_id": 138834025, "side": "sell", "size": "1259.60000000", "price": "0.20112000", "time": "2025-07-13T16:39:19.969568Z", "fetched_at": "2025-07-13T16:39:32.489568+00:00", "symbol": "DOGE-USD"}, {"trade_id": 138834024, "side": "sell", "size": "48.10000000", "price": "0.20111000", "time": "2025-07-13T16:39:19.969568Z", "fetched_at": "2025-07-13T16:39:32.489568+00:00", "symbol": "DOGE-USD"}, {"trade_id": 138834023, "side": "sell", "size": "1325.40000000", "price": "0.20110000", "time": "2025-07-13T16:39:19.969568Z", "fetched_at": "2025-07-13T16:39:32.489568+00:00", "symbol": "DOGE-USD"}, {"trade_id": 138834022, "side": "sell", "size": "183.00000000", "price": "0.20109000", "time": "2025-07-13T16:39:19.969568Z", "fetched_at": "2025-07-13T16:39:32.489568+00:00", "symbol": "DOGE-USD"}, {"trade_id": 138834021, "side": "buy", "size": "55.50000000", "price": "0.20110000", "time": "2025-07-13T16:39:19.498601Z", "fetched_at": "2025-07-13T16:39:32.489568+00:00", "symbol": "DOGE-USD"}, {"trade_id": 138834020, "side": "buy", "size": "5.50000000", "price": "0.20110000", "time": "2025-07-13T16:39:19.498601Z", "fetched_at": "2025-07-13T16:39:32.489568+00:00", "symbol": "DOGE-USD"}, {"trade_id": 138834019, "side": "buy", "size": "334.20000000", "price": "0.20112000", "time": "2025-07-13T16:39:17.414895Z", "fetched_at": "2025-07-13T16:39:32.489568+00:00", "symbol": "DOGE-USD"}, {"trade_id": 138834018, "side": "buy", "size": "5.50000000", "price": "0.20112000", "time": "2025-07-13T16:39:16.357921Z", "fetched_at": "2025-07-13T16:39:32.489568+00:00", "symbol": "DOGE-USD"}, {"trade_id": 138834017, "side": "buy", "size": "476.60000000", "price": "0.20114000", "time": "2025-07-13T16:39:16.346969Z", "fetched_at": "2025-07-13T16:39:32.489568+00:00", "symbol": "DOGE-USD"}, {"trade_id": 138834016, "side": "buy", "size": "5.50000000", "price": "0.20114000", "time": "2025-07-13T16:39:16.346969Z", "fetched_at": "2025-07-13T16:39:32.489568+00:00", "symbol": "DOGE-USD"}, {"trade_id": 138834015, "side": "buy", "size": "400.30000000", "price": "0.20119000", "time": "2025-07-13T16:39:15.476202Z", "fetched_at": "2025-07-13T16:39:32.489568+00:00", "symbol": "DOGE-USD"}, {"trade_id": 138834014, "side": "buy", "size": "334.20000000", "price": "0.20119000", "time": "2025-07-13T16:39:15.227954Z", "fetched_at": "2025-07-13T16:39:32.489568+00:00", "symbol": "DOGE-USD"}, {"trade_id": 138834013, "side": "buy", "size": "183.00000000", "price": "0.20119000", "time": "2025-07-13T16:39:15.227954Z", "fetched_at": "2025-07-13T16:39:32.489568+00:00", "symbol": "DOGE-USD"}, {"trade_id": 138834012, "side": "buy", "size": "5.50000000", "price": "0.20116000", "time": "2025-07-13T16:39:13.849069Z", "fetched_at": "2025-07-13T16:39:32.489568+00:00", "symbol": "DOGE-USD"}, {"trade_id": 138834011, "side": "buy", "size": "5.50000000", "price": "0.20118000", "time": "2025-07-13T16:39:12.688331Z", "fetched_at": "2025-07-13T16:39:32.489568+00:00", "symbol": "DOGE-USD"}, {"trade_id": 138834010, "side": "buy", "size": "5.50000000", "price": "0.20120000", "time": "2025-07-13T16:39:12.667320Z", "fetched_at": "2025-07-13T16:39:32.489568+00:00", "symbol": "DOGE-USD"}, {"trade_id": 138834009, "side": "buy", "size": "55.40000000", "price": "0.20122000", "time": "2025-07-13T16:39:12.102776Z", "fetched_at": "2025-07-13T16:39:32.489568+00:00", "symbol": "DOGE-USD"}, {"trade_id": 138834008, "side": "sell", "size": "5.50000000", "price": "0.20124000", "time": "2025-07-13T16:39:08.664576Z", "fetched_at": "2025-07-13T16:39:32.489568+00:00", "symbol": "DOGE-USD"}, {"trade_id": 138834007, "side": "sell", "size": "5.50000000", "price": "0.20122000", "time": "2025-07-13T16:39:06.849623Z", "fetched_at": "2025-07-13T16:39:32.489568+00:00", "symbol": "DOGE-USD"}, {"trade_id": 138834006, "side": "sell", "size": "524.40000000", "price": "0.20121000", "time": "2025-07-13T16:39:05.145479Z", "fetched_at": "2025-07-13T16:39:32.489568+00:00", "symbol": "DOGE-USD"}, {"trade_id": 138834005, "side": "buy", "size": "400.30000000", "price": "0.20120000", "time": "2025-07-13T16:39:02.495321Z", "fetched_at": "2025-07-13T16:39:32.489568+00:00", "symbol": "DOGE-USD"}, {"trade_id": 138834004, "side": "buy", "size": "257.40000000", "price": "0.20119000", "time": "2025-07-13T16:39:02.244233Z", "fetched_at": "2025-07-13T16:39:32.489568+00:00", "symbol": "DOGE-USD"}, {"trade_id": 138834003, "side": "buy", "size": "257.40000000", "price": "0.20119000", "time": "2025-07-13T16:39:02.069761Z", "fetched_at": "2025-07-13T16:39:32.489568+00:00", "symbol": "DOGE-USD"}, {"trade_id": 138834002, "side": "buy", "size": "257.40000000", "price": "0.20118000", "time": "2025-07-13T16:39:01.896227Z", "fetched_at": "2025-07-13T16:39:32.489568+00:00", "symbol": "DOGE-USD"}, {"trade_id": 138834001, "side": "buy", "size": "257.40000000", "price": "0.20119000", "time": "2025-07-13T16:39:01.543587Z", "fetched_at": "2025-07-13T16:39:32.489568+00:00", "symbol": "DOGE-USD"}, {"trade_id": 138834000, "side": "buy", "size": "257.40000000", "price": "0.20119000", "time": "2025-07-13T16:39:01.511237Z", "fetched_at": "2025-07-13T16:39:32.489568+00:00", "symbol": "DOGE-USD"}, {"trade_id": 138833999, "side": "buy", "size": "334.20000000", "price": "0.20117000", "time": "2025-07-13T16:39:01.391310Z", "fetched_at": "2025-07-13T16:39:32.489568+00:00", "symbol": "DOGE-USD"}, {"trade_id": 138833998, "side": "buy", "size": "400.30000000", "price": "0.20117000", "time": "2025-07-13T16:39:01.378693Z", "fetched_at": "2025-07-13T16:39:32.489568+00:00", "symbol": "DOGE-USD"}, {"trade_id": 138833997, "side": "buy", "size": "55.50000000", "price": "0.20117000", "time": "2025-07-13T16:39:01.368552Z", "fetched_at": "2025-07-13T16:39:32.489568+00:00", "symbol": "DOGE-USD"}, {"trade_id": 138833996, "side": "buy", "size": "524.40000000", "price": "0.20118000", "time": "2025-07-13T16:39:01.353704Z", "fetched_at": "2025-07-13T16:39:32.489568+00:00", "symbol": "DOGE-USD"}, {"trade_id": 138833995, "side": "buy", "size": "257.40000000", "price": "0.20119000", "time": "2025-07-13T16:39:01.191146Z", "fetched_at": "2025-07-13T16:39:32.489568+00:00", "symbol": "DOGE-USD"}, {"trade_id": 138833994, "side": "sell", "size": "24.60000000", "price": "0.20121000", "time": "2025-07-13T16:39:01.008385Z", "fetched_at": "2025-07-13T16:39:32.489568+00:00", "symbol": "DOGE-USD"}, {"trade_id": 138833993, "side": "buy", "size": "257.40000000", "price": "0.20120000", "time": "2025-07-13T16:39:00.942282Z", "fetched_at": "2025-07-13T16:39:32.489568+00:00", "symbol": "DOGE-USD"}, {"trade_id": 138833992, "side": "sell", "size": "147.50000000", "price": "0.20121000", "time": "2025-07-13T16:39:00.835486Z", "fetched_at": "2025-07-13T16:39:32.489568+00:00", "symbol": "DOGE-USD"}, {"trade_id": 138833991, "side": "sell", "size": "35.70000000", "price": "0.20121000", "time": "2025-07-13T16:39:00.835486Z", "fetched_at": "2025-07-13T16:39:32.489568+00:00", "symbol": "DOGE-USD"}, {"trade_id": 138833990, "side": "sell", "size": "5.50000000", "price": "0.20120000", "time": "2025-07-13T16:39:00.835486Z", "fetched_at": "2025-07-13T16:39:32.489568+00:00", "symbol": "DOGE-USD"}, {"trade_id": 138833989, "side": "buy", "size": "400.30000000", "price": "0.20119000", "time": "2025-07-13T16:39:00.368420Z", "fetched_at": "2025-07-13T16:39:32.489568+00:00", "symbol": "DOGE-USD"}, {"trade_id": 138833988, "side": "buy", "size": "334.20000000", "price": "0.20119000", "time": "2025-07-13T16:39:00.368420Z", "fetched_at": "2025-07-13T16:39:32.489568+00:00", "symbol": "DOGE-USD"}, {"trade_id": 138833987, "side": "sell", "size": "179.60000000", "price": "0.20118000", "time": "2025-07-13T16:38:57.811674Z", "fetched_at": "2025-07-13T16:39:32.489568+00:00", "symbol": "DOGE-USD"}, {"trade_id": 138833986, "side": "sell", "size": "5.50000000", "price": "0.20118000", "time": "2025-07-13T16:38:57.811674Z", "fetched_at": "2025-07-13T16:39:32.489568+00:00", "symbol": "DOGE-USD"}, {"trade_id": 138833985, "side": "buy", "size": "257.40000000", "price": "0.20117000", "time": "2025-07-13T16:38:57.179547Z", "fetched_at": "2025-07-13T16:39:32.489568+00:00", "symbol": "DOGE-USD"}, {"trade_id": 138833984, "side": "sell", "size": "2000.00000000", "price": "0.20116000", "time": "2025-07-13T16:38:57.171955Z", "fetched_at": "2025-07-13T16:39:32.489568+00:00", "symbol": "DOGE-USD"}, {"trade_id": 138833983, "side": "sell", "size": "5.50000000", "price": "0.20116000", "time": "2025-07-13T16:38:57.171955Z", "fetched_at": "2025-07-13T16:39:32.489568+00:00", "symbol": "DOGE-USD"}, {"trade_id": 138833982, "side": "sell", "size": "34.90000000", "price": "0.20115000", "time": "2025-07-13T16:38:57.171955Z", "fetched_at": "2025-07-13T16:39:32.489568+00:00", "symbol": "DOGE-USD"}, {"trade_id": 138833981, "side": "sell", "size": "5.50000000", "price": "0.20114000", "time": "2025-07-13T16:38:57.171955Z", "fetched_at": "2025-07-13T16:39:32.489568+00:00", "symbol": "DOGE-USD"}, {"trade_id": 138833980, "side": "sell", "size": "11237.80000000", "price": "0.20113000", "time": "2025-07-13T16:38:56.618883Z", "fetched_at": "2025-07-13T16:39:32.489568+00:00", "symbol": "DOGE-USD"}, {"trade_id": 138833979, "side": "sell", "size": "41.00000000", "price": "0.20112000", "time": "2025-07-13T16:38:56.618883Z", "fetched_at": "2025-07-13T16:39:32.489568+00:00", "symbol": "DOGE-USD"}, {"trade_id": 138833978, "side": "sell", "size": "5.50000000", "price": "0.20112000", "time": "2025-07-13T16:38:56.618883Z", "fetched_at": "2025-07-13T16:39:32.489568+00:00", "symbol": "DOGE-USD"}, {"trade_id": 138833977, "side": "buy", "size": "68.00000000", "price": "0.20111000", "time": "2025-07-13T16:38:55.702770Z", "fetched_at": "2025-07-13T16:39:32.489568+00:00", "symbol": "DOGE-USD"}, {"trade_id": 138833976, "side": "sell", "size": "3673.90000000", "price": "0.20110000", "time": "2025-07-13T16:38:55.234105Z", "fetched_at": "2025-07-13T16:39:32.489568+00:00", "symbol": "DOGE-USD"}, {"trade_id": 138833975, "side": "sell", "size": "3527.40000000", "price": "0.20110000", "time": "2025-07-13T16:38:54.476544Z", "fetched_at": "2025-07-13T16:39:32.489568+00:00", "symbol": "DOGE-USD"}, {"trade_id": 138833974, "side": "sell", "size": "44.40000000", "price": "0.20109000", "time": "2025-07-13T16:38:54.476544Z", "fetched_at": "2025-07-13T16:39:32.489568+00:00", "symbol": "DOGE-USD"}, {"trade_id": 138833973, "side": "buy", "size": "1249.60000000", "price": "0.20109000", "time": "2025-07-13T16:38:53.605673Z", "fetched_at": "2025-07-13T16:39:32.489568+00:00", "symbol": "DOGE-USD"}, {"trade_id": 138833972, "side": "buy", "size": "334.20000000", "price": "0.20109000", "time": "2025-07-13T16:38:53.605673Z", "fetched_at": "2025-07-13T16:39:32.489568+00:00", "symbol": "DOGE-USD"}, {"trade_id": 138833971, "side": "buy", "size": "400.30000000", "price": "0.20109000", "time": "2025-07-13T16:38:53.605673Z", "fetched_at": "2025-07-13T16:39:32.489568+00:00", "symbol": "DOGE-USD"}, {"trade_id": 138833970, "side": "buy", "size": "5.50000000", "price": "0.20106000", "time": "2025-07-13T16:38:51.475645Z", "fetched_at": "2025-07-13T16:39:32.489568+00:00", "symbol": "DOGE-USD"}, {"trade_id": 138833969, "side": "buy", "size": "94.60000000", "price": "0.20111000", "time": "2025-07-13T16:38:48.123687Z", "fetched_at": "2025-07-13T16:39:32.489568+00:00", "symbol": "DOGE-USD"}, {"trade_id": 138833968, "side": "sell", "size": "18797.50000000", "price": "0.20110000", "time": "2025-07-13T16:38:46.174155Z", "fetched_at": "2025-07-13T16:39:32.489568+00:00", "symbol": "DOGE-USD"}, {"trade_id": 138833967, "side": "buy", "size": "334.20000000", "price": "0.20109000", "time": "2025-07-13T16:38:45.381651Z", "fetched_at": "2025-07-13T16:39:32.489568+00:00", "symbol": "DOGE-USD"}, {"trade_id": 138833966, "side": "sell", "size": "1400.60000000", "price": "0.20106000", "time": "2025-07-13T16:38:45.117476Z", "fetched_at": "2025-07-13T16:39:32.489568+00:00", "symbol": "DOGE-USD"}, {"trade_id": 138833965, "side": "sell", "size": "2984.80000000", "price": "0.20104000", "time": "2025-07-13T16:38:45.031614Z", "fetched_at": "2025-07-13T16:39:32.489568+00:00", "symbol": "DOGE-USD"}, {"trade_id": 138833964, "side": "sell", "size": "18812.80000000", "price": "0.20104000", "time": "2025-07-13T16:38:45.029884Z", "fetched_at": "2025-07-13T16:39:32.489568+00:00", "symbol": "DOGE-USD"}, {"trade_id": 138833963, "side": "sell", "size": "50.00000000", "price": "0.20103000", "time": "2025-07-13T16:38:45.022673Z", "fetched_at": "2025-07-13T16:39:32.489568+00:00", "symbol": "DOGE-USD"}, {"trade_id": 138833962, "side": "sell", "size": "12851.90000000", "price": "0.20103000", "time": "2025-07-13T16:38:45.022673Z", "fetched_at": "2025-07-13T16:39:32.489568+00:00", "symbol": "DOGE-USD"}, {"trade_id": 138833961, "side": "sell", "size": "113.80000000", "price": "0.20101000", "time": "2025-07-13T16:38:43.645725Z", "fetched_at": "2025-07-13T16:39:32.489568+00:00", "symbol": "DOGE-USD"}, {"trade_id": 138833960, "side": "buy", "size": "5.50000000", "price": "0.20102000", "time": "2025-07-13T16:38:42.474697Z", "fetched_at": "2025-07-13T16:39:32.489568+00:00", "symbol": "DOGE-USD"}, {"trade_id": 138833959, "side": "buy", "size": "5.50000000", "price": "0.20104000", "time": "2025-07-13T16:38:42.225232Z", "fetched_at": "2025-07-13T16:39:32.489568+00:00", "symbol": "DOGE-USD"}, {"trade_id": 138833958, "side": "buy", "size": "5.50000000", "price": "0.20106000", "time": "2025-07-13T16:38:38.622706Z", "fetched_at": "2025-07-13T16:39:32.489568+00:00", "symbol": "DOGE-USD"}, {"trade_id": 138833957, "side": "buy", "size": "5.50000000", "price": "0.20108000", "time": "2025-07-13T16:38:35.696520Z", "fetched_at": "2025-07-13T16:39:32.489568+00:00", "symbol": "DOGE-USD"}, {"trade_id": 138833956, "side": "buy", "size": "55.50000000", "price": "0.20110000", "time": "2025-07-13T16:38:32.879485Z", "fetched_at": "2025-07-13T16:39:32.489568+00:00", "symbol": "DOGE-USD"}, {"trade_id": 138833955, "side": "buy", "size": "257.40000000", "price": "0.20115000", "time": "2025-07-13T16:38:31.602386Z", "fetched_at": "2025-07-13T16:39:32.489568+00:00", "symbol": "DOGE-USD"}, {"trade_id": 138833954, "side": "sell", "size": "21.40000000", "price": "0.20112000", "time": "2025-07-13T16:38:30.831747Z", "fetched_at": "2025-07-13T16:39:32.489568+00:00", "symbol": "DOGE-USD"}, {"trade_id": 138833953, "side": "buy", "size": "400.30000000", "price": "0.20110000", "time": "2025-07-13T16:38:30.505331Z", "fetched_at": "2025-07-13T16:39:32.489568+00:00", "symbol": "DOGE-USD"}, {"trade_id": 138833952, "side": "buy", "size": "691.90000000", "price": "0.20109000", "time": "2025-07-13T16:38:28.716396Z", "fetched_at": "2025-07-13T16:39:32.489568+00:00", "symbol": "DOGE-USD"}, {"trade_id": 138833951, "side": "buy", "size": "2982.00000000", "price": "0.20112000", "time": "2025-07-13T16:38:28.710704Z", "fetched_at": "2025-07-13T16:39:32.489568+00:00", "symbol": "DOGE-USD"}, {"trade_id": 138833950, "side": "buy", "size": "3786.70000000", "price": "0.20105000", "time": "2025-07-13T16:38:28.700113Z", "fetched_at": "2025-07-13T16:39:32.489568+00:00", "symbol": "DOGE-USD"}, {"trade_id": 138833949, "side": "buy", "size": "5.50000000", "price": "0.20106000", "time": "2025-07-13T16:38:28.700113Z", "fetched_at": "2025-07-13T16:39:32.489568+00:00", "symbol": "DOGE-USD"}, {"trade_id": 138833948, "side": "buy", "size": "2180.20000000", "price": "0.20106000", "time": "2025-07-13T16:38:28.700113Z", "fetched_at": "2025-07-13T16:39:32.489568+00:00", "symbol": "DOGE-USD"}, {"trade_id": 138833947, "side": "buy", "size": "14128.90000000", "price": "0.20107000", "time": "2025-07-13T16:38:28.700113Z", "fetched_at": "2025-07-13T16:39:32.489568+00:00", "symbol": "DOGE-USD"}, {"trade_id": 138833946, "side": "buy", "size": "6305.90000000", "price": "0.20107000", "time": "2025-07-13T16:38:28.700113Z", "fetched_at": "2025-07-13T16:39:32.489568+00:00", "symbol": "DOGE-USD"}, {"trade_id": 138833945, "side": "buy", "size": "3924.80000000", "price": "0.20107000", "time": "2025-07-13T16:38:28.700113Z", "fetched_at": "2025-07-13T16:39:32.489568+00:00", "symbol": "DOGE-USD"}, {"trade_id": 138833944, "side": "buy", "size": "769.50000000", "price": "0.20107000", "time": "2025-07-13T16:38:28.700113Z", "fetched_at": "2025-07-13T16:39:32.489568+00:00", "symbol": "DOGE-USD"}, {"trade_id": 138833943, "side": "buy", "size": "2000.00000000", "price": "0.20108000", "time": "2025-07-13T16:38:28.700113Z", "fetched_at": "2025-07-13T16:39:32.489568+00:00", "symbol": "DOGE-USD"}, {"trade_id": 138833942, "side": "buy", "size": "4995.80000000", "price": "0.20108000", "time": "2025-07-13T16:38:28.700113Z", "fetched_at": "2025-07-13T16:39:32.489568+00:00", "symbol": "DOGE-USD"}, {"trade_id": 138833941, "side": "buy", "size": "5.50000000", "price": "0.20108000", "time": "2025-07-13T16:38:28.700113Z", "fetched_at": "2025-07-13T16:39:32.489568+00:00", "symbol": "DOGE-USD"}, {"trade_id": 138833940, "side": "buy", "size": "691.90000000", "price": "0.20109000", "time": "2025-07-13T16:38:28.700113Z", "fetched_at": "2025-07-13T16:39:32.489568+00:00", "symbol": "DOGE-USD"}, {"trade_id": 138833939, "side": "buy", "size": "10000.00000000", "price": "0.20109000", "time": "2025-07-13T16:38:28.700113Z", "fetched_at": "2025-07-13T16:39:32.489568+00:00", "symbol": "DOGE-USD"}, {"trade_id": 138833938, "side": "buy", "size": "769.50000000", "price": "0.20109000", "time": "2025-07-13T16:38:28.700113Z", "fetched_at": "2025-07-13T16:39:32.489568+00:00", "symbol": "DOGE-USD"}, {"trade_id": 138833937, "side": "buy", "size": "1388.20000000", "price": "0.20110000", "time": "2025-07-13T16:38:28.700113Z", "fetched_at": "2025-07-13T16:39:32.489568+00:00", "symbol": "DOGE-USD"}, {"trade_id": 138833936, "side": "buy", "size": "1916.70000000", "price": "0.20110000", "time": "2025-07-13T16:38:28.700113Z", "fetched_at": "2025-07-13T16:39:32.489568+00:00", "symbol": "DOGE-USD"}, {"trade_id": 138833935, "side": "buy", "size": "5.50000000", "price": "0.20110000", "time": "2025-07-13T16:38:28.700113Z", "fetched_at": "2025-07-13T16:39:32.489568+00:00", "symbol": "DOGE-USD"}, {"trade_id": 138833934, "side": "buy", "size": "5240.10000000", "price": "0.20111000", "time": "2025-07-13T16:38:28.700113Z", "fetched_at": "2025-07-13T16:39:32.489568+00:00", "symbol": "DOGE-USD"}, {"trade_id": 138833933, "side": "buy", "size": "769.50000000", "price": "0.20111000", "time": "2025-07-13T16:38:28.700113Z", "fetched_at": "2025-07-13T16:39:32.489568+00:00", "symbol": "DOGE-USD"}, {"trade_id": 138833932, "side": "buy", "size": "5.50000000", "price": "0.20112000", "time": "2025-07-13T16:38:28.699199Z", "fetched_at": "2025-07-13T16:39:32.489568+00:00", "symbol": "DOGE-USD"}, {"trade_id": 138833931, "side": "buy", "size": "37752.80000000", "price": "0.20113000", "time": "2025-07-13T16:38:28.699199Z", "fetched_at": "2025-07-13T16:39:32.489568+00:00", "symbol": "DOGE-USD"}, {"trade_id": 138833930, "side": "buy", "size": "769.50000000", "price": "0.20113000", "time": "2025-07-13T16:38:28.699199Z", "fetched_at": "2025-07-13T16:39:32.489568+00:00", "symbol": "DOGE-USD"}, {"trade_id": 138833929, "side": "buy", "size": "12198.10000000", "price": "0.20114000", "time": "2025-07-13T16:38:28.699068Z", "fetched_at": "2025-07-13T16:39:32.489568+00:00", "symbol": "DOGE-USD"}, {"trade_id": 138833928, "side": "buy", "size": "13040.30000000", "price": "0.20114000", "time": "2025-07-13T16:38:28.699001Z", "fetched_at": "2025-07-13T16:39:32.489568+00:00", "symbol": "DOGE-USD"}, {"trade_id": 138833927, "side": "buy", "size": "18927.10000000", "price": "0.20114000", "time": "2025-07-13T16:38:28.698672Z", "fetched_at": "2025-07-13T16:39:32.489568+00:00", "symbol": "DOGE-USD"}, {"trade_id": 138833926, "side": "buy", "size": "5.50000000", "price": "0.20114000", "time": "2025-07-13T16:38:28.698672Z", "fetched_at": "2025-07-13T16:39:32.489568+00:00", "symbol": "DOGE-USD"}, {"trade_id": 138833925, "side": "buy", "size": "1752.80000000", "price": "0.20115000", "time": "2025-07-13T16:38:28.698672Z", "fetched_at": "2025-07-13T16:39:32.489568+00:00", "symbol": "DOGE-USD"}, {"trade_id": 138833924, "side": "buy", "size": "196.20000000", "price": "0.20115000", "time": "2025-07-13T16:38:28.698664Z", "fetched_at": "2025-07-13T16:39:32.489568+00:00", "symbol": "DOGE-USD"}, {"trade_id": 138833923, "side": "buy", "size": "2237.50000000", "price": "0.20115000", "time": "2025-07-13T16:38:28.698664Z", "fetched_at": "2025-07-13T16:39:32.489568+00:00", "symbol": "DOGE-USD"}, {"trade_id": 138833922, "side": "buy", "size": "55.50000000", "price": "0.20116000", "time": "2025-07-13T16:38:28.698664Z", "fetched_at": "2025-07-13T16:39:32.489568+00:00", "symbol": "DOGE-USD"}, {"trade_id": 138833921, "side": "buy", "size": "5.50000000", "price": "0.20116000", "time": "2025-07-13T16:38:28.698664Z", "fetched_at": "2025-07-13T16:39:32.489568+00:00", "symbol": "DOGE-USD"}, {"trade_id": 138833920, "side": "buy", "size": "5.50000000", "price": "0.20118000", "time": "2025-07-13T16:38:28.698664Z", "fetched_at": "2025-07-13T16:39:32.489568+00:00", "symbol": "DOGE-USD"}, {"trade_id": 138833919, "side": "sell", "size": "70.70000000", "price": "0.20119000", "time": "2025-07-13T16:38:28.080879Z", "fetched_at": "2025-07-13T16:39:32.489568+00:00", "symbol": "DOGE-USD"}, {"trade_id": 138833918, "side": "buy", "size": "784.20000000", "price": "0.20119000", "time": "2025-07-13T16:38:27.877638Z", "fetched_at": "2025-07-13T16:39:32.489568+00:00", "symbol": "DOGE-USD"}, {"trade_id": 138833917, "side": "buy", "size": "5.50000000", "price": "0.20120000", "time": "2025-07-13T16:38:27.877638Z", "fetched_at": "2025-07-13T16:39:32.489568+00:00", "symbol": "DOGE-USD"}, {"trade_id": 138833916, "side": "buy", "size": "5187.30000000", "price": "0.20121000", "time": "2025-07-13T16:38:27.579003Z", "fetched_at": "2025-07-13T16:39:32.489568+00:00", "symbol": "DOGE-USD"}, {"trade_id": 138833915, "side": "buy", "size": "5.50000000", "price": "0.20122000", "time": "2025-07-13T16:38:27.579003Z", "fetched_at": "2025-07-13T16:39:32.489568+00:00", "symbol": "DOGE-USD"}, {"trade_id": 138833914, "side": "buy", "size": "5.50000000", "price": "0.20124000", "time": "2025-07-13T16:38:27.418664Z", "fetched_at": "2025-07-13T16:39:32.489568+00:00", "symbol": "DOGE-USD"}, {"trade_id": 138833913, "side": "buy", "size": "257.40000000", "price": "0.20128000", "time": "2025-07-13T16:38:22.993985Z", "fetched_at": "2025-07-13T16:39:32.489568+00:00", "symbol": "DOGE-USD"}, {"trade_id": 138833912, "side": "sell", "size": "75.10000000", "price": "0.20129000", "time": "2025-07-13T16:38:22.888291Z", "fetched_at": "2025-07-13T16:39:32.489568+00:00", "symbol": "DOGE-USD"}, {"trade_id": 138833911, "side": "sell", "size": "23.30000000", "price": "0.20128000", "time": "2025-07-13T16:38:22.888291Z", "fetched_at": "2025-07-13T16:39:32.489568+00:00", "symbol": "DOGE-USD"}, {"trade_id": 138833910, "side": "buy", "size": "257.40000000", "price": "0.20128000", "time": "2025-07-13T16:38:21.394312Z", "fetched_at": "2025-07-13T16:39:32.489568+00:00", "symbol": "DOGE-USD"}, {"trade_id": 138833909, "side": "buy", "size": "96.70000000", "price": "0.20126000", "time": "2025-07-13T16:38:18.600722Z", "fetched_at": "2025-07-13T16:39:32.489568+00:00", "symbol": "DOGE-USD"}, {"trade_id": 138833908, "side": "buy", "size": "5.50000000", "price": "0.20126000", "time": "2025-07-13T16:38:18.600722Z", "fetched_at": "2025-07-13T16:39:32.489568+00:00", "symbol": "DOGE-USD"}, {"trade_id": 138833907, "side": "buy", "size": "400.30000000", "price": "0.20128000", "time": "2025-07-13T16:38:17.947513Z", "fetched_at": "2025-07-13T16:39:32.489568+00:00", "symbol": "DOGE-USD"}, {"trade_id": 138833906, "side": "buy", "size": "334.20000000", "price": "0.20128000", "time": "2025-07-13T16:38:17.947513Z", "fetched_at": "2025-07-13T16:39:32.489568+00:00", "symbol": "DOGE-USD"}, {"trade_id": 138833905, "side": "sell", "size": "490.10000000", "price": "0.20128000", "time": "2025-07-13T16:38:16.950232Z", "fetched_at": "2025-07-13T16:39:32.489568+00:00", "symbol": "DOGE-USD"}, {"trade_id": 138833904, "side": "buy", "size": "257.40000000", "price": "0.20130000", "time": "2025-07-13T16:38:16.569135Z", "fetched_at": "2025-07-13T16:39:32.489568+00:00", "symbol": "DOGE-USD"}, {"trade_id": 138833903, "side": "buy", "size": "400.30000000", "price": "0.20129000", "time": "2025-07-13T16:38:15.282401Z", "fetched_at": "2025-07-13T16:39:32.489568+00:00", "symbol": "DOGE-USD"}, {"trade_id": 138833902, "side": "buy", "size": "334.20000000", "price": "0.20129000", "time": "2025-07-13T16:38:15.282401Z", "fetched_at": "2025-07-13T16:39:32.489568+00:00", "symbol": "DOGE-USD"}, {"trade_id": 138833901, "side": "buy", "size": "334.20000000", "price": "0.20131000", "time": "2025-07-13T16:38:15.141302Z", "fetched_at": "2025-07-13T16:39:32.489568+00:00", "symbol": "DOGE-USD"}, {"trade_id": 138833900, "side": "buy", "size": "400.30000000", "price": "0.20131000", "time": "2025-07-13T16:38:15.141302Z", "fetched_at": "2025-07-13T16:39:32.489568+00:00", "symbol": "DOGE-USD"}, {"trade_id": 138833899, "side": "buy", "size": "259.50000000", "price": "0.20126000", "time": "2025-07-13T16:38:10.546054Z", "fetched_at": "2025-07-13T16:39:32.489568+00:00", "symbol": "DOGE-USD"}, {"trade_id": 138833898, "side": "sell", "size": "1259.60000000", "price": "0.20131000", "time": "2025-07-13T16:38:10.280156Z", "fetched_at": "2025-07-13T16:39:32.489568+00:00", "symbol": "DOGE-USD"}, {"trade_id": 138833897, "side": "sell", "size": "14.30000000", "price": "0.20130000", "time": "2025-07-13T16:38:10.280156Z", "fetched_at": "2025-07-13T16:39:32.489568+00:00", "symbol": "DOGE-USD"}, {"trade_id": 138833896, "side": "sell", "size": "17.10000000", "price": "0.20127000", "time": "2025-07-13T16:38:10.002312Z", "fetched_at": "2025-07-13T16:39:32.489568+00:00", "symbol": "DOGE-USD"}, {"trade_id": 138833895, "side": "sell", "size": "14.90000000", "price": "0.20127000", "time": "2025-07-13T16:38:10.002312Z", "fetched_at": "2025-07-13T16:39:32.489568+00:00", "symbol": "DOGE-USD"}, {"trade_id": 138833894, "side": "buy", "size": "1161.90000000", "price": "0.20128000", "time": "2025-07-13T16:38:09.117886Z", "fetched_at": "2025-07-13T16:39:32.489568+00:00", "symbol": "DOGE-USD"}, {"trade_id": 138833893, "side": "buy", "size": "566.30000000", "price": "0.20127000", "time": "2025-07-13T16:38:05.733993Z", "fetched_at": "2025-07-13T16:39:32.489568+00:00", "symbol": "DOGE-USD"}, {"trade_id": 138833892, "side": "buy", "size": "384.30000000", "price": "0.20127000", "time": "2025-07-13T16:38:05.711972Z", "fetched_at": "2025-07-13T16:39:32.489568+00:00", "symbol": "DOGE-USD"}, {"trade_id": 138833891, "side": "buy", "size": "334.20000000", "price": "0.20132000", "time": "2025-07-13T16:38:05.411430Z", "fetched_at": "2025-07-13T16:39:32.489568+00:00", "symbol": "DOGE-USD"}, {"trade_id": 138833890, "side": "buy", "size": "257.40000000", "price": "0.20132000", "time": "2025-07-13T16:38:03.850342Z", "fetched_at": "2025-07-13T16:39:32.489568+00:00", "symbol": "DOGE-USD"}, {"trade_id": 138833889, "side": "buy", "size": "257.40000000", "price": "0.20131000", "time": "2025-07-13T16:38:03.835440Z", "fetched_at": "2025-07-13T16:39:32.489568+00:00", "symbol": "DOGE-USD"}, {"trade_id": 138833888, "side": "buy", "size": "629.60000000", "price": "0.20132000", "time": "2025-07-13T16:38:03.250739Z", "fetched_at": "2025-07-13T16:39:32.489568+00:00", "symbol": "DOGE-USD"}, {"trade_id": 138833887, "side": "sell", "size": "18693.70000000", "price": "0.20135000", "time": "2025-07-13T16:38:02.774343Z", "fetched_at": "2025-07-13T16:39:32.489568+00:00", "symbol": "DOGE-USD"}, {"trade_id": 138833886, "side": "sell", "size": "26.20000000", "price": "0.20134000", "time": "2025-07-13T16:38:02.774343Z", "fetched_at": "2025-07-13T16:39:32.489568+00:00", "symbol": "DOGE-USD"}, {"trade_id": 138833885, "side": "sell", "size": "5.50000000", "price": "0.20134000", "time": "2025-07-13T16:38:02.774343Z", "fetched_at": "2025-07-13T16:39:32.489568+00:00", "symbol": "DOGE-USD"}, {"trade_id": 138833884, "side": "sell", "size": "607.40000000", "price": "0.20133000", "time": "2025-07-13T16:38:02.774343Z", "fetched_at": "2025-07-13T16:39:32.489568+00:00", "symbol": "DOGE-USD"}, {"trade_id": 138833883, "side": "buy", "size": "257.40000000", "price": "0.20133000", "time": "2025-07-13T16:38:02.741205Z", "fetched_at": "2025-07-13T16:39:32.489568+00:00", "symbol": "DOGE-USD"}, {"trade_id": 138833882, "side": "sell", "size": "2732.70000000", "price": "0.20133000", "time": "2025-07-13T16:38:02.727304Z", "fetched_at": "2025-07-13T16:39:32.489568+00:00", "symbol": "DOGE-USD"}, {"trade_id": 138833881, "side": "sell", "size": "4239.30000000", "price": "0.20133000", "time": "2025-07-13T16:38:02.727304Z", "fetched_at": "2025-07-13T16:39:32.489568+00:00", "symbol": "DOGE-USD"}, {"trade_id": 138833880, "side": "sell", "size": "26.20000000", "price": "0.20132000", "time": "2025-07-13T16:38:02.727304Z", "fetched_at": "2025-07-13T16:39:32.489568+00:00", "symbol": "DOGE-USD"}, {"trade_id": 138833879, "side": "sell", "size": "5.50000000", "price": "0.20132000", "time": "2025-07-13T16:38:02.727304Z", "fetched_at": "2025-07-13T16:39:32.489568+00:00", "symbol": "DOGE-USD"}, {"trade_id": 138833878, "side": "sell", "size": "5.50000000", "price": "0.20130000", "time": "2025-07-13T16:38:02.727304Z", "fetched_at": "2025-07-13T16:39:32.489568+00:00", "symbol": "DOGE-USD"}, {"trade_id": 138833877, "side": "sell", "size": "5.50000000", "price": "0.20128000", "time": "2025-07-13T16:38:02.727304Z", "fetched_at": "2025-07-13T16:39:32.489568+00:00", "symbol": "DOGE-USD"}, {"trade_id": 138833876, "side": "buy", "size": "17035.20000000", "price": "0.20120000", "time": "2025-07-13T16:38:02.689112Z", "fetched_at": "2025-07-13T16:39:32.489568+00:00", "symbol": "DOGE-USD"}, {"trade_id": 138833875, "side": "buy", "size": "12718.70000000", "price": "0.20120000", "time": "2025-07-13T16:38:02.689112Z", "fetched_at": "2025-07-13T16:39:32.489568+00:00", "symbol": "DOGE-USD"}, {"trade_id": 138833874, "side": "buy", "size": "3902.90000000", "price": "0.20120000", "time": "2025-07-13T16:38:02.689112Z", "fetched_at": "2025-07-13T16:39:32.489568+00:00", "symbol": "DOGE-USD"}, {"trade_id": 138833873, "side": "buy", "size": "3451.20000000", "price": "0.20121000", "time": "2025-07-13T16:38:02.689112Z", "fetched_at": "2025-07-13T16:39:32.489568+00:00", "symbol": "DOGE-USD"}, {"trade_id": 138833872, "side": "buy", "size": "2600.30000000", "price": "0.20121000", "time": "2025-07-13T16:38:02.689112Z", "fetched_at": "2025-07-13T16:39:32.489568+00:00", "symbol": "DOGE-USD"}, {"trade_id": 138833871, "side": "buy", "size": "12708.40000000", "price": "0.20121000", "time": "2025-07-13T16:38:02.689112Z", "fetched_at": "2025-07-13T16:39:32.489568+00:00", "symbol": "DOGE-USD"}, {"trade_id": 138833870, "side": "buy", "size": "5184.00000000", "price": "0.20121000", "time": "2025-07-13T16:38:02.689112Z", "fetched_at": "2025-07-13T16:39:32.489568+00:00", "symbol": "DOGE-USD"}, {"trade_id": 138833869, "side": "buy", "size": "3659.80000000", "price": "0.20122000", "time": "2025-07-13T16:38:02.689112Z", "fetched_at": "2025-07-13T16:39:32.489568+00:00", "symbol": "DOGE-USD"}, {"trade_id": 138833868, "side": "buy", "size": "6296.30000000", "price": "0.20122000", "time": "2025-07-13T16:38:02.689112Z", "fetched_at": "2025-07-13T16:39:32.489568+00:00", "symbol": "DOGE-USD"}, {"trade_id": 138833867, "side": "buy", "size": "1335.20000000", "price": "0.20122000", "time": "2025-07-13T16:38:02.689112Z", "fetched_at": "2025-07-13T16:39:32.489568+00:00", "symbol": "DOGE-USD"}, {"trade_id": 138833866, "side": "buy", "size": "1353.40000000", "price": "0.20122000", "time": "2025-07-13T16:38:02.689112Z", "fetched_at": "2025-07-13T16:39:32.489568+00:00", "symbol": "DOGE-USD"}, {"trade_id": 138833865, "side": "buy", "size": "7658.30000000", "price": "0.20122000", "time": "2025-07-13T16:38:02.689112Z", "fetched_at": "2025-07-13T16:39:32.489568+00:00", "symbol": "DOGE-USD"}, {"trade_id": 138833864, "side": "buy", "size": "3666.30000000", "price": "0.20123000", "time": "2025-07-13T16:38:02.689112Z", "fetched_at": "2025-07-13T16:39:32.489568+00:00", "symbol": "DOGE-USD"}, {"trade_id": 138833863, "side": "buy", "size": "3653.40000000", "price": "0.20123000", "time": "2025-07-13T16:38:02.689112Z", "fetched_at": "2025-07-13T16:39:32.489568+00:00", "symbol": "DOGE-USD"}, {"trade_id": 138833862, "side": "buy", "size": "1970.70000000", "price": "0.20123000", "time": "2025-07-13T16:38:02.689112Z", "fetched_at": "2025-07-13T16:39:32.489568+00:00", "symbol": "DOGE-USD"}, {"trade_id": 138833861, "side": "buy", "size": "1771.40000000", "price": "0.20123000", "time": "2025-07-13T16:38:02.689112Z", "fetched_at": "2025-07-13T16:39:32.489568+00:00", "symbol": "DOGE-USD"}, {"trade_id": 138833860, "side": "buy", "size": "1813.60000000", "price": "0.20123000", "time": "2025-07-13T16:38:02.689112Z", "fetched_at": "2025-07-13T16:39:32.489568+00:00", "symbol": "DOGE-USD"}, {"trade_id": 138833859, "side": "buy", "size": "769.50000000", "price": "0.20123000", "time": "2025-07-13T16:38:02.689112Z", "fetched_at": "2025-07-13T16:39:32.489568+00:00", "symbol": "DOGE-USD"}, {"trade_id": 138833858, "side": "buy", "size": "1868.10000000", "price": "0.20124000", "time": "2025-07-13T16:38:02.689112Z", "fetched_at": "2025-07-13T16:39:32.489568+00:00", "symbol": "DOGE-USD"}, {"trade_id": 138833857, "side": "buy", "size": "2653.70000000", "price": "0.20124000", "time": "2025-07-13T16:38:02.689112Z", "fetched_at": "2025-07-13T16:39:32.489568+00:00", "symbol": "DOGE-USD"}, {"trade_id": 138833856, "side": "buy", "size": "55.40000000", "price": "0.20125000", "time": "2025-07-13T16:38:02.689112Z", "fetched_at": "2025-07-13T16:39:32.489568+00:00", "symbol": "DOGE-USD"}, {"trade_id": 138833855, "side": "buy", "size": "1407.50000000", "price": "0.20126000", "time": "2025-07-13T16:38:02.689112Z", "fetched_at": "2025-07-13T16:39:32.489568+00:00", "symbol": "DOGE-USD"}, {"trade_id": 138833854, "side": "buy", "size": "183.00000000", "price": "0.20127000", "time": "2025-07-13T16:38:02.689112Z", "fetched_at": "2025-07-13T16:39:32.489568+00:00", "symbol": "DOGE-USD"}, {"trade_id": 138833853, "side": "buy", "size": "1406.70000000", "price": "0.20127000", "time": "2025-07-13T16:38:02.689112Z", "fetched_at": "2025-07-13T16:39:32.489568+00:00", "symbol": "DOGE-USD"}, {"trade_id": 138833852, "side": "buy", "size": "400.30000000", "price": "0.20127000", "time": "2025-07-13T16:38:02.689112Z", "fetched_at": "2025-07-13T16:39:32.489568+00:00", "symbol": "DOGE-USD"}, {"trade_id": 138833851, "side": "buy", "size": "257.40000000", "price": "0.20127000", "time": "2025-07-13T16:38:02.689112Z", "fetched_at": "2025-07-13T16:39:32.489568+00:00", "symbol": "DOGE-USD"}, {"trade_id": 138833850, "side": "sell", "size": "2000.00000000", "price": "0.20127000", "time": "2025-07-13T16:37:59.682724Z", "fetched_at": "2025-07-13T16:39:32.489568+00:00", "symbol": "DOGE-USD"}, {"trade_id": 138833849, "side": "sell", "size": "5.50000000", "price": "0.20126000", "time": "2025-07-13T16:37:59.666522Z", "fetched_at": "2025-07-13T16:39:32.489568+00:00", "symbol": "DOGE-USD"}, {"trade_id": 138833848, "side": "sell", "size": "5.50000000", "price": "0.20124000", "time": "2025-07-13T16:37:58.344525Z", "fetched_at": "2025-07-13T16:39:32.489568+00:00", "symbol": "DOGE-USD"}, {"trade_id": 138833847, "side": "sell", "size": "2000.00000000", "price": "0.20122000", "time": "2025-07-13T16:37:56.448956Z", "fetched_at": "2025-07-13T16:39:32.489568+00:00", "symbol": "DOGE-USD"}, {"trade_id": 138833846, "side": "sell", "size": "5.50000000", "price": "0.20122000", "time": "2025-07-13T16:37:56.448956Z", "fetched_at": "2025-07-13T16:39:32.489568+00:00", "symbol": "DOGE-USD"}, {"trade_id": 138833845, "side": "sell", "size": "37.30000000", "price": "0.20121000", "time": "2025-07-13T16:37:56.448956Z", "fetched_at": "2025-07-13T16:39:32.489568+00:00", "symbol": "DOGE-USD"}, {"trade_id": 138833844, "side": "buy", "size": "334.20000000", "price": "0.20119000", "time": "2025-07-13T16:37:52.747376Z", "fetched_at": "2025-07-13T16:39:32.489568+00:00", "symbol": "DOGE-USD"}, {"trade_id": 138833843, "side": "buy", "size": "1380.10000000", "price": "0.20119000", "time": "2025-07-13T16:37:51.006696Z", "fetched_at": "2025-07-13T16:39:32.489568+00:00", "symbol": "DOGE-USD"}, {"trade_id": 138833842, "side": "buy", "size": "400.30000000", "price": "0.20118000", "time": "2025-07-13T16:37:50.541095Z", "fetched_at": "2025-07-13T16:39:32.489568+00:00", "symbol": "DOGE-USD"}, {"trade_id": 138833841, "side": "buy", "size": "334.20000000", "price": "0.20118000", "time": "2025-07-13T16:37:50.541095Z", "fetched_at": "2025-07-13T16:39:32.489568+00:00", "symbol": "DOGE-USD"}, {"trade_id": 138833840, "side": "buy", "size": "1254.00000000", "price": "0.20119000", "time": "2025-07-13T16:37:50.498497Z", "fetched_at": "2025-07-13T16:39:32.489568+00:00", "symbol": "DOGE-USD"}, {"trade_id": 138833839, "side": "buy", "size": "1338.80000000", "price": "0.20119000", "time": "2025-07-13T16:37:48.997981Z", "fetched_at": "2025-07-13T16:39:32.489568+00:00", "symbol": "DOGE-USD"}, {"trade_id": 138833838, "side": "buy", "size": "386.10000000", "price": "0.20120000", "time": "2025-07-13T16:37:48.404963Z", "fetched_at": "2025-07-13T16:39:32.489568+00:00", "symbol": "DOGE-USD"}, {"trade_id": 138833837, "side": "buy", "size": "998.40000000", "price": "0.20119000", "time": "2025-07-13T16:37:46.580072Z", "fetched_at": "2025-07-13T16:39:32.489568+00:00", "symbol": "DOGE-USD"}, {"trade_id": 138833836, "side": "buy", "size": "257.40000000", "price": "0.20120000", "time": "2025-07-13T16:37:46.580072Z", "fetched_at": "2025-07-13T16:39:32.489568+00:00", "symbol": "DOGE-USD"}, {"trade_id": 138833835, "side": "buy", "size": "257.40000000", "price": "0.20120000", "time": "2025-07-13T16:37:46.202322Z", "fetched_at": "2025-07-13T16:39:32.489568+00:00", "symbol": "DOGE-USD"}, {"trade_id": 138833834, "side": "buy", "size": "1432.60000000", "price": "0.20120000", "time": "2025-07-13T16:37:44.367341Z", "fetched_at": "2025-07-13T16:39:32.489568+00:00", "symbol": "DOGE-USD"}, {"trade_id": 138833833, "side": "sell", "size": "2000.00000000", "price": "0.20120000", "time": "2025-07-13T16:37:42.111262Z", "fetched_at": "2025-07-13T16:39:32.489568+00:00", "symbol": "DOGE-USD"}, {"trade_id": 138833832, "side": "sell", "size": "5.50000000", "price": "0.20120000", "time": "2025-07-13T16:37:42.111262Z", "fetched_at": "2025-07-13T16:39:32.489568+00:00", "symbol": "DOGE-USD"}, {"trade_id": 138833831, "side": "sell", "size": "51.00000000", "price": "0.20118000", "time": "2025-07-13T16:37:41.291855Z", "fetched_at": "2025-07-13T16:39:32.489568+00:00", "symbol": "DOGE-USD"}, {"trade_id": 138833830, "side": "sell", "size": "5.50000000", "price": "0.20118000", "time": "2025-07-13T16:37:41.291855Z", "fetched_at": "2025-07-13T16:39:32.489568+00:00", "symbol": "DOGE-USD"}, {"trade_id": 138833829, "side": "sell", "size": "5.50000000", "price": "0.20116000", "time": "2025-07-13T16:37:41.291855Z", "fetched_at": "2025-07-13T16:39:32.489568+00:00", "symbol": "DOGE-USD"}, {"trade_id": 138833828, "side": "buy", "size": "120.20000000", "price": "0.20115000", "time": "2025-07-13T16:37:40.948738Z", "fetched_at": "2025-07-13T16:39:32.489568+00:00", "symbol": "DOGE-USD"}, {"trade_id": 138833827, "side": "sell", "size": "5.50000000", "price": "0.20114000", "time": "2025-07-13T16:37:40.305616Z", "fetched_at": "2025-07-13T16:39:32.489568+00:00", "symbol": "DOGE-USD"}, {"trade_id": 138833826, "side": "sell", "size": "5.50000000", "price": "0.20112000", "time": "2025-07-13T16:37:40.199398Z", "fetched_at": "2025-07-13T16:39:32.489568+00:00", "symbol": "DOGE-USD"}, {"trade_id": 138833825, "side": "sell", "size": "5.50000000", "price": "0.20110000", "time": "2025-07-13T16:37:39.002076Z", "fetched_at": "2025-07-13T16:39:32.489568+00:00", "symbol": "DOGE-USD"}, {"trade_id": 138833824, "side": "sell", "size": "5.50000000", "price": "0.20108000", "time": "2025-07-13T16:37:38.610393Z", "fetched_at": "2025-07-13T16:39:32.489568+00:00", "symbol": "DOGE-USD"}, {"trade_id": 138833823, "side": "buy", "size": "239.90000000", "price": "0.20107000", "time": "2025-07-13T16:37:37.382088Z", "fetched_at": "2025-07-13T16:39:32.489568+00:00", "symbol": "DOGE-USD"}, {"trade_id": 138833822, "side": "buy", "size": "17.50000000", "price": "0.20107000", "time": "2025-07-13T16:37:37.055290Z", "fetched_at": "2025-07-13T16:39:32.489568+00:00", "symbol": "DOGE-USD"}, {"trade_id": 138833821, "side": "buy", "size": "400.30000000", "price": "0.20107000", "time": "2025-07-13T16:37:34.239151Z", "fetched_at": "2025-07-13T16:39:32.489568+00:00", "symbol": "DOGE-USD"}, {"trade_id": 138833820, "side": "buy", "size": "334.20000000", "price": "0.20107000", "time": "2025-07-13T16:37:34.239151Z", "fetched_at": "2025-07-13T16:39:32.489568+00:00", "symbol": "DOGE-USD"}, {"trade_id": 138833819, "side": "buy", "size": "257.40000000", "price": "0.20107000", "time": "2025-07-13T16:37:33.922795Z", "fetched_at": "2025-07-13T16:39:32.489568+00:00", "symbol": "DOGE-USD"}, {"trade_id": 138833818, "side": "buy", "size": "257.40000000", "price": "0.20106000", "time": "2025-07-13T16:37:33.795401Z", "fetched_at": "2025-07-13T16:39:32.489568+00:00", "symbol": "DOGE-USD"}, {"trade_id": 138833817, "side": "buy", "size": "257.40000000", "price": "0.20106000", "time": "2025-07-13T16:37:33.768767Z", "fetched_at": "2025-07-13T16:39:32.489568+00:00", "symbol": "DOGE-USD"}, {"trade_id": 138833816, "side": "buy", "size": "257.40000000", "price": "0.20107000", "time": "2025-07-13T16:37:33.398517Z", "fetched_at": "2025-07-13T16:39:32.489568+00:00", "symbol": "DOGE-USD"}, {"trade_id": 138833815, "side": "buy", "size": "183.00000000", "price": "0.20107000", "time": "2025-07-13T16:37:33.398517Z", "fetched_at": "2025-07-13T16:39:32.489568+00:00", "symbol": "DOGE-USD"}, {"trade_id": 138833814, "side": "sell", "size": "19138.20000000", "price": "0.20106000", "time": "2025-07-13T16:37:33.289182Z", "fetched_at": "2025-07-13T16:39:32.489568+00:00", "symbol": "DOGE-USD"}, {"trade_id": 138833813, "side": "sell", "size": "458.50000000", "price": "0.20106000", "time": "2025-07-13T16:37:33.281363Z", "fetched_at": "2025-07-13T16:39:32.489568+00:00", "symbol": "DOGE-USD"}, {"trade_id": 138833812, "side": "sell", "size": "55.50000000", "price": "0.20105000", "time": "2025-07-13T16:37:33.281363Z", "fetched_at": "2025-07-13T16:39:32.489568+00:00", "symbol": "DOGE-USD"}, {"trade_id": 138833811, "side": "sell", "size": "5.50000000", "price": "0.20104000", "time": "2025-07-13T16:37:33.281363Z", "fetched_at": "2025-07-13T16:39:32.489568+00:00", "symbol": "DOGE-USD"}, {"trade_id": 138833810, "side": "sell", "size": "5.50000000", "price": "0.20102000", "time": "2025-07-13T16:37:32.086258Z", "fetched_at": "2025-07-13T16:39:32.489568+00:00", "symbol": "DOGE-USD"}, {"trade_id": 138833809, "side": "buy", "size": "257.40000000", "price": "0.20101000", "time": "2025-07-13T16:37:31.700196Z", "fetched_at": "2025-07-13T16:39:32.489568+00:00", "symbol": "DOGE-USD"}, {"trade_id": 138833808, "side": "buy", "size": "257.40000000", "price": "0.20101000", "time": "2025-07-13T16:37:31.525735Z", "fetched_at": "2025-07-13T16:39:32.489568+00:00", "symbol": "DOGE-USD"}, {"trade_id": 138833807, "side": "buy", "size": "400.30000000", "price": "0.20101000", "time": "2025-07-13T16:37:31.525735Z", "fetched_at": "2025-07-13T16:39:32.489568+00:00", "symbol": "DOGE-USD"}, {"trade_id": 138833806, "side": "buy", "size": "400.30000000", "price": "0.20101000", "time": "2025-07-13T16:37:31.304896Z", "fetched_at": "2025-07-13T16:39:32.489568+00:00", "symbol": "DOGE-USD"}, {"trade_id": 138833805, "side": "sell", "size": "5.50000000", "price": "0.20100000", "time": "2025-07-13T16:37:31.300583Z", "fetched_at": "2025-07-13T16:39:32.489568+00:00", "symbol": "DOGE-USD"}, {"trade_id": 138833804, "side": "sell", "size": "5.50000000", "price": "0.20098000", "time": "2025-07-13T16:37:31.296753Z", "fetched_at": "2025-07-13T16:39:32.489568+00:00", "symbol": "DOGE-USD"}, {"trade_id": 138833803, "side": "sell", "size": "19654.40000000", "price": "0.20098000", "time": "2025-07-13T16:37:31.296753Z", "fetched_at": "2025-07-13T16:39:32.489568+00:00", "symbol": "DOGE-USD"}, {"trade_id": 138833802, "side": "sell", "size": "55.50000000", "price": "0.20097000", "time": "2025-07-13T16:37:31.296753Z", "fetched_at": "2025-07-13T16:39:32.489568+00:00", "symbol": "DOGE-USD"}, {"trade_id": 138833801, "side": "sell", "size": "183.00000000", "price": "0.20090000", "time": "2025-07-13T16:37:30.274447Z", "fetched_at": "2025-07-13T16:39:32.489568+00:00", "symbol": "DOGE-USD"}, {"trade_id": 138833800, "side": "buy", "size": "5.50000000", "price": "0.20090000", "time": "2025-07-13T16:37:30.122872Z", "fetched_at": "2025-07-13T16:39:32.489568+00:00", "symbol": "DOGE-USD"}, {"trade_id": 138833799, "side": "buy", "size": "5.50000000", "price": "0.20092000", "time": "2025-07-13T16:37:28.556122Z", "fetched_at": "2025-07-13T16:39:32.489568+00:00", "symbol": "DOGE-USD"}, {"trade_id": 138833798, "side": "buy", "size": "5.50000000", "price": "0.20094000", "time": "2025-07-13T16:37:26.376124Z", "fetched_at": "2025-07-13T16:39:32.489568+00:00", "symbol": "DOGE-USD"}, {"trade_id": 138833797, "side": "buy", "size": "5.50000000", "price": "0.20096000", "time": "2025-07-13T16:37:26.363947Z", "fetched_at": "2025-07-13T16:39:32.489568+00:00", "symbol": "DOGE-USD"}, {"trade_id": 138833796, "side": "sell", "size": "2985.20000000", "price": "0.20098000", "time": "2025-07-13T16:37:23.745759Z", "fetched_at": "2025-07-13T16:39:32.489568+00:00", "symbol": "DOGE-USD"}, {"trade_id": 138833795, "side": "buy", "size": "5.50000000", "price": "0.20100000", "time": "2025-07-13T16:37:23.399590Z", "fetched_at": "2025-07-13T16:39:32.489568+00:00", "symbol": "DOGE-USD"}, {"trade_id": 138833794, "side": "buy", "size": "10535.20000000", "price": "0.20102000", "time": "2025-07-13T16:37:22.729944Z", "fetched_at": "2025-07-13T16:39:32.489568+00:00", "symbol": "DOGE-USD"}, {"trade_id": 138833793, "side": "buy", "size": "7163.50000000", "price": "0.20102000", "time": "2025-07-13T16:37:22.721541Z", "fetched_at": "2025-07-13T16:39:32.489568+00:00", "symbol": "DOGE-USD"}, {"trade_id": 138833792, "side": "buy", "size": "5.50000000", "price": "0.20102000", "time": "2025-07-13T16:37:22.721541Z", "fetched_at": "2025-07-13T16:39:32.489568+00:00", "symbol": "DOGE-USD"}, {"trade_id": 138833791, "side": "buy", "size": "11419.30000000", "price": "0.20105000", "time": "2025-07-13T16:37:22.690521Z", "fetched_at": "2025-07-13T16:39:32.489568+00:00", "symbol": "DOGE-USD"}, {"trade_id": 138833790, "side": "buy", "size": "24148.30000000", "price": "0.20105000", "time": "2025-07-13T16:37:22.686516Z", "fetched_at": "2025-07-13T16:39:32.489568+00:00", "symbol": "DOGE-USD"}, {"trade_id": 138833789, "side": "buy", "size": "3840.90000000", "price": "0.20105000", "time": "2025-07-13T16:37:22.685533Z", "fetched_at": "2025-07-13T16:39:32.489568+00:00", "symbol": "DOGE-USD"}, {"trade_id": 138833788, "side": "buy", "size": "1243.00000000", "price": "0.20107000", "time": "2025-07-13T16:37:22.442129Z", "fetched_at": "2025-07-13T16:39:32.489568+00:00", "symbol": "DOGE-USD"}, {"trade_id": 138833787, "side": "buy", "size": "400.30000000", "price": "0.20107000", "time": "2025-07-13T16:37:22.442129Z", "fetched_at": "2025-07-13T16:39:32.489568+00:00", "symbol": "DOGE-USD"}, {"trade_id": 138833786, "side": "buy", "size": "334.20000000", "price": "0.20107000", "time": "2025-07-13T16:37:22.442129Z", "fetched_at": "2025-07-13T16:39:32.489568+00:00", "symbol": "DOGE-USD"}, {"trade_id": 138833785, "side": "sell", "size": "5.50000000", "price": "0.20106000", "time": "2025-07-13T16:37:20.866397Z", "fetched_at": "2025-07-13T16:39:32.489568+00:00", "symbol": "DOGE-USD"}, {"trade_id": 138833784, "side": "buy", "size": "257.40000000", "price": "0.20105000", "time": "2025-07-13T16:37:20.415580Z", "fetched_at": "2025-07-13T16:39:32.489568+00:00", "symbol": "DOGE-USD"}, {"trade_id": 138833783, "side": "buy", "size": "257.40000000", "price": "0.20105000", "time": "2025-07-13T16:37:20.345162Z", "fetched_at": "2025-07-13T16:39:32.489568+00:00", "symbol": "DOGE-USD"}, {"trade_id": 138833782, "side": "buy", "size": "334.20000000", "price": "0.20105000", "time": "2025-07-13T16:37:20.345162Z", "fetched_at": "2025-07-13T16:39:32.489568+00:00", "symbol": "DOGE-USD"}, {"trade_id": 138833781, "side": "buy", "size": "400.30000000", "price": "0.20105000", "time": "2025-07-13T16:37:20.345162Z", "fetched_at": "2025-07-13T16:39:32.489568+00:00", "symbol": "DOGE-USD"}, {"trade_id": 138833780, "side": "buy", "size": "1338.00000000", "price": "0.20104000", "time": "2025-07-13T16:37:20.334716Z", "fetched_at": "2025-07-13T16:39:32.489568+00:00", "symbol": "DOGE-USD"}, {"trade_id": 138833779, "side": "buy", "size": "1166.40000000", "price": "0.20104000", "time": "2025-07-13T16:37:20.324108Z", "fetched_at": "2025-07-13T16:39:32.489568+00:00", "symbol": "DOGE-USD"}, {"trade_id": 138833778, "side": "buy", "size": "262.00000000", "price": "0.20105000", "time": "2025-07-13T16:37:20.313155Z", "fetched_at": "2025-07-13T16:39:32.489568+00:00", "symbol": "DOGE-USD"}, {"trade_id": 138833777, "side": "buy", "size": "257.40000000", "price": "0.20105000", "time": "2025-07-13T16:37:20.313155Z", "fetched_at": "2025-07-13T16:39:32.489568+00:00", "symbol": "DOGE-USD"}, {"trade_id": 138833776, "side": "buy", "size": "257.40000000", "price": "0.20105000", "time": "2025-07-13T16:37:20.149584Z", "fetched_at": "2025-07-13T16:39:32.489568+00:00", "symbol": "DOGE-USD"}, {"trade_id": 138833775, "side": "buy", "size": "183.00000000", "price": "0.20104000", "time": "2025-07-13T16:37:20.095497Z", "fetched_at": "2025-07-13T16:39:32.489568+00:00", "symbol": "DOGE-USD"}, {"trade_id": 138833774, "side": "buy", "size": "393.00000000", "price": "0.20104000", "time": "2025-07-13T16:37:20.095497Z", "fetched_at": "2025-07-13T16:39:32.489568+00:00", "symbol": "DOGE-USD"}, {"trade_id": 138833773, "side": "sell", "size": "3750.00000000", "price": "0.20104000", "time": "2025-07-13T16:37:20.090859Z", "fetched_at": "2025-07-13T16:39:32.489568+00:00", "symbol": "DOGE-USD"}, {"trade_id": 138833772, "side": "sell", "size": "6000.00000000", "price": "0.20104000", "time": "2025-07-13T16:37:20.090859Z", "fetched_at": "2025-07-13T16:39:32.489568+00:00", "symbol": "DOGE-USD"}, {"trade_id": 138833771, "side": "sell", "size": "4737.90000000", "price": "0.20103000", "time": "2025-07-13T16:37:20.087654Z", "fetched_at": "2025-07-13T16:39:32.489568+00:00", "symbol": "DOGE-USD"}, {"trade_id": 138833770, "side": "buy", "size": "183.00000000", "price": "0.20102000", "time": "2025-07-13T16:37:20.080083Z", "fetched_at": "2025-07-13T16:39:32.489568+00:00", "symbol": "DOGE-USD"}, {"trade_id": 138833769, "side": "sell", "size": "2874.40000000", "price": "0.20102000", "time": "2025-07-13T16:37:20.072880Z", "fetched_at": "2025-07-13T16:39:32.489568+00:00", "symbol": "DOGE-USD"}, {"trade_id": 138833768, "side": "sell", "size": "51.60000000", "price": "0.20101000", "time": "2025-07-13T16:37:20.072880Z", "fetched_at": "2025-07-13T16:39:32.489568+00:00", "symbol": "DOGE-USD"}, {"trade_id": 138833767, "side": "sell", "size": "2985.50000000", "price": "0.20101000", "time": "2025-07-13T16:37:19.843663Z", "fetched_at": "2025-07-13T16:39:32.489568+00:00", "symbol": "DOGE-USD"}, {"trade_id": 138833766, "side": "sell", "size": "52.80000000", "price": "0.20100000", "time": "2025-07-13T16:37:19.843663Z", "fetched_at": "2025-07-13T16:39:32.489568+00:00", "symbol": "DOGE-USD"}, {"trade_id": 138833765, "side": "buy", "size": "1186.60000000", "price": "0.20100000", "time": "2025-07-13T16:37:19.582229Z", "fetched_at": "2025-07-13T16:39:32.489568+00:00", "symbol": "DOGE-USD"}, {"trade_id": 138833764, "side": "buy", "size": "1309.60000000", "price": "0.20100000", "time": "2025-07-13T16:37:19.089550Z", "fetched_at": "2025-07-13T16:39:32.489568+00:00", "symbol": "DOGE-USD"}, {"trade_id": 138833763, "side": "buy", "size": "257.40000000", "price": "0.20100000", "time": "2025-07-13T16:37:19.089550Z", "fetched_at": "2025-07-13T16:39:32.489568+00:00", "symbol": "DOGE-USD"}, {"trade_id": 138833762, "side": "buy", "size": "1203.80000000", "price": "0.20100000", "time": "2025-07-13T16:37:17.825741Z", "fetched_at": "2025-07-13T16:39:32.489568+00:00", "symbol": "DOGE-USD"}, {"trade_id": 138833761, "side": "buy", "size": "257.40000000", "price": "0.20100000", "time": "2025-07-13T16:37:17.096692Z", "fetched_at": "2025-07-13T16:39:32.489568+00:00", "symbol": "DOGE-USD"}, {"trade_id": 138833760, "side": "buy", "size": "257.40000000", "price": "0.20100000", "time": "2025-07-13T16:37:17.045901Z", "fetched_at": "2025-07-13T16:39:32.489568+00:00", "symbol": "DOGE-USD"}, {"trade_id": 138833759, "side": "buy", "size": "334.20000000", "price": "0.20100000", "time": "2025-07-13T16:37:17.032624Z", "fetched_at": "2025-07-13T16:39:32.489568+00:00", "symbol": "DOGE-USD"}, {"trade_id": 138833758, "side": "buy", "size": "257.40000000", "price": "0.20100000", "time": "2025-07-13T16:37:16.926571Z", "fetched_at": "2025-07-13T16:39:32.489568+00:00", "symbol": "DOGE-USD"}, {"trade_id": 138833757, "side": "buy", "size": "257.40000000", "price": "0.20100000", "time": "2025-07-13T16:37:16.794347Z", "fetched_at": "2025-07-13T16:39:32.489568+00:00", "symbol": "DOGE-USD"}, {"trade_id": 138833756, "side": "buy", "size": "257.40000000", "price": "0.20100000", "time": "2025-07-13T16:37:16.604695Z", "fetched_at": "2025-07-13T16:39:32.489568+00:00", "symbol": "DOGE-USD"}, {"trade_id": 138833755, "side": "buy", "size": "1191.10000000", "price": "0.20100000", "time": "2025-07-13T16:37:16.157522Z", "fetched_at": "2025-07-13T16:39:32.489568+00:00", "symbol": "DOGE-USD"}, {"trade_id": 138833754, "side": "buy", "size": "257.40000000", "price": "0.20100000", "time": "2025-07-13T16:37:16.157522Z", "fetched_at": "2025-07-13T16:39:32.489568+00:00", "symbol": "DOGE-USD"}, {"trade_id": 138833753, "side": "buy", "size": "257.40000000", "price": "0.20101000", "time": "2025-07-13T16:37:15.922648Z", "fetched_at": "2025-07-13T16:39:32.489568+00:00", "symbol": "DOGE-USD"}, {"trade_id": 138833752, "side": "buy", "size": "334.20000000", "price": "0.20100000", "time": "2025-07-13T16:37:15.629153Z", "fetched_at": "2025-07-13T16:39:32.489568+00:00", "symbol": "DOGE-USD"}, {"trade_id": 138833751, "side": "buy", "size": "400.30000000", "price": "0.20100000", "time": "2025-07-13T16:37:15.629153Z", "fetched_at": "2025-07-13T16:39:32.489568+00:00", "symbol": "DOGE-USD"}, {"trade_id": 138833750, "side": "buy", "size": "257.40000000", "price": "0.20100000", "time": "2025-07-13T16:37:15.629153Z", "fetched_at": "2025-07-13T16:39:32.489568+00:00", "symbol": "DOGE-USD"}, {"trade_id": 138833749, "side": "buy", "size": "257.40000000", "price": "0.20103000", "time": "2025-07-13T16:37:15.287489Z", "fetched_at": "2025-07-13T16:39:32.489568+00:00", "symbol": "DOGE-USD"}, {"trade_id": 138833748, "side": "buy", "size": "400.30000000", "price": "0.20101000", "time": "2025-07-13T16:37:15.226882Z", "fetched_at": "2025-07-13T16:39:32.489568+00:00", "symbol": "DOGE-USD"}, {"trade_id": 138833747, "side": "sell", "size": "5246.40000000", "price": "0.20101000", "time": "2025-07-13T16:37:15.219306Z", "fetched_at": "2025-07-13T16:39:32.489568+00:00", "symbol": "DOGE-USD"}, {"trade_id": 138833746, "side": "buy", "size": "116.90000000", "price": "0.20099000", "time": "2025-07-13T16:37:15.216248Z", "fetched_at": "2025-07-13T16:39:32.489568+00:00", "symbol": "DOGE-USD"}, {"trade_id": 138833745, "side": "buy", "size": "400.30000000", "price": "0.20099000", "time": "2025-07-13T16:37:15.216248Z", "fetched_at": "2025-07-13T16:39:32.489568+00:00", "symbol": "DOGE-USD"}, {"trade_id": 138833744, "side": "buy", "size": "183.00000000", "price": "0.20100000", "time": "2025-07-13T16:37:15.216248Z", "fetched_at": "2025-07-13T16:39:32.489568+00:00", "symbol": "DOGE-USD"}, {"trade_id": 138833743, "side": "buy", "size": "400.30000000", "price": "0.20100000", "time": "2025-07-13T16:37:15.216248Z", "fetched_at": "2025-07-13T16:39:32.489568+00:00", "symbol": "DOGE-USD"}, {"trade_id": 138833742, "side": "buy", "size": "257.40000000", "price": "0.20100000", "time": "2025-07-13T16:37:15.216248Z", "fetched_at": "2025-07-13T16:39:32.489568+00:00", "symbol": "DOGE-USD"}, {"trade_id": 138833741, "side": "sell", "size": "3147.80000000", "price": "0.20100000", "time": "2025-07-13T16:37:15.210224Z", "fetched_at": "2025-07-13T16:39:32.489568+00:00", "symbol": "DOGE-USD"}, {"trade_id": 138833740, "side": "sell", "size": "1828.50000000", "price": "0.20099000", "time": "2025-07-13T16:37:15.208885Z", "fetched_at": "2025-07-13T16:39:32.489568+00:00", "symbol": "DOGE-USD"}, {"trade_id": 138833739, "side": "sell", "size": "2500.00000000", "price": "0.20099000", "time": "2025-07-13T16:37:15.208885Z", "fetched_at": "2025-07-13T16:39:32.489568+00:00", "symbol": "DOGE-USD"}, {"trade_id": 138833738, "side": "sell", "size": "5000.00000000", "price": "0.20099000", "time": "2025-07-13T16:37:15.208885Z", "fetched_at": "2025-07-13T16:39:32.489568+00:00", "symbol": "DOGE-USD"}, {"trade_id": 138833737, "side": "sell", "size": "2500.00000000", "price": "0.20099000", "time": "2025-07-13T16:37:15.208885Z", "fetched_at": "2025-07-13T16:39:32.489568+00:00", "symbol": "DOGE-USD"}, {"trade_id": 138833736, "side": "buy", "size": "142.90000000", "price": "0.20096000", "time": "2025-07-13T16:37:15.206121Z", "fetched_at": "2025-07-13T16:39:32.489568+00:00", "symbol": "DOGE-USD"}, {"trade_id": 138833735, "side": "buy", "size": "257.40000000", "price": "0.20097000", "time": "2025-07-13T16:37:15.206121Z", "fetched_at": "2025-07-13T16:39:32.489568+00:00", "symbol": "DOGE-USD"}, {"trade_id": 138833734, "side": "sell", "size": "6742.50000000", "price": "0.20098000", "time": "2025-07-13T16:37:15.202283Z", "fetched_at": "2025-07-13T16:39:32.489568+00:00", "symbol": "DOGE-USD"}, {"trade_id": 138833733, "side": "sell", "size": "5379.10000000", "price": "0.20098000", "time": "2025-07-13T16:37:15.202283Z", "fetched_at": "2025-07-13T16:39:32.489568+00:00", "symbol": "DOGE-USD"}, {"trade_id": 138833732, "side": "sell", "size": "2626.70000000", "price": "0.20098000", "time": "2025-07-13T16:37:15.202283Z", "fetched_at": "2025-07-13T16:39:32.489568+00:00", "symbol": "DOGE-USD"}, {"trade_id": 138833731, "side": "sell", "size": "769.50000000", "price": "0.20097000", "time": "2025-07-13T16:37:15.201106Z", "fetched_at": "2025-07-13T16:39:32.489568+00:00", "symbol": "DOGE-USD"}, {"trade_id": 138833730, "side": "sell", "size": "54.40000000", "price": "0.20096000", "time": "2025-07-13T16:37:15.201106Z", "fetched_at": "2025-07-13T16:39:32.489568+00:00", "symbol": "DOGE-USD"}, {"trade_id": 138833729, "side": "sell", "size": "769.50000000", "price": "0.20095000", "time": "2025-07-13T16:37:15.201106Z", "fetched_at": "2025-07-13T16:39:32.489568+00:00", "symbol": "DOGE-USD"}, {"trade_id": 138833728, "side": "buy", "size": "257.40000000", "price": "0.20094000", "time": "2025-07-13T16:37:15.171583Z", "fetched_at": "2025-07-13T16:39:32.489568+00:00", "symbol": "DOGE-USD"}, {"trade_id": 138833727, "side": "buy", "size": "257.40000000", "price": "0.20094000", "time": "2025-07-13T16:37:15.159528Z", "fetched_at": "2025-07-13T16:39:32.489568+00:00", "symbol": "DOGE-USD"}, {"trade_id": 138833726, "side": "buy", "size": "1422.60000000", "price": "0.20093000", "time": "2025-07-13T16:37:15.143114Z", "fetched_at": "2025-07-13T16:39:32.489568+00:00", "symbol": "DOGE-USD"}, {"trade_id": 138833725, "side": "buy", "size": "257.40000000", "price": "0.20094000", "time": "2025-07-13T16:37:15.099176Z", "fetched_at": "2025-07-13T16:39:32.489568+00:00", "symbol": "DOGE-USD"}, {"trade_id": 138833724, "side": "buy", "size": "400.30000000", "price": "0.20092000", "time": "2025-07-13T16:37:15.049359Z", "fetched_at": "2025-07-13T16:39:32.489568+00:00", "symbol": "DOGE-USD"}, {"trade_id": 138833723, "side": "buy", "size": "334.20000000", "price": "0.20092000", "time": "2025-07-13T16:37:15.049359Z", "fetched_at": "2025-07-13T16:39:32.489568+00:00", "symbol": "DOGE-USD"}, {"trade_id": 138833722, "side": "buy", "size": "257.40000000", "price": "0.20092000", "time": "2025-07-13T16:37:15.038221Z", "fetched_at": "2025-07-13T16:39:32.489568+00:00", "symbol": "DOGE-USD"}, {"trade_id": 138833721, "side": "buy", "size": "1429.30000000", "price": "0.20092000", "time": "2025-07-13T16:37:15.020302Z", "fetched_at": "2025-07-13T16:39:32.489568+00:00", "symbol": "DOGE-USD"}, {"trade_id": 138833720, "side": "buy", "size": "785.00000000", "price": "0.20093000", "time": "2025-07-13T16:37:14.936045Z", "fetched_at": "2025-07-13T16:39:32.489568+00:00", "symbol": "DOGE-USD"}, {"trade_id": 138833719, "side": "buy", "size": "257.40000000", "price": "0.20093000", "time": "2025-07-13T16:37:14.844834Z", "fetched_at": "2025-07-13T16:39:32.489568+00:00", "symbol": "DOGE-USD"}, {"trade_id": 138833718, "side": "buy", "size": "1306.00000000", "price": "0.20093000", "time": "2025-07-13T16:37:14.834081Z", "fetched_at": "2025-07-13T16:39:32.489568+00:00", "symbol": "DOGE-USD"}, {"trade_id": 138833717, "side": "buy", "size": "257.40000000", "price": "0.20094000", "time": "2025-07-13T16:37:14.823135Z", "fetched_at": "2025-07-13T16:39:32.489568+00:00", "symbol": "DOGE-USD"}, {"trade_id": 138833716, "side": "buy", "size": "257.40000000", "price": "0.20095000", "time": "2025-07-13T16:37:14.806926Z", "fetched_at": "2025-07-13T16:39:32.489568+00:00", "symbol": "DOGE-USD"}, {"trade_id": 138833715, "side": "buy", "size": "257.40000000", "price": "0.20095000", "time": "2025-07-13T16:37:14.787541Z", "fetched_at": "2025-07-13T16:39:32.489568+00:00", "symbol": "DOGE-USD"}, {"trade_id": 138833714, "side": "buy", "size": "257.40000000", "price": "0.20094000", "time": "2025-07-13T16:37:14.775703Z", "fetched_at": "2025-07-13T16:39:32.489568+00:00", "symbol": "DOGE-USD"}, {"trade_id": 138833713, "side": "buy", "size": "963.00000000", "price": "0.20094000", "time": "2025-07-13T16:37:14.763629Z", "fetched_at": "2025-07-13T16:39:32.489568+00:00", "symbol": "DOGE-USD"}, {"trade_id": 138833712, "side": "buy", "size": "257.40000000", "price": "0.20095000", "time": "2025-07-13T16:37:14.763629Z", "fetched_at": "2025-07-13T16:39:32.489568+00:00", "symbol": "DOGE-USD"}, {"trade_id": 138833711, "side": "sell", "size": "769.50000000", "price": "0.20094000", "time": "2025-07-13T16:37:14.756825Z", "fetched_at": "2025-07-13T16:39:32.489568+00:00", "symbol": "DOGE-USD"}, {"trade_id": 138833710, "side": "buy", "size": "257.40000000", "price": "0.20094000", "time": "2025-07-13T16:37:14.732669Z", "fetched_at": "2025-07-13T16:39:32.489568+00:00", "symbol": "DOGE-USD"}, {"trade_id": 138833709, "side": "buy", "size": "257.40000000", "price": "0.20095000", "time": "2025-07-13T16:37:14.640862Z", "fetched_at": "2025-07-13T16:39:32.489568+00:00", "symbol": "DOGE-USD"}, {"trade_id": 138833708, "side": "buy", "size": "1179.70000000", "price": "0.20094000", "time": "2025-07-13T16:37:14.628302Z", "fetched_at": "2025-07-13T16:39:32.489568+00:00", "symbol": "DOGE-USD"}, {"trade_id": 138833707, "side": "buy", "size": "257.40000000", "price": "0.20096000", "time": "2025-07-13T16:37:14.628302Z", "fetched_at": "2025-07-13T16:39:32.489568+00:00", "symbol": "DOGE-USD"}, {"trade_id": 138833706, "side": "buy", "size": "257.40000000", "price": "0.20098000", "time": "2025-07-13T16:37:14.436661Z", "fetched_at": "2025-07-13T16:39:32.489568+00:00", "symbol": "DOGE-USD"}, {"trade_id": 138833705, "side": "sell", "size": "769.50000000", "price": "0.20097000", "time": "2025-07-13T16:37:14.411780Z", "fetched_at": "2025-07-13T16:39:32.489568+00:00", "symbol": "DOGE-USD"}, {"trade_id": 138833704, "side": "sell", "size": "55.40000000", "price": "0.20097000", "time": "2025-07-13T16:37:14.411780Z", "fetched_at": "2025-07-13T16:39:32.489568+00:00", "symbol": "DOGE-USD"}, {"trade_id": 138833703, "side": "buy", "size": "257.40000000", "price": "0.20097000", "time": "2025-07-13T16:37:14.391279Z", "fetched_at": "2025-07-13T16:39:32.489568+00:00", "symbol": "DOGE-USD"}, {"trade_id": 138833702, "side": "buy", "size": "257.40000000", "price": "0.20098000", "time": "2025-07-13T16:37:14.349493Z", "fetched_at": "2025-07-13T16:39:32.489568+00:00", "symbol": "DOGE-USD"}, {"trade_id": 138833701, "side": "buy", "size": "257.40000000", "price": "0.20097000", "time": "2025-07-13T16:37:14.345002Z", "fetched_at": "2025-07-13T16:39:32.489568+00:00", "symbol": "DOGE-USD"}, {"trade_id": 138833700, "side": "sell", "size": "769.50000000", "price": "0.20098000", "time": "2025-07-13T16:37:14.341868Z", "fetched_at": "2025-07-13T16:39:32.489568+00:00", "symbol": "DOGE-USD"}, {"trade_id": 138833699, "side": "buy", "size": "257.40000000", "price": "0.20098000", "time": "2025-07-13T16:37:14.298191Z", "fetched_at": "2025-07-13T16:39:32.489568+00:00", "symbol": "DOGE-USD"}, {"trade_id": 138833698, "side": "buy", "size": "257.40000000", "price": "0.20099000", "time": "2025-07-13T16:37:14.284608Z", "fetched_at": "2025-07-13T16:39:32.489568+00:00", "symbol": "DOGE-USD"}, {"trade_id": 138833697, "side": "sell", "size": "769.50000000", "price": "0.20099000", "time": "2025-07-13T16:37:14.279374Z", "fetched_at": "2025-07-13T16:39:32.489568+00:00", "symbol": "DOGE-USD"}, {"trade_id": 138833696, "side": "sell", "size": "55.50000000", "price": "0.20097000", "time": "2025-07-13T16:37:14.279374Z", "fetched_at": "2025-07-13T16:39:32.489568+00:00", "symbol": "DOGE-USD"}, {"trade_id": 138833695, "side": "sell", "size": "10000.00000000", "price": "0.20098000", "time": "2025-07-13T16:37:14.273192Z", "fetched_at": "2025-07-13T16:39:32.489568+00:00", "symbol": "DOGE-USD"}, {"trade_id": 138833694, "side": "sell", "size": "4737.90000000", "price": "0.20098000", "time": "2025-07-13T16:37:14.273192Z", "fetched_at": "2025-07-13T16:39:32.489568+00:00", "symbol": "DOGE-USD"}, {"trade_id": 138833693, "side": "sell", "size": "55.50000000", "price": "0.20097000", "time": "2025-07-13T16:37:14.273192Z", "fetched_at": "2025-07-13T16:39:32.489568+00:00", "symbol": "DOGE-USD"}, {"trade_id": 138833692, "side": "buy", "size": "257.40000000", "price": "0.20096000", "time": "2025-07-13T16:37:14.254592Z", "fetched_at": "2025-07-13T16:39:32.489568+00:00", "symbol": "DOGE-USD"}, {"trade_id": 138833691, "side": "buy", "size": "257.40000000", "price": "0.20097000", "time": "2025-07-13T16:37:14.235366Z", "fetched_at": "2025-07-13T16:39:32.489568+00:00", "symbol": "DOGE-USD"}, {"trade_id": 138833690, "side": "buy", "size": "106.00000000", "price": "0.20091000", "time": "2025-07-13T16:37:14.214969Z", "fetched_at": "2025-07-13T16:39:32.489568+00:00", "symbol": "DOGE-USD"}, {"trade_id": 138833689, "side": "buy", "size": "1257.20000000", "price": "0.20093000", "time": "2025-07-13T16:37:14.214969Z", "fetched_at": "2025-07-13T16:39:32.489568+00:00", "symbol": "DOGE-USD"}, {"trade_id": 138833688, "side": "buy", "size": "257.40000000", "price": "0.20095000", "time": "2025-07-13T16:37:14.214969Z", "fetched_at": "2025-07-13T16:39:32.489568+00:00", "symbol": "DOGE-USD"}, {"trade_id": 138833687, "side": "buy", "size": "257.40000000", "price": "0.20098000", "time": "2025-07-13T16:37:14.214969Z", "fetched_at": "2025-07-13T16:39:32.489568+00:00", "symbol": "DOGE-USD"}, {"trade_id": 138833686, "side": "sell", "size": "769.50000000", "price": "0.20096000", "time": "2025-07-13T16:37:14.210164Z", "fetched_at": "2025-07-13T16:39:32.489568+00:00", "symbol": "DOGE-USD"}, {"trade_id": 138833685, "side": "sell", "size": "55.50000000", "price": "0.20096000", "time": "2025-07-13T16:37:14.210164Z", "fetched_at": "2025-07-13T16:39:32.489568+00:00", "symbol": "DOGE-USD"}, {"trade_id": 138833684, "side": "buy", "size": "334.20000000", "price": "0.20097000", "time": "2025-07-13T16:37:14.159298Z", "fetched_at": "2025-07-13T16:39:32.489568+00:00", "symbol": "DOGE-USD"}, {"trade_id": 138833683, "side": "buy", "size": "386.10000000", "price": "0.20096000", "time": "2025-07-13T16:37:14.148916Z", "fetched_at": "2025-07-13T16:39:32.489568+00:00", "symbol": "DOGE-USD"}, {"trade_id": 138833682, "side": "sell", "size": "19598.70000000", "price": "0.20097000", "time": "2025-07-13T16:37:14.145589Z", "fetched_at": "2025-07-13T16:39:32.489568+00:00", "symbol": "DOGE-USD"}, {"trade_id": 138833681, "side": "sell", "size": "769.50000000", "price": "0.20094000", "time": "2025-07-13T16:37:14.144035Z", "fetched_at": "2025-07-13T16:39:32.489568+00:00", "symbol": "DOGE-USD"}, {"trade_id": 138833680, "side": "sell", "size": "33.30000000", "price": "0.20094000", "time": "2025-07-13T16:37:14.144035Z", "fetched_at": "2025-07-13T16:39:32.489568+00:00", "symbol": "DOGE-USD"}, {"trade_id": 138833679, "side": "sell", "size": "769.50000000", "price": "0.20093000", "time": "2025-07-13T16:37:14.131926Z", "fetched_at": "2025-07-13T16:39:32.489568+00:00", "symbol": "DOGE-USD"}, {"trade_id": 138833678, "side": "sell", "size": "33.30000000", "price": "0.20093000", "time": "2025-07-13T16:37:14.131926Z", "fetched_at": "2025-07-13T16:39:32.489568+00:00", "symbol": "DOGE-USD"}, {"trade_id": 138833677, "side": "buy", "size": "257.40000000", "price": "0.20092000", "time": "2025-07-13T16:37:14.098290Z", "fetched_at": "2025-07-13T16:39:32.489568+00:00", "symbol": "DOGE-USD"}, {"trade_id": 138833676, "side": "buy", "size": "257.40000000", "price": "0.20092000", "time": "2025-07-13T16:37:14.087864Z", "fetched_at": "2025-07-13T16:39:32.489568+00:00", "symbol": "DOGE-USD"}, {"trade_id": 138833675, "side": "sell", "size": "2500.00000000", "price": "0.20089000", "time": "2025-07-13T16:37:14.061837Z", "fetched_at": "2025-07-13T16:39:32.489568+00:00", "symbol": "DOGE-USD"}, {"trade_id": 138833674, "side": "sell", "size": "10000.00000000", "price": "0.20089000", "time": "2025-07-13T16:37:14.061837Z", "fetched_at": "2025-07-13T16:39:32.489568+00:00", "symbol": "DOGE-USD"}, {"trade_id": 138833673, "side": "buy", "size": "257.40000000", "price": "0.20089000", "time": "2025-07-13T16:37:14.053291Z", "fetched_at": "2025-07-13T16:39:32.489568+00:00", "symbol": "DOGE-USD"}, {"trade_id": 138833672, "side": "buy", "size": "14.20000000", "price": "0.20090000", "time": "2025-07-13T16:37:14.011791Z", "fetched_at": "2025-07-13T16:39:32.489568+00:00", "symbol": "DOGE-USD"}, {"trade_id": 138833671, "side": "buy", "size": "386.10000000", "price": "0.20095000", "time": "2025-07-13T16:37:14.011791Z", "fetched_at": "2025-07-13T16:39:32.489568+00:00", "symbol": "DOGE-USD"}, {"trade_id": 138833670, "side": "sell", "size": "769.50000000", "price": "0.20093000", "time": "2025-07-13T16:37:14.002962Z", "fetched_at": "2025-07-13T16:39:32.489568+00:00", "symbol": "DOGE-USD"}, {"trade_id": 138833669, "side": "sell", "size": "769.50000000", "price": "0.20091000", "time": "2025-07-13T16:37:14.002962Z", "fetched_at": "2025-07-13T16:39:32.489568+00:00", "symbol": "DOGE-USD"}, {"trade_id": 138833668, "side": "sell", "size": "33.30000000", "price": "0.20090000", "time": "2025-07-13T16:37:14.002962Z", "fetched_at": "2025-07-13T16:39:32.489568+00:00", "symbol": "DOGE-USD"}, {"trade_id": 138833667, "side": "sell", "size": "4920.00000000", "price": "0.20087000", "time": "2025-07-13T16:37:13.993926Z", "fetched_at": "2025-07-13T16:39:32.489568+00:00", "symbol": "DOGE-USD"}, {"trade_id": 138833666, "side": "sell", "size": "68501.20000000", "price": "0.20094000", "time": "2025-07-13T16:37:13.935958Z", "fetched_at": "2025-07-13T16:39:32.489568+00:00", "symbol": "DOGE-USD"}, {"trade_id": 138833665, "side": "sell", "size": "769.50000000", "price": "0.20093000", "time": "2025-07-13T16:37:13.935958Z", "fetched_at": "2025-07-13T16:39:32.489568+00:00", "symbol": "DOGE-USD"}, {"trade_id": 138833664, "side": "sell", "size": "1372.30000000", "price": "0.20091000", "time": "2025-07-13T16:37:13.935958Z", "fetched_at": "2025-07-13T16:39:32.489568+00:00", "symbol": "DOGE-USD"}, {"trade_id": 138833663, "side": "sell", "size": "1828.50000000", "price": "0.20090000", "time": "2025-07-13T16:37:13.935958Z", "fetched_at": "2025-07-13T16:39:32.489568+00:00", "symbol": "DOGE-USD"}, {"trade_id": 138833662, "side": "sell", "size": "1059.00000000", "price": "0.20089000", "time": "2025-07-13T16:37:13.927694Z", "fetched_at": "2025-07-13T16:39:32.489568+00:00", "symbol": "DOGE-USD"}, {"trade_id": 138833661, "side": "sell", "size": "769.50000000", "price": "0.20089000", "time": "2025-07-13T16:37:13.927694Z", "fetched_at": "2025-07-13T16:39:32.489568+00:00", "symbol": "DOGE-USD"}, {"trade_id": 138833660, "side": "sell", "size": "769.50000000", "price": "0.20088000", "time": "2025-07-13T16:37:13.927694Z", "fetched_at": "2025-07-13T16:39:32.489568+00:00", "symbol": "DOGE-USD"}, {"trade_id": 138833659, "side": "sell", "size": "33.30000000", "price": "0.20088000", "time": "2025-07-13T16:37:13.927694Z", "fetched_at": "2025-07-13T16:39:32.489568+00:00", "symbol": "DOGE-USD"}, {"trade_id": 138833658, "side": "buy", "size": "500.20000000", "price": "0.20088000", "time": "2025-07-13T16:37:13.891975Z", "fetched_at": "2025-07-13T16:39:32.489568+00:00", "symbol": "DOGE-USD"}, {"trade_id": 138833657, "side": "buy", "size": "804.90000000", "price": "0.20088000", "time": "2025-07-13T16:37:13.885379Z", "fetched_at": "2025-07-13T16:39:32.489568+00:00", "symbol": "DOGE-USD"}, {"trade_id": 138833656, "side": "buy", "size": "3103.40000000", "price": "0.20074000", "time": "2025-07-13T16:37:13.876460Z", "fetched_at": "2025-07-13T16:39:32.489568+00:00", "symbol": "DOGE-USD"}, {"trade_id": 138833655, "side": "buy", "size": "12708.40000000", "price": "0.20075000", "time": "2025-07-13T16:37:13.876460Z", "fetched_at": "2025-07-13T16:39:32.489568+00:00", "symbol": "DOGE-USD"}, {"trade_id": 138833654, "side": "buy", "size": "769.50000000", "price": "0.20084000", "time": "2025-07-13T16:37:13.876460Z", "fetched_at": "2025-07-13T16:39:32.489568+00:00", "symbol": "DOGE-USD"}, {"trade_id": 138833653, "side": "buy", "size": "1303.90000000", "price": "0.20085000", "time": "2025-07-13T16:37:13.876460Z", "fetched_at": "2025-07-13T16:39:32.489568+00:00", "symbol": "DOGE-USD"}, {"trade_id": 138833652, "side": "buy", "size": "257.40000000", "price": "0.20089000", "time": "2025-07-13T16:37:13.876460Z", "fetched_at": "2025-07-13T16:39:32.489568+00:00", "symbol": "DOGE-USD"}, {"trade_id": 138833651, "side": "buy", "size": "257.40000000", "price": "0.20090000", "time": "2025-07-13T16:37:13.876460Z", "fetched_at": "2025-07-13T16:39:32.489568+00:00", "symbol": "DOGE-USD"}, {"trade_id": 138833650, "side": "buy", "size": "6190.80000000", "price": "0.20074000", "time": "2025-07-13T16:37:13.869510Z", "fetched_at": "2025-07-13T16:39:32.489568+00:00", "symbol": "DOGE-USD"}, {"trade_id": 138833649, "side": "buy", "size": "586.50000000", "price": "0.20082000", "time": "2025-07-13T16:37:13.869510Z", "fetched_at": "2025-07-13T16:39:32.489568+00:00", "symbol": "DOGE-USD"}, {"trade_id": 138833648, "side": "buy", "size": "1238.50000000", "price": "0.20083000", "time": "2025-07-13T16:37:13.869510Z", "fetched_at": "2025-07-13T16:39:32.489568+00:00", "symbol": "DOGE-USD"}, {"trade_id": 138833647, "side": "buy", "size": "334.20000000", "price": "0.20084000", "time": "2025-07-13T16:37:13.869510Z", "fetched_at": "2025-07-13T16:39:32.489568+00:00", "symbol": "DOGE-USD"}, {"trade_id": 138833646, "side": "buy", "size": "183.00000000", "price": "0.20082000", "time": "2025-07-13T16:37:13.861918Z", "fetched_at": "2025-07-13T16:39:32.489568+00:00", "symbol": "DOGE-USD"}, {"trade_id": 138833645, "side": "buy", "size": "183.00000000", "price": "0.20074000", "time": "2025-07-13T16:37:13.836949Z", "fetched_at": "2025-07-13T16:39:32.489568+00:00", "symbol": "DOGE-USD"}, {"trade_id": 138833644, "side": "buy", "size": "8000.00000000", "price": "0.20074000", "time": "2025-07-13T16:37:13.812172Z", "fetched_at": "2025-07-13T16:39:32.489568+00:00", "symbol": "DOGE-USD"}, {"trade_id": 138833643, "side": "buy", "size": "789.70000000", "price": "0.20074000", "time": "2025-07-13T16:37:13.794199Z", "fetched_at": "2025-07-13T16:39:32.489568+00:00", "symbol": "DOGE-USD"}, {"trade_id": 138833642, "side": "buy", "size": "1305.50000000", "price": "0.20074000", "time": "2025-07-13T16:37:13.794140Z", "fetched_at": "2025-07-13T16:39:32.489568+00:00", "symbol": "DOGE-USD"}, {"trade_id": 138833641, "side": "buy", "size": "5.50000000", "price": "0.20076000", "time": "2025-07-13T16:37:13.794140Z", "fetched_at": "2025-07-13T16:39:32.489568+00:00", "symbol": "DOGE-USD"}, {"trade_id": 138833640, "side": "buy", "size": "769.50000000", "price": "0.20077000", "time": "2025-07-13T16:37:13.794140Z", "fetched_at": "2025-07-13T16:39:32.489568+00:00", "symbol": "DOGE-USD"}, {"trade_id": 138833639, "side": "buy", "size": "769.50000000", "price": "0.20082000", "time": "2025-07-13T16:37:13.794140Z", "fetched_at": "2025-07-13T16:39:32.489568+00:00", "symbol": "DOGE-USD"}, {"trade_id": 138833638, "side": "buy", "size": "1437.80000000", "price": "0.20088000", "time": "2025-07-13T16:37:13.793329Z", "fetched_at": "2025-07-13T16:39:32.489568+00:00", "symbol": "DOGE-USD"}, {"trade_id": 138833637, "side": "buy", "size": "1380.40000000", "price": "0.20088000", "time": "2025-07-13T16:37:13.789103Z", "fetched_at": "2025-07-13T16:39:32.489568+00:00", "symbol": "DOGE-USD"}, {"trade_id": 138833636, "side": "buy", "size": "2486.00000000", "price": "0.20088000", "time": "2025-07-13T16:37:13.789056Z", "fetched_at": "2025-07-13T16:39:32.489568+00:00", "symbol": "DOGE-USD"}, {"trade_id": 138833635, "side": "buy", "size": "500.00000000", "price": "0.20080000", "time": "2025-07-13T16:37:13.783608Z", "fetched_at": "2025-07-13T16:39:32.489568+00:00", "symbol": "DOGE-USD"}, {"trade_id": 138833634, "side": "buy", "size": "30511.40000000", "price": "0.20080000", "time": "2025-07-13T16:37:13.783608Z", "fetched_at": "2025-07-13T16:39:32.489568+00:00", "symbol": "DOGE-USD"}, {"trade_id": 138833633, "side": "buy", "size": "5404.80000000", "price": "0.20083000", "time": "2025-07-13T16:37:13.783608Z", "fetched_at": "2025-07-13T16:39:32.489568+00:00", "symbol": "DOGE-USD"}, {"trade_id": 138833632, "side": "buy", "size": "3907.60000000", "price": "0.20088000", "time": "2025-07-13T16:37:13.783608Z", "fetched_at": "2025-07-13T16:39:32.489568+00:00", "symbol": "DOGE-USD"}, {"trade_id": 138833631, "side": "buy", "size": "497.80000000", "price": "0.20088000", "time": "2025-07-13T16:37:13.783608Z", "fetched_at": "2025-07-13T16:39:32.489568+00:00", "symbol": "DOGE-USD"}, {"trade_id": 138833630, "side": "buy", "size": "5246.40000000", "price": "0.20088000", "time": "2025-07-13T16:37:13.783608Z", "fetched_at": "2025-07-13T16:39:32.489568+00:00", "symbol": "DOGE-USD"}, {"trade_id": 138833629, "side": "buy", "size": "3000.00000000", "price": "0.20094000", "time": "2025-07-13T16:37:13.782008Z", "fetched_at": "2025-07-13T16:39:32.489568+00:00", "symbol": "DOGE-USD"}, {"trade_id": 138833628, "side": "buy", "size": "769.50000000", "price": "0.20080000", "time": "2025-07-13T16:37:13.780013Z", "fetched_at": "2025-07-13T16:39:32.489568+00:00", "symbol": "DOGE-USD"}, {"trade_id": 138833627, "side": "buy", "size": "4633.60000000", "price": "0.20080000", "time": "2025-07-13T16:37:13.779923Z", "fetched_at": "2025-07-13T16:39:32.489568+00:00", "symbol": "DOGE-USD"}, {"trade_id": 138833626, "side": "buy", "size": "5.50000000", "price": "0.20080000", "time": "2025-07-13T16:37:13.779923Z", "fetched_at": "2025-07-13T16:39:32.489568+00:00", "symbol": "DOGE-USD"}, {"trade_id": 138833625, "side": "buy", "size": "610.90000000", "price": "0.20086000", "time": "2025-07-13T16:37:13.779923Z", "fetched_at": "2025-07-13T16:39:32.489568+00:00", "symbol": "DOGE-USD"}, {"trade_id": 138833624, "side": "buy", "size": "769.50000000", "price": "0.20086000", "time": "2025-07-13T16:37:13.779528Z", "fetched_at": "2025-07-13T16:39:32.489568+00:00", "symbol": "DOGE-USD"}, {"trade_id": 138833623, "side": "buy", "size": "769.50000000", "price": "0.20086000", "time": "2025-07-13T16:37:13.779078Z", "fetched_at": "2025-07-13T16:39:32.489568+00:00", "symbol": "DOGE-USD"}, {"trade_id": 138833622, "side": "buy", "size": "1500.00000000", "price": "0.20086000", "time": "2025-07-13T16:37:13.778676Z", "fetched_at": "2025-07-13T16:39:32.489568+00:00", "symbol": "DOGE-USD"}, {"trade_id": 138833621, "side": "buy", "size": "3732.60000000", "price": "0.20093000", "time": "2025-07-13T16:37:13.777170Z", "fetched_at": "2025-07-13T16:39:32.489568+00:00", "symbol": "DOGE-USD"}, {"trade_id": 138833620, "side": "buy", "size": "1492.00000000", "price": "0.20094000", "time": "2025-07-13T16:37:13.777170Z", "fetched_at": "2025-07-13T16:39:32.489568+00:00", "symbol": "DOGE-USD"}, {"trade_id": 138833619, "side": "buy", "size": "1274.00000000", "price": "0.20102000", "time": "2025-07-13T16:37:13.774917Z", "fetched_at": "2025-07-13T16:39:32.489568+00:00", "symbol": "DOGE-USD"}, {"trade_id": 138833618, "side": "buy", "size": "5790.90000000", "price": "0.20091000", "time": "2025-07-13T16:37:13.774494Z", "fetched_at": "2025-07-13T16:39:32.489568+00:00", "symbol": "DOGE-USD"}, {"trade_id": 138833617, "side": "buy", "size": "6125.60000000", "price": "0.20093000", "time": "2025-07-13T16:37:13.774494Z", "fetched_at": "2025-07-13T16:39:32.489568+00:00", "symbol": "DOGE-USD"}, {"trade_id": 138833616, "side": "buy", "size": "769.50000000", "price": "0.20106000", "time": "2025-07-13T16:37:13.773700Z", "fetched_at": "2025-07-13T16:39:32.489568+00:00", "symbol": "DOGE-USD"}, {"trade_id": 138833615, "side": "buy", "size": "1192.50000000", "price": "0.20107000", "time": "2025-07-13T16:37:13.773700Z", "fetched_at": "2025-07-13T16:39:32.489568+00:00", "symbol": "DOGE-USD"}, {"trade_id": 138833614, "side": "buy", "size": "26224.60000000", "price": "0.20080000", "time": "2025-07-13T16:37:13.770273Z", "fetched_at": "2025-07-13T16:39:32.489568+00:00", "symbol": "DOGE-USD"}, {"trade_id": 138833613, "side": "buy", "size": "769.50000000", "price": "0.20080000", "time": "2025-07-13T16:37:13.770273Z", "fetched_at": "2025-07-13T16:39:32.489568+00:00", "symbol": "DOGE-USD"}, {"trade_id": 138833612, "side": "buy", "size": "24860.20000000", "price": "0.20082000", "time": "2025-07-13T16:37:13.770273Z", "fetched_at": "2025-07-13T16:39:32.489568+00:00", "symbol": "DOGE-USD"}, {"trade_id": 138833611, "side": "buy", "size": "769.50000000", "price": "0.20083000", "time": "2025-07-13T16:37:13.770273Z", "fetched_at": "2025-07-13T16:39:32.489568+00:00", "symbol": "DOGE-USD"}, {"trade_id": 138833610, "side": "buy", "size": "5.50000000", "price": "0.20084000", "time": "2025-07-13T16:37:13.770273Z", "fetched_at": "2025-07-13T16:39:32.489568+00:00", "symbol": "DOGE-USD"}, {"trade_id": 138833609, "side": "buy", "size": "7228.50000000", "price": "0.20087000", "time": "2025-07-13T16:37:13.770273Z", "fetched_at": "2025-07-13T16:39:32.489568+00:00", "symbol": "DOGE-USD"}, {"trade_id": 138833608, "side": "buy", "size": "769.50000000", "price": "0.20087000", "time": "2025-07-13T16:37:13.770273Z", "fetched_at": "2025-07-13T16:39:32.489568+00:00", "symbol": "DOGE-USD"}, {"trade_id": 138833607, "side": "buy", "size": "3923.20000000", "price": "0.20088000", "time": "2025-07-13T16:37:13.770273Z", "fetched_at": "2025-07-13T16:39:32.489568+00:00", "symbol": "DOGE-USD"}, {"trade_id": 138833606, "side": "buy", "size": "5.50000000", "price": "0.20088000", "time": "2025-07-13T16:37:13.770273Z", "fetched_at": "2025-07-13T16:39:32.489568+00:00", "symbol": "DOGE-USD"}, {"trade_id": 138833605, "side": "buy", "size": "11474.50000000", "price": "0.20089000", "time": "2025-07-13T16:37:13.770273Z", "fetched_at": "2025-07-13T16:39:32.489568+00:00", "symbol": "DOGE-USD"}, {"trade_id": 138833604, "side": "buy", "size": "13385.70000000", "price": "0.20089000", "time": "2025-07-13T16:37:13.770266Z", "fetched_at": "2025-07-13T16:39:32.489568+00:00", "symbol": "DOGE-USD"}, {"trade_id": 138833603, "side": "buy", "size": "80000.00000000", "price": "0.20090000", "time": "2025-07-13T16:37:13.770266Z", "fetched_at": "2025-07-13T16:39:32.489568+00:00", "symbol": "DOGE-USD"}, {"trade_id": 138833602, "side": "buy", "size": "5304.80000000", "price": "0.20090000", "time": "2025-07-13T16:37:13.770266Z", "fetched_at": "2025-07-13T16:39:32.489568+00:00", "symbol": "DOGE-USD"}, {"trade_id": 138833601, "side": "buy", "size": "5.50000000", "price": "0.20090000", "time": "2025-07-13T16:37:13.770266Z", "fetched_at": "2025-07-13T16:39:32.489568+00:00", "symbol": "DOGE-USD"}, {"trade_id": 138833600, "side": "buy", "size": "5000.00000000", "price": "0.20091000", "time": "2025-07-13T16:37:13.770266Z", "fetched_at": "2025-07-13T16:39:32.489568+00:00", "symbol": "DOGE-USD"}, {"trade_id": 138833599, "side": "buy", "size": "3969.60000000", "price": "0.20091000", "time": "2025-07-13T16:37:13.770266Z", "fetched_at": "2025-07-13T16:39:32.489568+00:00", "symbol": "DOGE-USD"}, {"trade_id": 138833598, "side": "buy", "size": "6316.10000000", "price": "0.20092000", "time": "2025-07-13T16:37:13.770266Z", "fetched_at": "2025-07-13T16:39:32.489568+00:00", "symbol": "DOGE-USD"}, {"trade_id": 138833597, "side": "buy", "size": "52553.60000000", "price": "0.20092000", "time": "2025-07-13T16:37:13.770091Z", "fetched_at": "2025-07-13T16:39:32.489568+00:00", "symbol": "DOGE-USD"}, {"trade_id": 138833596, "side": "buy", "size": "3182.10000000", "price": "0.20092000", "time": "2025-07-13T16:37:13.770091Z", "fetched_at": "2025-07-13T16:39:32.489568+00:00", "symbol": "DOGE-USD"}, {"trade_id": 138833595, "side": "buy", "size": "769.50000000", "price": "0.20092000", "time": "2025-07-13T16:37:13.770091Z", "fetched_at": "2025-07-13T16:39:32.489568+00:00", "symbol": "DOGE-USD"}, {"trade_id": 138833594, "side": "buy", "size": "5.50000000", "price": "0.20092000", "time": "2025-07-13T16:37:13.770091Z", "fetched_at": "2025-07-13T16:39:32.489568+00:00", "symbol": "DOGE-USD"}, {"trade_id": 138833593, "side": "buy", "size": "3732.60000000", "price": "0.20093000", "time": "2025-07-13T16:37:13.769739Z", "fetched_at": "2025-07-13T16:39:32.489568+00:00", "symbol": "DOGE-USD"}, {"trade_id": 138833592, "side": "buy", "size": "33625.40000000", "price": "0.20093000", "time": "2025-07-13T16:37:13.769739Z", "fetched_at": "2025-07-13T16:39:32.489568+00:00", "symbol": "DOGE-USD"}, {"trade_id": 138833591, "side": "buy", "size": "1921.30000000", "price": "0.20093000", "time": "2025-07-13T16:37:13.769739Z", "fetched_at": "2025-07-13T16:39:32.489568+00:00", "symbol": "DOGE-USD"}, {"trade_id": 138833590, "side": "buy", "size": "5.50000000", "price": "0.20094000", "time": "2025-07-13T16:37:13.768840Z", "fetched_at": "2025-07-13T16:39:32.489568+00:00", "symbol": "DOGE-USD"}, {"trade_id": 138833589, "side": "buy", "size": "2054.50000000", "price": "0.20094000", "time": "2025-07-13T16:37:13.768840Z", "fetched_at": "2025-07-13T16:39:32.489568+00:00", "symbol": "DOGE-USD"}, {"trade_id": 138833588, "side": "buy", "size": "2204.10000000", "price": "0.20094000", "time": "2025-07-13T16:37:13.768840Z", "fetched_at": "2025-07-13T16:39:32.489568+00:00", "symbol": "DOGE-USD"}, {"trade_id": 138833587, "side": "buy", "size": "5000.00000000", "price": "0.20095000", "time": "2025-07-13T16:37:13.768840Z", "fetched_at": "2025-07-13T16:39:32.489568+00:00", "symbol": "DOGE-USD"}, {"trade_id": 138833586, "side": "buy", "size": "24860.20000000", "price": "0.20095000", "time": "2025-07-13T16:37:13.768840Z", "fetched_at": "2025-07-13T16:39:32.489568+00:00", "symbol": "DOGE-USD"}, {"trade_id": 138833585, "side": "buy", "size": "3741.50000000", "price": "0.20095000", "time": "2025-07-13T16:37:13.768840Z", "fetched_at": "2025-07-13T16:39:32.489568+00:00", "symbol": "DOGE-USD"}, {"trade_id": 138833584, "side": "buy", "size": "14644.00000000", "price": "0.20096000", "time": "2025-07-13T16:37:13.768840Z", "fetched_at": "2025-07-13T16:39:32.489568+00:00", "symbol": "DOGE-USD"}, {"trade_id": 138833583, "side": "buy", "size": "5.50000000", "price": "0.20096000", "time": "2025-07-13T16:37:13.768840Z", "fetched_at": "2025-07-13T16:39:32.489568+00:00", "symbol": "DOGE-USD"}, {"trade_id": 138833582, "side": "buy", "size": "2188.70000000", "price": "0.20096000", "time": "2025-07-13T16:37:13.768840Z", "fetched_at": "2025-07-13T16:39:32.489568+00:00", "symbol": "DOGE-USD"}, {"trade_id": 138833581, "side": "buy", "size": "1491.70000000", "price": "0.20097000", "time": "2025-07-13T16:37:13.768840Z", "fetched_at": "2025-07-13T16:39:32.489568+00:00", "symbol": "DOGE-USD"}, {"trade_id": 138833580, "side": "buy", "size": "12708.40000000", "price": "0.20097000", "time": "2025-07-13T16:37:13.768840Z", "fetched_at": "2025-07-13T16:39:32.489568+00:00", "symbol": "DOGE-USD"}, {"trade_id": 138833579, "side": "buy", "size": "2000.00000000", "price": "0.20097000", "time": "2025-07-13T16:37:13.768840Z", "fetched_at": "2025-07-13T16:39:32.489568+00:00", "symbol": "DOGE-USD"}, {"trade_id": 138833578, "side": "buy", "size": "1928.30000000", "price": "0.20097000", "time": "2025-07-13T16:37:13.768840Z", "fetched_at": "2025-07-13T16:39:32.489568+00:00", "symbol": "DOGE-USD"}, {"trade_id": 138833577, "side": "buy", "size": "2188.70000000", "price": "0.20097000", "time": "2025-07-13T16:37:13.768840Z", "fetched_at": "2025-07-13T16:39:32.489568+00:00", "symbol": "DOGE-USD"}, {"trade_id": 138833576, "side": "buy", "size": "2988.70000000", "price": "0.20098000", "time": "2025-07-13T16:37:13.768840Z", "fetched_at": "2025-07-13T16:39:32.489568+00:00", "symbol": "DOGE-USD"}, {"trade_id": 138833575, "side": "buy", "size": "5.50000000", "price": "0.20098000", "time": "2025-07-13T16:37:13.768840Z", "fetched_at": "2025-07-13T16:39:32.489568+00:00", "symbol": "DOGE-USD"}, {"trade_id": 138833574, "side": "buy", "size": "769.50000000", "price": "0.20098000", "time": "2025-07-13T16:37:13.768840Z", "fetched_at": "2025-07-13T16:39:32.489568+00:00", "symbol": "DOGE-USD"}, {"trade_id": 138833573, "side": "buy", "size": "5000.00000000", "price": "0.20099000", "time": "2025-07-13T16:37:13.768840Z", "fetched_at": "2025-07-13T16:39:32.489568+00:00", "symbol": "DOGE-USD"}, {"trade_id": 138833572, "side": "buy", "size": "9148.10000000", "price": "0.20099000", "time": "2025-07-13T16:37:13.768730Z", "fetched_at": "2025-07-13T16:39:32.489568+00:00", "symbol": "DOGE-USD"}, {"trade_id": 138833571, "side": "buy", "size": "3122.80000000", "price": "0.20099000", "time": "2025-07-13T16:37:13.768730Z", "fetched_at": "2025-07-13T16:39:32.489568+00:00", "symbol": "DOGE-USD"}, {"trade_id": 138833570, "side": "buy", "size": "20000.00000000", "price": "0.20100000", "time": "2025-07-13T16:37:13.768730Z", "fetched_at": "2025-07-13T16:39:32.489568+00:00", "symbol": "DOGE-USD"}, {"trade_id": 138833569, "side": "buy", "size": "10000.00000000", "price": "0.20100000", "time": "2025-07-13T16:37:13.768730Z", "fetched_at": "2025-07-13T16:39:32.489568+00:00", "symbol": "DOGE-USD"}, {"trade_id": 138833568, "side": "buy", "size": "40000.00000000", "price": "0.20100000", "time": "2025-07-13T16:37:13.768730Z", "fetched_at": "2025-07-13T16:39:32.489568+00:00", "symbol": "DOGE-USD"}, {"trade_id": 138833567, "side": "buy", "size": "9817.40000000", "price": "0.20100000", "time": "2025-07-13T16:37:13.768730Z", "fetched_at": "2025-07-13T16:39:32.489568+00:00", "symbol": "DOGE-USD"}, {"trade_id": 138833566, "side": "buy", "size": "5.50000000", "price": "0.20100000", "time": "2025-07-13T16:37:13.768730Z", "fetched_at": "2025-07-13T16:39:32.489568+00:00", "symbol": "DOGE-USD"}, {"trade_id": 138833565, "side": "buy", "size": "6252.70000000", "price": "0.20100000", "time": "2025-07-13T16:37:13.768730Z", "fetched_at": "2025-07-13T16:39:32.489568+00:00", "symbol": "DOGE-USD"}, {"trade_id": 138833564, "side": "buy", "size": "12708.40000000", "price": "0.20100000", "time": "2025-07-13T16:37:13.768730Z", "fetched_at": "2025-07-13T16:39:32.489568+00:00", "symbol": "DOGE-USD"}, {"trade_id": 138833563, "side": "buy", "size": "4988.70000000", "price": "0.20101000", "time": "2025-07-13T16:37:13.768730Z", "fetched_at": "2025-07-13T16:39:32.489568+00:00", "symbol": "DOGE-USD"}, {"trade_id": 138833562, "side": "buy", "size": "7625.00000000", "price": "0.20101000", "time": "2025-07-13T16:37:13.768730Z", "fetched_at": "2025-07-13T16:39:32.489568+00:00", "symbol": "DOGE-USD"}, {"trade_id": 138833561, "side": "buy", "size": "24860.20000000", "price": "0.20102000", "time": "2025-07-13T16:37:13.768730Z", "fetched_at": "2025-07-13T16:39:32.489568+00:00", "symbol": "DOGE-USD"}, {"trade_id": 138833560, "side": "buy", "size": "10000.00000000", "price": "0.20102000", "time": "2025-07-13T16:37:13.768730Z", "fetched_at": "2025-07-13T16:39:32.489568+00:00", "symbol": "DOGE-USD"}, {"trade_id": 138833559, "side": "buy", "size": "1441.70000000", "price": "0.20102000", "time": "2025-07-13T16:37:13.768730Z", "fetched_at": "2025-07-13T16:39:32.489568+00:00", "symbol": "DOGE-USD"}, {"trade_id": 138833558, "side": "buy", "size": "1058.30000000", "price": "0.20102000", "time": "2025-07-13T16:37:13.768707Z", "fetched_at": "2025-07-13T16:39:32.489568+00:00", "symbol": "DOGE-USD"}, {"trade_id": 138833557, "side": "buy", "size": "5.50000000", "price": "0.20102000", "time": "2025-07-13T16:37:13.768707Z", "fetched_at": "2025-07-13T16:39:32.489568+00:00", "symbol": "DOGE-USD"}, {"trade_id": 138833556, "side": "buy", "size": "2190.10000000", "price": "0.20102000", "time": "2025-07-13T16:37:13.768707Z", "fetched_at": "2025-07-13T16:39:32.489568+00:00", "symbol": "DOGE-USD"}, {"trade_id": 138833555, "side": "buy", "size": "13395.90000000", "price": "0.20103000", "time": "2025-07-13T16:37:13.768707Z", "fetched_at": "2025-07-13T16:39:32.489568+00:00", "symbol": "DOGE-USD"}, {"trade_id": 138833554, "side": "buy", "size": "3653.60000000", "price": "0.20103000", "time": "2025-07-13T16:37:13.768707Z", "fetched_at": "2025-07-13T16:39:32.489568+00:00", "symbol": "DOGE-USD"}, {"trade_id": 138833553, "side": "buy", "size": "9127.80000000", "price": "0.20103000", "time": "2025-07-13T16:37:13.768707Z", "fetched_at": "2025-07-13T16:39:32.489568+00:00", "symbol": "DOGE-USD"}, {"trade_id": 138833552, "side": "buy", "size": "2223.40000000", "price": "0.20103000", "time": "2025-07-13T16:37:13.768707Z", "fetched_at": "2025-07-13T16:39:32.489568+00:00", "symbol": "DOGE-USD"}, {"trade_id": 138833551, "side": "buy", "size": "1299.80000000", "price": "0.20104000", "time": "2025-07-13T16:37:13.768707Z", "fetched_at": "2025-07-13T16:39:32.489568+00:00", "symbol": "DOGE-USD"}