[{"trade_id": 138831349, "side": "buy", "size": "5.50000000", "price": "0.20114000", "time": "2025-07-13T16:10:44.783005Z", "fetched_at": "2025-07-13T16:10:49.643160+00:00", "symbol": "DOGE-USD"}, {"trade_id": 138831348, "side": "buy", "size": "26.50000000", "price": "0.20115000", "time": "2025-07-13T16:10:43.907812Z", "fetched_at": "2025-07-13T16:10:49.643160+00:00", "symbol": "DOGE-USD"}, {"trade_id": 138831347, "side": "buy", "size": "5.50000000", "price": "0.20116000", "time": "2025-07-13T16:10:43.840559Z", "fetched_at": "2025-07-13T16:10:49.643160+00:00", "symbol": "DOGE-USD"}, {"trade_id": 138831346, "side": "buy", "size": "14830.50000000", "price": "0.20117000", "time": "2025-07-13T16:10:43.819077Z", "fetched_at": "2025-07-13T16:10:49.643160+00:00", "symbol": "DOGE-USD"}, {"trade_id": 138831345, "side": "buy", "size": "3225.30000000", "price": "0.20117000", "time": "2025-07-13T16:10:43.816240Z", "fetched_at": "2025-07-13T16:10:49.643160+00:00", "symbol": "DOGE-USD"}, {"trade_id": 138831344, "side": "buy", "size": "5.50000000", "price": "0.20120000", "time": "2025-07-13T16:10:41.758196Z", "fetched_at": "2025-07-13T16:10:49.643160+00:00", "symbol": "DOGE-USD"}, {"trade_id": 138831343, "side": "sell", "size": "172.20000000", "price": "0.20121000", "time": "2025-07-13T16:10:40.058264Z", "fetched_at": "2025-07-13T16:10:49.643160+00:00", "symbol": "DOGE-USD"}, {"trade_id": 138831342, "side": "buy", "size": "789.70000000", "price": "0.20122000", "time": "2025-07-13T16:10:37.444161Z", "fetched_at": "2025-07-13T16:10:49.643160+00:00", "symbol": "DOGE-USD"}, {"trade_id": 138831341, "side": "buy", "size": "262.00000000", "price": "0.20131000", "time": "2025-07-13T16:10:34.081255Z", "fetched_at": "2025-07-13T16:10:49.643160+00:00", "symbol": "DOGE-USD"}, {"trade_id": 138831340, "side": "buy", "size": "401.60000000", "price": "0.20122000", "time": "2025-07-13T16:10:33.854285Z", "fetched_at": "2025-07-13T16:10:49.643160+00:00", "symbol": "DOGE-USD"}, {"trade_id": 138831339, "side": "sell", "size": "4737.90000000", "price": "0.20124000", "time": "2025-07-13T16:10:33.851100Z", "fetched_at": "2025-07-13T16:10:49.643160+00:00", "symbol": "DOGE-USD"}, {"trade_id": 138831338, "side": "sell", "size": "56.00000000", "price": "0.20123000", "time": "2025-07-13T16:10:33.851100Z", "fetched_at": "2025-07-13T16:10:49.643160+00:00", "symbol": "DOGE-USD"}, {"trade_id": 138831337, "side": "sell", "size": "56.00000000", "price": "0.20121000", "time": "2025-07-13T16:10:33.726724Z", "fetched_at": "2025-07-13T16:10:49.643160+00:00", "symbol": "DOGE-USD"}, {"trade_id": 138831336, "side": "sell", "size": "13921.90000000", "price": "0.20152000", "time": "2025-07-13T16:10:33.714997Z", "fetched_at": "2025-07-13T16:10:49.643160+00:00", "symbol": "DOGE-USD"}, {"trade_id": 138831335, "side": "sell", "size": "5.50000000", "price": "0.20152000", "time": "2025-07-13T16:10:33.714997Z", "fetched_at": "2025-07-13T16:10:49.643160+00:00", "symbol": "DOGE-USD"}, {"trade_id": 138831334, "side": "sell", "size": "769.50000000", "price": "0.20152000", "time": "2025-07-13T16:10:33.714997Z", "fetched_at": "2025-07-13T16:10:49.643160+00:00", "symbol": "DOGE-USD"}, {"trade_id": 138831333, "side": "sell", "size": "143578.40000000", "price": "0.20151000", "time": "2025-07-13T16:10:33.714997Z", "fetched_at": "2025-07-13T16:10:49.643160+00:00", "symbol": "DOGE-USD"}, {"trade_id": 138831332, "side": "sell", "size": "15101.80000000", "price": "0.20151000", "time": "2025-07-13T16:10:33.714997Z", "fetched_at": "2025-07-13T16:10:49.643160+00:00", "symbol": "DOGE-USD"}, {"trade_id": 138831331, "side": "sell", "size": "19049.50000000", "price": "0.20151000", "time": "2025-07-13T16:10:33.714997Z", "fetched_at": "2025-07-13T16:10:49.643160+00:00", "symbol": "DOGE-USD"}, {"trade_id": 138831330, "side": "sell", "size": "6300.90000000", "price": "0.20151000", "time": "2025-07-13T16:10:33.714997Z", "fetched_at": "2025-07-13T16:10:49.643160+00:00", "symbol": "DOGE-USD"}, {"trade_id": 138831329, "side": "sell", "size": "85674.50000000", "price": "0.20150000", "time": "2025-07-13T16:10:33.714997Z", "fetched_at": "2025-07-13T16:10:49.643160+00:00", "symbol": "DOGE-USD"}, {"trade_id": 138831328, "side": "sell", "size": "3780.50000000", "price": "0.20150000", "time": "2025-07-13T16:10:33.714997Z", "fetched_at": "2025-07-13T16:10:49.643160+00:00", "symbol": "DOGE-USD"}, {"trade_id": 138831327, "side": "sell", "size": "2952.80000000", "price": "0.20149000", "time": "2025-07-13T16:10:33.714997Z", "fetched_at": "2025-07-13T16:10:49.643160+00:00", "symbol": "DOGE-USD"}, {"trade_id": 138831326, "side": "sell", "size": "6304.10000000", "price": "0.20149000", "time": "2025-07-13T16:10:33.714997Z", "fetched_at": "2025-07-13T16:10:49.643160+00:00", "symbol": "DOGE-USD"}, {"trade_id": 138831325, "side": "sell", "size": "5554.10000000", "price": "0.20148000", "time": "2025-07-13T16:10:33.714997Z", "fetched_at": "2025-07-13T16:10:49.643160+00:00", "symbol": "DOGE-USD"}, {"trade_id": 138831324, "side": "sell", "size": "5.50000000", "price": "0.20148000", "time": "2025-07-13T16:10:33.714997Z", "fetched_at": "2025-07-13T16:10:49.643160+00:00", "symbol": "DOGE-USD"}, {"trade_id": 138831323, "side": "sell", "size": "6305.20000000", "price": "0.20148000", "time": "2025-07-13T16:10:33.714997Z", "fetched_at": "2025-07-13T16:10:49.643160+00:00", "symbol": "DOGE-USD"}, {"trade_id": 138831322, "side": "sell", "size": "769.50000000", "price": "0.20148000", "time": "2025-07-13T16:10:33.714997Z", "fetched_at": "2025-07-13T16:10:49.643160+00:00", "symbol": "DOGE-USD"}, {"trade_id": 138831321, "side": "sell", "size": "4248.10000000", "price": "0.20147000", "time": "2025-07-13T16:10:33.714997Z", "fetched_at": "2025-07-13T16:10:49.643160+00:00", "symbol": "DOGE-USD"}, {"trade_id": 138831320, "side": "sell", "size": "24860.20000000", "price": "0.20147000", "time": "2025-07-13T16:10:33.714997Z", "fetched_at": "2025-07-13T16:10:49.643160+00:00", "symbol": "DOGE-USD"}, {"trade_id": 138831319, "side": "sell", "size": "14916.10000000", "price": "0.20146000", "time": "2025-07-13T16:10:33.714997Z", "fetched_at": "2025-07-13T16:10:49.643160+00:00", "symbol": "DOGE-USD"}, {"trade_id": 138831318, "side": "sell", "size": "6305.20000000", "price": "0.20146000", "time": "2025-07-13T16:10:33.714997Z", "fetched_at": "2025-07-13T16:10:49.643160+00:00", "symbol": "DOGE-USD"}, {"trade_id": 138831317, "side": "sell", "size": "3783.10000000", "price": "0.20145000", "time": "2025-07-13T16:10:33.714997Z", "fetched_at": "2025-07-13T16:10:49.643160+00:00", "symbol": "DOGE-USD"}, {"trade_id": 138831316, "side": "sell", "size": "769.50000000", "price": "0.20145000", "time": "2025-07-13T16:10:33.714997Z", "fetched_at": "2025-07-13T16:10:49.643160+00:00", "symbol": "DOGE-USD"}, {"trade_id": 138831315, "side": "sell", "size": "5.50000000", "price": "0.20144000", "time": "2025-07-13T16:10:33.714997Z", "fetched_at": "2025-07-13T16:10:49.643160+00:00", "symbol": "DOGE-USD"}, {"trade_id": 138831314, "side": "sell", "size": "6273.10000000", "price": "0.20144000", "time": "2025-07-13T16:10:33.714997Z", "fetched_at": "2025-07-13T16:10:49.643160+00:00", "symbol": "DOGE-USD"}, {"trade_id": 138831313, "side": "sell", "size": "34359.10000000", "price": "0.20143000", "time": "2025-07-13T16:10:33.714997Z", "fetched_at": "2025-07-13T16:10:49.643160+00:00", "symbol": "DOGE-USD"}, {"trade_id": 138831312, "side": "sell", "size": "3767.20000000", "price": "0.20143000", "time": "2025-07-13T16:10:33.714997Z", "fetched_at": "2025-07-13T16:10:49.643160+00:00", "symbol": "DOGE-USD"}, {"trade_id": 138831311, "side": "sell", "size": "20615.50000000", "price": "0.20142000", "time": "2025-07-13T16:10:33.714997Z", "fetched_at": "2025-07-13T16:10:49.643160+00:00", "symbol": "DOGE-USD"}, {"trade_id": 138831310, "side": "sell", "size": "6274.00000000", "price": "0.20142000", "time": "2025-07-13T16:10:33.714997Z", "fetched_at": "2025-07-13T16:10:49.643160+00:00", "symbol": "DOGE-USD"}, {"trade_id": 138831309, "side": "sell", "size": "769.50000000", "price": "0.20142000", "time": "2025-07-13T16:10:33.714997Z", "fetched_at": "2025-07-13T16:10:49.643160+00:00", "symbol": "DOGE-USD"}, {"trade_id": 138831308, "side": "sell", "size": "29016.60000000", "price": "0.20141000", "time": "2025-07-13T16:10:33.714997Z", "fetched_at": "2025-07-13T16:10:49.643160+00:00", "symbol": "DOGE-USD"}, {"trade_id": 138831307, "side": "sell", "size": "4226.10000000", "price": "0.20141000", "time": "2025-07-13T16:10:33.714997Z", "fetched_at": "2025-07-13T16:10:49.643160+00:00", "symbol": "DOGE-USD"}, {"trade_id": 138831306, "side": "sell", "size": "3723.90000000", "price": "0.20140000", "time": "2025-07-13T16:10:33.714997Z", "fetched_at": "2025-07-13T16:10:49.643160+00:00", "symbol": "DOGE-USD"}, {"trade_id": 138831305, "side": "sell", "size": "17410.00000000", "price": "0.20140000", "time": "2025-07-13T16:10:33.714997Z", "fetched_at": "2025-07-13T16:10:49.643160+00:00", "symbol": "DOGE-USD"}, {"trade_id": 138831304, "side": "sell", "size": "80000.00000000", "price": "0.20140000", "time": "2025-07-13T16:10:33.714997Z", "fetched_at": "2025-07-13T16:10:49.643160+00:00", "symbol": "DOGE-USD"}, {"trade_id": 138831303, "side": "sell", "size": "5.50000000", "price": "0.20140000", "time": "2025-07-13T16:10:33.714997Z", "fetched_at": "2025-07-13T16:10:49.643160+00:00", "symbol": "DOGE-USD"}, {"trade_id": 138831302, "side": "sell", "size": "6274.00000000", "price": "0.20140000", "time": "2025-07-13T16:10:33.714997Z", "fetched_at": "2025-07-13T16:10:49.643160+00:00", "symbol": "DOGE-USD"}, {"trade_id": 138831301, "side": "sell", "size": "49763.40000000", "price": "0.20139000", "time": "2025-07-13T16:10:33.714997Z", "fetched_at": "2025-07-13T16:10:49.643160+00:00", "symbol": "DOGE-USD"}, {"trade_id": 138831300, "side": "sell", "size": "3767.70000000", "price": "0.20139000", "time": "2025-07-13T16:10:33.714997Z", "fetched_at": "2025-07-13T16:10:49.643160+00:00", "symbol": "DOGE-USD"}, {"trade_id": 138831299, "side": "sell", "size": "24860.20000000", "price": "0.20138000", "time": "2025-07-13T16:10:33.714997Z", "fetched_at": "2025-07-13T16:10:49.643160+00:00", "symbol": "DOGE-USD"}, {"trade_id": 138831298, "side": "sell", "size": "6266.40000000", "price": "0.20138000", "time": "2025-07-13T16:10:33.714997Z", "fetched_at": "2025-07-13T16:10:49.643160+00:00", "symbol": "DOGE-USD"}, {"trade_id": 138831297, "side": "sell", "size": "5000.00000000", "price": "0.20137000", "time": "2025-07-13T16:10:33.714997Z", "fetched_at": "2025-07-13T16:10:49.643160+00:00", "symbol": "DOGE-USD"}, {"trade_id": 138831296, "side": "sell", "size": "18676.00000000", "price": "0.20137000", "time": "2025-07-13T16:10:33.714997Z", "fetched_at": "2025-07-13T16:10:49.643160+00:00", "symbol": "DOGE-USD"}, {"trade_id": 138831295, "side": "sell", "size": "769.50000000", "price": "0.20137000", "time": "2025-07-13T16:10:33.714997Z", "fetched_at": "2025-07-13T16:10:49.643160+00:00", "symbol": "DOGE-USD"}, {"trade_id": 138831294, "side": "sell", "size": "9391.10000000", "price": "0.20136000", "time": "2025-07-13T16:10:33.714997Z", "fetched_at": "2025-07-13T16:10:49.643160+00:00", "symbol": "DOGE-USD"}, {"trade_id": 138831293, "side": "sell", "size": "3461.70000000", "price": "0.20136000", "time": "2025-07-13T16:10:33.714997Z", "fetched_at": "2025-07-13T16:10:49.643160+00:00", "symbol": "DOGE-USD"}, {"trade_id": 138831292, "side": "sell", "size": "5.50000000", "price": "0.20136000", "time": "2025-07-13T16:10:33.714997Z", "fetched_at": "2025-07-13T16:10:49.643160+00:00", "symbol": "DOGE-USD"}, {"trade_id": 138831291, "side": "sell", "size": "6266.40000000", "price": "0.20136000", "time": "2025-07-13T16:10:33.714997Z", "fetched_at": "2025-07-13T16:10:49.643160+00:00", "symbol": "DOGE-USD"}, {"trade_id": 138831290, "side": "sell", "size": "3617.40000000", "price": "0.20135000", "time": "2025-07-13T16:10:33.714997Z", "fetched_at": "2025-07-13T16:10:49.643160+00:00", "symbol": "DOGE-USD"}, {"trade_id": 138831289, "side": "sell", "size": "3763.10000000", "price": "0.20135000", "time": "2025-07-13T16:10:33.714997Z", "fetched_at": "2025-07-13T16:10:49.643160+00:00", "symbol": "DOGE-USD"}, {"trade_id": 138831288, "side": "sell", "size": "2170.40000000", "price": "0.20134000", "time": "2025-07-13T16:10:33.714997Z", "fetched_at": "2025-07-13T16:10:49.643160+00:00", "symbol": "DOGE-USD"}, {"trade_id": 138831287, "side": "sell", "size": "769.50000000", "price": "0.20134000", "time": "2025-07-13T16:10:33.714997Z", "fetched_at": "2025-07-13T16:10:49.643160+00:00", "symbol": "DOGE-USD"}, {"trade_id": 138831286, "side": "sell", "size": "6294.60000000", "price": "0.20134000", "time": "2025-07-13T16:10:33.714997Z", "fetched_at": "2025-07-13T16:10:49.643160+00:00", "symbol": "DOGE-USD"}, {"trade_id": 138831285, "side": "sell", "size": "2982.80000000", "price": "0.20133000", "time": "2025-07-13T16:10:33.714997Z", "fetched_at": "2025-07-13T16:10:49.643160+00:00", "symbol": "DOGE-USD"}, {"trade_id": 138831284, "side": "sell", "size": "5000.00000000", "price": "0.20133000", "time": "2025-07-13T16:10:33.714997Z", "fetched_at": "2025-07-13T16:10:49.643160+00:00", "symbol": "DOGE-USD"}, {"trade_id": 138831283, "side": "sell", "size": "4241.80000000", "price": "0.20133000", "time": "2025-07-13T16:10:33.714997Z", "fetched_at": "2025-07-13T16:10:49.643160+00:00", "symbol": "DOGE-USD"}, {"trade_id": 138831282, "side": "sell", "size": "12708.40000000", "price": "0.20132000", "time": "2025-07-13T16:10:33.714997Z", "fetched_at": "2025-07-13T16:10:49.643160+00:00", "symbol": "DOGE-USD"}, {"trade_id": 138831281, "side": "sell", "size": "3000.00000000", "price": "0.20132000", "time": "2025-07-13T16:10:33.714997Z", "fetched_at": "2025-07-13T16:10:49.643160+00:00", "symbol": "DOGE-USD"}, {"trade_id": 138831280, "side": "sell", "size": "24860.20000000", "price": "0.20132000", "time": "2025-07-13T16:10:33.714997Z", "fetched_at": "2025-07-13T16:10:49.643160+00:00", "symbol": "DOGE-USD"}, {"trade_id": 138831279, "side": "sell", "size": "5.50000000", "price": "0.20132000", "time": "2025-07-13T16:10:33.714997Z", "fetched_at": "2025-07-13T16:10:49.643160+00:00", "symbol": "DOGE-USD"}, {"trade_id": 138831278, "side": "sell", "size": "6294.60000000", "price": "0.20132000", "time": "2025-07-13T16:10:33.714997Z", "fetched_at": "2025-07-13T16:10:49.643160+00:00", "symbol": "DOGE-USD"}, {"trade_id": 138831277, "side": "sell", "size": "18696.20000000", "price": "0.20131000", "time": "2025-07-13T16:10:33.714997Z", "fetched_at": "2025-07-13T16:10:49.643160+00:00", "symbol": "DOGE-USD"}, {"trade_id": 138831276, "side": "sell", "size": "769.50000000", "price": "0.20131000", "time": "2025-07-13T16:10:33.714997Z", "fetched_at": "2025-07-13T16:10:49.643160+00:00", "symbol": "DOGE-USD"}, {"trade_id": 138831275, "side": "sell", "size": "12708.40000000", "price": "0.20130000", "time": "2025-07-13T16:10:33.714997Z", "fetched_at": "2025-07-13T16:10:49.643160+00:00", "symbol": "DOGE-USD"}, {"trade_id": 138831274, "side": "sell", "size": "6294.60000000", "price": "0.20130000", "time": "2025-07-13T16:10:33.714997Z", "fetched_at": "2025-07-13T16:10:49.643160+00:00", "symbol": "DOGE-USD"}, {"trade_id": 138831273, "side": "sell", "size": "5.50000000", "price": "0.20130000", "time": "2025-07-13T16:10:33.714997Z", "fetched_at": "2025-07-13T16:10:49.643160+00:00", "symbol": "DOGE-USD"}, {"trade_id": 138831272, "side": "sell", "size": "11405.10000000", "price": "0.20129000", "time": "2025-07-13T16:10:33.714997Z", "fetched_at": "2025-07-13T16:10:49.643160+00:00", "symbol": "DOGE-USD"}, {"trade_id": 138831271, "side": "sell", "size": "5000.00000000", "price": "0.20129000", "time": "2025-07-13T16:10:33.714997Z", "fetched_at": "2025-07-13T16:10:49.643160+00:00", "symbol": "DOGE-USD"}, {"trade_id": 138831270, "side": "sell", "size": "2000.00000000", "price": "0.20129000", "time": "2025-07-13T16:10:33.714997Z", "fetched_at": "2025-07-13T16:10:49.643160+00:00", "symbol": "DOGE-USD"}, {"trade_id": 138831269, "side": "sell", "size": "12708.40000000", "price": "0.20129000", "time": "2025-07-13T16:10:33.714997Z", "fetched_at": "2025-07-13T16:10:49.643160+00:00", "symbol": "DOGE-USD"}, {"trade_id": 138831268, "side": "sell", "size": "3246.90000000", "price": "0.20128000", "time": "2025-07-13T16:10:33.714997Z", "fetched_at": "2025-07-13T16:10:49.643160+00:00", "symbol": "DOGE-USD"}, {"trade_id": 138831267, "side": "sell", "size": "7625.00000000", "price": "0.20128000", "time": "2025-07-13T16:10:33.714997Z", "fetched_at": "2025-07-13T16:10:49.643160+00:00", "symbol": "DOGE-USD"}, {"trade_id": 138831266, "side": "sell", "size": "5.50000000", "price": "0.20128000", "time": "2025-07-13T16:10:33.714997Z", "fetched_at": "2025-07-13T16:10:49.643160+00:00", "symbol": "DOGE-USD"}, {"trade_id": 138831265, "side": "sell", "size": "6294.60000000", "price": "0.20128000", "time": "2025-07-13T16:10:33.714997Z", "fetched_at": "2025-07-13T16:10:49.643160+00:00", "symbol": "DOGE-USD"}, {"trade_id": 138831264, "side": "sell", "size": "769.50000000", "price": "0.20128000", "time": "2025-07-13T16:10:33.714997Z", "fetched_at": "2025-07-13T16:10:49.643160+00:00", "symbol": "DOGE-USD"}, {"trade_id": 138831263, "side": "sell", "size": "1812.30000000", "price": "0.20127000", "time": "2025-07-13T16:10:33.714997Z", "fetched_at": "2025-07-13T16:10:49.643160+00:00", "symbol": "DOGE-USD"}, {"trade_id": 138831262, "side": "sell", "size": "10000.00000000", "price": "0.20127000", "time": "2025-07-13T16:10:33.714997Z", "fetched_at": "2025-07-13T16:10:49.643160+00:00", "symbol": "DOGE-USD"}, {"trade_id": 138831261, "side": "sell", "size": "4241.80000000", "price": "0.20127000", "time": "2025-07-13T16:10:33.714997Z", "fetched_at": "2025-07-13T16:10:49.643160+00:00", "symbol": "DOGE-USD"}, {"trade_id": 138831260, "side": "sell", "size": "1290.90000000", "price": "0.20126000", "time": "2025-07-13T16:10:33.714997Z", "fetched_at": "2025-07-13T16:10:49.643160+00:00", "symbol": "DOGE-USD"}, {"trade_id": 138831259, "side": "sell", "size": "6000.00000000", "price": "0.20126000", "time": "2025-07-13T16:10:33.714997Z", "fetched_at": "2025-07-13T16:10:49.643160+00:00", "symbol": "DOGE-USD"}, {"trade_id": 138831258, "side": "sell", "size": "6254.30000000", "price": "0.20126000", "time": "2025-07-13T16:10:33.714997Z", "fetched_at": "2025-07-13T16:10:49.643160+00:00", "symbol": "DOGE-USD"}, {"trade_id": 138831257, "side": "sell", "size": "5.50000000", "price": "0.20126000", "time": "2025-07-13T16:10:33.714997Z", "fetched_at": "2025-07-13T16:10:49.643160+00:00", "symbol": "DOGE-USD"}, {"trade_id": 138831256, "side": "sell", "size": "4530.40000000", "price": "0.20125000", "time": "2025-07-13T16:10:33.714997Z", "fetched_at": "2025-07-13T16:10:49.643160+00:00", "symbol": "DOGE-USD"}, {"trade_id": 138831255, "side": "sell", "size": "5000.00000000", "price": "0.20125000", "time": "2025-07-13T16:10:33.714997Z", "fetched_at": "2025-07-13T16:10:49.643160+00:00", "symbol": "DOGE-USD"}, {"trade_id": 138831254, "side": "sell", "size": "10000.00000000", "price": "0.20125000", "time": "2025-07-13T16:10:33.714997Z", "fetched_at": "2025-07-13T16:10:49.643160+00:00", "symbol": "DOGE-USD"}, {"trade_id": 138831253, "side": "sell", "size": "2500.00000000", "price": "0.20125000", "time": "2025-07-13T16:10:33.714997Z", "fetched_at": "2025-07-13T16:10:49.643160+00:00", "symbol": "DOGE-USD"}, {"trade_id": 138831252, "side": "sell", "size": "6254.30000000", "price": "0.20125000", "time": "2025-07-13T16:10:33.714997Z", "fetched_at": "2025-07-13T16:10:49.643160+00:00", "symbol": "DOGE-USD"}, {"trade_id": 138831251, "side": "sell", "size": "769.50000000", "price": "0.20125000", "time": "2025-07-13T16:10:33.714997Z", "fetched_at": "2025-07-13T16:10:49.643160+00:00", "symbol": "DOGE-USD"}, {"trade_id": 138831250, "side": "sell", "size": "1407.50000000", "price": "0.20124000", "time": "2025-07-13T16:10:33.714997Z", "fetched_at": "2025-07-13T16:10:49.643160+00:00", "symbol": "DOGE-USD"}, {"trade_id": 138831249, "side": "sell", "size": "6973.20000000", "price": "0.20124000", "time": "2025-07-13T16:10:33.714997Z", "fetched_at": "2025-07-13T16:10:49.643160+00:00", "symbol": "DOGE-USD"}, {"trade_id": 138831248, "side": "sell", "size": "2500.00000000", "price": "0.20124000", "time": "2025-07-13T16:10:33.714997Z", "fetched_at": "2025-07-13T16:10:49.643160+00:00", "symbol": "DOGE-USD"}, {"trade_id": 138831247, "side": "sell", "size": "4214.30000000", "price": "0.20124000", "time": "2025-07-13T16:10:33.714997Z", "fetched_at": "2025-07-13T16:10:49.643160+00:00", "symbol": "DOGE-USD"}, {"trade_id": 138831246, "side": "sell", "size": "5.50000000", "price": "0.20124000", "time": "2025-07-13T16:10:33.714997Z", "fetched_at": "2025-07-13T16:10:49.643160+00:00", "symbol": "DOGE-USD"}, {"trade_id": 138831245, "side": "sell", "size": "4283.90000000", "price": "0.20123000", "time": "2025-07-13T16:10:33.714997Z", "fetched_at": "2025-07-13T16:10:49.643160+00:00", "symbol": "DOGE-USD"}, {"trade_id": 138831244, "side": "sell", "size": "4269.60000000", "price": "0.20123000", "time": "2025-07-13T16:10:33.714997Z", "fetched_at": "2025-07-13T16:10:49.643160+00:00", "symbol": "DOGE-USD"}, {"trade_id": 138831243, "side": "sell", "size": "18069.80000000", "price": "0.20123000", "time": "2025-07-13T16:10:33.714997Z", "fetched_at": "2025-07-13T16:10:49.643160+00:00", "symbol": "DOGE-USD"}, {"trade_id": 138831242, "side": "sell", "size": "2577.10000000", "price": "0.20123000", "time": "2025-07-13T16:10:33.714997Z", "fetched_at": "2025-07-13T16:10:49.643160+00:00", "symbol": "DOGE-USD"}, {"trade_id": 138831241, "side": "sell", "size": "10483.50000000", "price": "0.20122000", "time": "2025-07-13T16:10:33.714997Z", "fetched_at": "2025-07-13T16:10:49.643160+00:00", "symbol": "DOGE-USD"}, {"trade_id": 138831240, "side": "sell", "size": "2604.80000000", "price": "0.20122000", "time": "2025-07-13T16:10:33.714997Z", "fetched_at": "2025-07-13T16:10:49.643160+00:00", "symbol": "DOGE-USD"}, {"trade_id": 138831239, "side": "sell", "size": "5.50000000", "price": "0.20122000", "time": "2025-07-13T16:10:33.714997Z", "fetched_at": "2025-07-13T16:10:49.643160+00:00", "symbol": "DOGE-USD"}, {"trade_id": 138831238, "side": "sell", "size": "56.00000000", "price": "0.20121000", "time": "2025-07-13T16:10:33.714997Z", "fetched_at": "2025-07-13T16:10:49.643160+00:00", "symbol": "DOGE-USD"}, {"trade_id": 138831237, "side": "sell", "size": "2980.40000000", "price": "0.20121000", "time": "2025-07-13T16:10:33.714997Z", "fetched_at": "2025-07-13T16:10:49.643160+00:00", "symbol": "DOGE-USD"}, {"trade_id": 138831236, "side": "sell", "size": "1821.80000000", "price": "0.20120000", "time": "2025-07-13T16:10:33.714997Z", "fetched_at": "2025-07-13T16:10:49.643160+00:00", "symbol": "DOGE-USD"}, {"trade_id": 138831235, "side": "sell", "size": "0.10000000", "price": "0.20120000", "time": "2025-07-13T16:10:33.714997Z", "fetched_at": "2025-07-13T16:10:49.643160+00:00", "symbol": "DOGE-USD"}, {"trade_id": 138831234, "side": "sell", "size": "1340.40000000", "price": "0.20119000", "time": "2025-07-13T16:10:33.714997Z", "fetched_at": "2025-07-13T16:10:49.643160+00:00", "symbol": "DOGE-USD"}, {"trade_id": 138831233, "side": "sell", "size": "257.40000000", "price": "0.20119000", "time": "2025-07-13T16:10:33.714997Z", "fetched_at": "2025-07-13T16:10:49.643160+00:00", "symbol": "DOGE-USD"}, {"trade_id": 138831232, "side": "sell", "size": "5.40000000", "price": "0.20120000", "time": "2025-07-13T16:10:29.956528Z", "fetched_at": "2025-07-13T16:10:49.643160+00:00", "symbol": "DOGE-USD"}, {"trade_id": 138831231, "side": "sell", "size": "18.70000000", "price": "0.20119000", "time": "2025-07-13T16:10:24.662300Z", "fetched_at": "2025-07-13T16:10:49.643160+00:00", "symbol": "DOGE-USD"}, {"trade_id": 138831230, "side": "sell", "size": "5.50000000", "price": "0.20118000", "time": "2025-07-13T16:10:24.662300Z", "fetched_at": "2025-07-13T16:10:49.643160+00:00", "symbol": "DOGE-USD"}, {"trade_id": 138831229, "side": "sell", "size": "5.50000000", "price": "0.20116000", "time": "2025-07-13T16:10:20.787357Z", "fetched_at": "2025-07-13T16:10:49.643160+00:00", "symbol": "DOGE-USD"}, {"trade_id": 138831228, "side": "sell", "size": "53.10000000", "price": "0.20114000", "time": "2025-07-13T16:10:11.362775Z", "fetched_at": "2025-07-13T16:10:49.643160+00:00", "symbol": "DOGE-USD"}, {"trade_id": 138831227, "side": "sell", "size": "2984.20000000", "price": "0.20114000", "time": "2025-07-13T16:10:11.362775Z", "fetched_at": "2025-07-13T16:10:49.643160+00:00", "symbol": "DOGE-USD"}, {"trade_id": 138831226, "side": "sell", "size": "4096.30000000", "price": "0.20114000", "time": "2025-07-13T16:10:11.362775Z", "fetched_at": "2025-07-13T16:10:49.643160+00:00", "symbol": "DOGE-USD"}, {"trade_id": 138831225, "side": "sell", "size": "8370.80000000", "price": "0.20114000", "time": "2025-07-13T16:10:11.362775Z", "fetched_at": "2025-07-13T16:10:49.643160+00:00", "symbol": "DOGE-USD"}, {"trade_id": 138831224, "side": "buy", "size": "1114.60000000", "price": "0.20107000", "time": "2025-07-13T16:10:05.616536Z", "fetched_at": "2025-07-13T16:10:49.643160+00:00", "symbol": "DOGE-USD"}, {"trade_id": 138831223, "side": "buy", "size": "23.90000000", "price": "0.20108000", "time": "2025-07-13T16:10:05.616536Z", "fetched_at": "2025-07-13T16:10:49.643160+00:00", "symbol": "DOGE-USD"}, {"trade_id": 138831222, "side": "buy", "size": "5.50000000", "price": "0.20108000", "time": "2025-07-13T16:10:05.616536Z", "fetched_at": "2025-07-13T16:10:49.643160+00:00", "symbol": "DOGE-USD"}, {"trade_id": 138831221, "side": "buy", "size": "1336.10000000", "price": "0.20109000", "time": "2025-07-13T16:10:05.616536Z", "fetched_at": "2025-07-13T16:10:49.643160+00:00", "symbol": "DOGE-USD"}, {"trade_id": 138831220, "side": "buy", "size": "5.50000000", "price": "0.20110000", "time": "2025-07-13T16:10:05.616536Z", "fetched_at": "2025-07-13T16:10:49.643160+00:00", "symbol": "DOGE-USD"}, {"trade_id": 138831219, "side": "buy", "size": "5.50000000", "price": "0.20112000", "time": "2025-07-13T16:10:04.112328Z", "fetched_at": "2025-07-13T16:10:49.643160+00:00", "symbol": "DOGE-USD"}, {"trade_id": 138831218, "side": "sell", "size": "18085.50000000", "price": "0.20116000", "time": "2025-07-13T16:10:00.601837Z", "fetched_at": "2025-07-13T16:10:49.643160+00:00", "symbol": "DOGE-USD"}, {"trade_id": 138831217, "side": "buy", "size": "5.50000000", "price": "0.20112000", "time": "2025-07-13T16:09:47.285010Z", "fetched_at": "2025-07-13T16:10:49.643160+00:00", "symbol": "DOGE-USD"}, {"trade_id": 138831216, "side": "buy", "size": "5.50000000", "price": "0.20116000", "time": "2025-07-13T16:09:46.582115Z", "fetched_at": "2025-07-13T16:10:49.643160+00:00", "symbol": "DOGE-USD"}, {"trade_id": 138831215, "side": "sell", "size": "1197.10000000", "price": "0.20121000", "time": "2025-07-13T16:09:44.682303Z", "fetched_at": "2025-07-13T16:10:49.643160+00:00", "symbol": "DOGE-USD"}, {"trade_id": 138831214, "side": "sell", "size": "5.50000000", "price": "0.20120000", "time": "2025-07-13T16:09:44.682303Z", "fetched_at": "2025-07-13T16:10:49.643160+00:00", "symbol": "DOGE-USD"}, {"trade_id": 138831213, "side": "sell", "size": "5.50000000", "price": "0.20118000", "time": "2025-07-13T16:09:44.682303Z", "fetched_at": "2025-07-13T16:10:49.643160+00:00", "symbol": "DOGE-USD"}, {"trade_id": 138831212, "side": "buy", "size": "36.20000000", "price": "0.20117000", "time": "2025-07-13T16:09:41.457046Z", "fetched_at": "2025-07-13T16:10:49.643160+00:00", "symbol": "DOGE-USD"}, {"trade_id": 138831211, "side": "sell", "size": "1192.50000000", "price": "0.20116000", "time": "2025-07-13T16:09:41.163642Z", "fetched_at": "2025-07-13T16:10:49.643160+00:00", "symbol": "DOGE-USD"}, {"trade_id": 138831210, "side": "sell", "size": "257.40000000", "price": "0.20115000", "time": "2025-07-13T16:09:41.163642Z", "fetched_at": "2025-07-13T16:10:49.643160+00:00", "symbol": "DOGE-USD"}, {"trade_id": 138831209, "side": "sell", "size": "19.50000000", "price": "0.20116000", "time": "2025-07-13T16:09:36.736945Z", "fetched_at": "2025-07-13T16:10:49.643160+00:00", "symbol": "DOGE-USD"}, {"trade_id": 138831208, "side": "sell", "size": "5.50000000", "price": "0.20116000", "time": "2025-07-13T16:09:36.736945Z", "fetched_at": "2025-07-13T16:10:49.643160+00:00", "symbol": "DOGE-USD"}, {"trade_id": 138831207, "side": "sell", "size": "4737.90000000", "price": "0.20113000", "time": "2025-07-13T16:09:35.806714Z", "fetched_at": "2025-07-13T16:10:49.643160+00:00", "symbol": "DOGE-USD"}, {"trade_id": 138831206, "side": "sell", "size": "2842.70000000", "price": "0.20112000", "time": "2025-07-13T16:09:35.798582Z", "fetched_at": "2025-07-13T16:10:49.643160+00:00", "symbol": "DOGE-USD"}, {"trade_id": 138831205, "side": "sell", "size": "5.50000000", "price": "0.20112000", "time": "2025-07-13T16:09:35.798582Z", "fetched_at": "2025-07-13T16:10:49.643160+00:00", "symbol": "DOGE-USD"}, {"trade_id": 138831204, "side": "sell", "size": "55.80000000", "price": "0.20111000", "time": "2025-07-13T16:09:35.798582Z", "fetched_at": "2025-07-13T16:10:49.643160+00:00", "symbol": "DOGE-USD"}, {"trade_id": 138831203, "side": "sell", "size": "257.40000000", "price": "0.20110000", "time": "2025-07-13T16:09:35.798582Z", "fetched_at": "2025-07-13T16:10:49.643160+00:00", "symbol": "DOGE-USD"}, {"trade_id": 138831202, "side": "sell", "size": "5.50000000", "price": "0.20106000", "time": "2025-07-13T16:09:32.212808Z", "fetched_at": "2025-07-13T16:10:49.643160+00:00", "symbol": "DOGE-USD"}, {"trade_id": 138831201, "side": "buy", "size": "690.30000000", "price": "0.20098000", "time": "2025-07-13T16:09:24.291471Z", "fetched_at": "2025-07-13T16:10:49.643160+00:00", "symbol": "DOGE-USD"}, {"trade_id": 138831200, "side": "buy", "size": "5.50000000", "price": "0.20098000", "time": "2025-07-13T16:09:24.291471Z", "fetched_at": "2025-07-13T16:10:49.643160+00:00", "symbol": "DOGE-USD"}, {"trade_id": 138831199, "side": "buy", "size": "5.50000000", "price": "0.20100000", "time": "2025-07-13T16:09:24.287683Z", "fetched_at": "2025-07-13T16:10:49.643160+00:00", "symbol": "DOGE-USD"}, {"trade_id": 138831198, "side": "buy", "size": "13076.40000000", "price": "0.20100000", "time": "2025-07-13T16:09:24.287683Z", "fetched_at": "2025-07-13T16:10:49.643160+00:00", "symbol": "DOGE-USD"}, {"trade_id": 138831197, "side": "buy", "size": "30877.70000000", "price": "0.20100000", "time": "2025-07-13T16:09:24.287648Z", "fetched_at": "2025-07-13T16:10:49.643160+00:00", "symbol": "DOGE-USD"}, {"trade_id": 138831196, "side": "buy", "size": "132688.90000000", "price": "0.20100000", "time": "2025-07-13T16:09:24.287071Z", "fetched_at": "2025-07-13T16:10:49.643160+00:00", "symbol": "DOGE-USD"}, {"trade_id": 138831195, "side": "buy", "size": "9290.60000000", "price": "0.20100000", "time": "2025-07-13T16:09:24.286972Z", "fetched_at": "2025-07-13T16:10:49.643160+00:00", "symbol": "DOGE-USD"}, {"trade_id": 138831194, "side": "buy", "size": "25447.00000000", "price": "0.20100000", "time": "2025-07-13T16:09:22.558880Z", "fetched_at": "2025-07-13T16:10:49.643160+00:00", "symbol": "DOGE-USD"}, {"trade_id": 138831193, "side": "buy", "size": "124.90000000", "price": "0.20100000", "time": "2025-07-13T16:09:22.486481Z", "fetched_at": "2025-07-13T16:10:49.643160+00:00", "symbol": "DOGE-USD"}, {"trade_id": 138831192, "side": "buy", "size": "24.60000000", "price": "0.20101000", "time": "2025-07-13T16:09:22.263063Z", "fetched_at": "2025-07-13T16:10:49.643160+00:00", "symbol": "DOGE-USD"}, {"trade_id": 138831191, "side": "buy", "size": "5.50000000", "price": "0.20102000", "time": "2025-07-13T16:09:22.259993Z", "fetched_at": "2025-07-13T16:10:49.643160+00:00", "symbol": "DOGE-USD"}, {"trade_id": 138831190, "side": "buy", "size": "5.50000000", "price": "0.20104000", "time": "2025-07-13T16:09:22.226838Z", "fetched_at": "2025-07-13T16:10:49.643160+00:00", "symbol": "DOGE-USD"}, {"trade_id": 138831189, "side": "buy", "size": "5.50000000", "price": "0.20106000", "time": "2025-07-13T16:09:22.115517Z", "fetched_at": "2025-07-13T16:10:49.643160+00:00", "symbol": "DOGE-USD"}, {"trade_id": 138831188, "side": "buy", "size": "690.30000000", "price": "0.20107000", "time": "2025-07-13T16:09:22.115517Z", "fetched_at": "2025-07-13T16:10:49.643160+00:00", "symbol": "DOGE-USD"}, {"trade_id": 138831187, "side": "buy", "size": "23.00000000", "price": "0.20108000", "time": "2025-07-13T16:09:22.114713Z", "fetched_at": "2025-07-13T16:10:49.643160+00:00", "symbol": "DOGE-USD"}, {"trade_id": 138831186, "side": "sell", "size": "106.10000000", "price": "0.20109000", "time": "2025-07-13T16:09:21.731332Z", "fetched_at": "2025-07-13T16:10:49.643160+00:00", "symbol": "DOGE-USD"}, {"trade_id": 138831185, "side": "buy", "size": "0.40000000", "price": "0.20108000", "time": "2025-07-13T16:09:21.575174Z", "fetched_at": "2025-07-13T16:10:49.643160+00:00", "symbol": "DOGE-USD"}, {"trade_id": 138831184, "side": "buy", "size": "5.50000000", "price": "0.20108000", "time": "2025-07-13T16:09:21.575174Z", "fetched_at": "2025-07-13T16:10:49.643160+00:00", "symbol": "DOGE-USD"}, {"trade_id": 138831183, "side": "buy", "size": "5.50000000", "price": "0.20110000", "time": "2025-07-13T16:09:20.443938Z", "fetched_at": "2025-07-13T16:10:49.643160+00:00", "symbol": "DOGE-USD"}, {"trade_id": 138831182, "side": "buy", "size": "5.50000000", "price": "0.20112000", "time": "2025-07-13T16:09:16.206580Z", "fetched_at": "2025-07-13T16:10:49.643160+00:00", "symbol": "DOGE-USD"}, {"trade_id": 138831181, "side": "sell", "size": "664.70000000", "price": "0.20119000", "time": "2025-07-13T16:09:08.251703Z", "fetched_at": "2025-07-13T16:10:49.643160+00:00", "symbol": "DOGE-USD"}, {"trade_id": 138831180, "side": "sell", "size": "81.80000000", "price": "0.20118000", "time": "2025-07-13T16:09:08.243947Z", "fetched_at": "2025-07-13T16:10:49.643160+00:00", "symbol": "DOGE-USD"}, {"trade_id": 138831179, "side": "sell", "size": "5.50000000", "price": "0.20118000", "time": "2025-07-13T16:09:08.243947Z", "fetched_at": "2025-07-13T16:10:49.643160+00:00", "symbol": "DOGE-USD"}, {"trade_id": 138831178, "side": "sell", "size": "18089.60000000", "price": "0.20118000", "time": "2025-07-13T16:09:08.243947Z", "fetched_at": "2025-07-13T16:10:49.643160+00:00", "symbol": "DOGE-USD"}, {"trade_id": 138831177, "side": "buy", "size": "120.30000000", "price": "0.20112000", "time": "2025-07-13T16:09:07.402048Z", "fetched_at": "2025-07-13T16:10:49.643160+00:00", "symbol": "DOGE-USD"}, {"trade_id": 138831176, "side": "buy", "size": "5.50000000", "price": "0.20112000", "time": "2025-07-13T16:09:07.402048Z", "fetched_at": "2025-07-13T16:10:49.643160+00:00", "symbol": "DOGE-USD"}, {"trade_id": 138831175, "side": "buy", "size": "2669.30000000", "price": "0.20112000", "time": "2025-07-13T16:09:07.402048Z", "fetched_at": "2025-07-13T16:10:49.643160+00:00", "symbol": "DOGE-USD"}, {"trade_id": 138831174, "side": "buy", "size": "4448.90000000", "price": "0.20113000", "time": "2025-07-13T16:09:07.402048Z", "fetched_at": "2025-07-13T16:10:49.643160+00:00", "symbol": "DOGE-USD"}, {"trade_id": 138831173, "side": "buy", "size": "2672.60000000", "price": "0.20113000", "time": "2025-07-13T16:09:07.402048Z", "fetched_at": "2025-07-13T16:10:49.643160+00:00", "symbol": "DOGE-USD"}, {"trade_id": 138831172, "side": "buy", "size": "3131.00000000", "price": "0.20114000", "time": "2025-07-13T16:09:07.402048Z", "fetched_at": "2025-07-13T16:10:49.643160+00:00", "symbol": "DOGE-USD"}, {"trade_id": 138831171, "side": "buy", "size": "1300.00000000", "price": "0.20114000", "time": "2025-07-13T16:09:07.402048Z", "fetched_at": "2025-07-13T16:10:49.643160+00:00", "symbol": "DOGE-USD"}, {"trade_id": 138831170, "side": "buy", "size": "690.30000000", "price": "0.20115000", "time": "2025-07-13T16:09:07.402048Z", "fetched_at": "2025-07-13T16:10:49.643160+00:00", "symbol": "DOGE-USD"}, {"trade_id": 138831169, "side": "buy", "size": "30.60000000", "price": "0.20116000", "time": "2025-07-13T16:09:07.402048Z", "fetched_at": "2025-07-13T16:10:49.643160+00:00", "symbol": "DOGE-USD"}, {"trade_id": 138831168, "side": "sell", "size": "1191.10000000", "price": "0.20116000", "time": "2025-07-13T16:09:05.254805Z", "fetched_at": "2025-07-13T16:10:49.643160+00:00", "symbol": "DOGE-USD"}, {"trade_id": 138831167, "side": "sell", "size": "257.40000000", "price": "0.20115000", "time": "2025-07-13T16:09:05.254805Z", "fetched_at": "2025-07-13T16:10:49.643160+00:00", "symbol": "DOGE-USD"}, {"trade_id": 138831166, "side": "sell", "size": "168.60000000", "price": "0.20111000", "time": "2025-07-13T16:09:01.567915Z", "fetched_at": "2025-07-13T16:10:49.643160+00:00", "symbol": "DOGE-USD"}, {"trade_id": 138831165, "side": "sell", "size": "265.20000000", "price": "0.20111000", "time": "2025-07-13T16:09:01.567915Z", "fetched_at": "2025-07-13T16:10:49.643160+00:00", "symbol": "DOGE-USD"}, {"trade_id": 138831164, "side": "buy", "size": "5.50000000", "price": "0.20112000", "time": "2025-07-13T16:09:01.496309Z", "fetched_at": "2025-07-13T16:10:49.643160+00:00", "symbol": "DOGE-USD"}, {"trade_id": 138831163, "side": "buy", "size": "5.50000000", "price": "0.20114000", "time": "2025-07-13T16:09:01.427777Z", "fetched_at": "2025-07-13T16:10:49.643160+00:00", "symbol": "DOGE-USD"}, {"trade_id": 138831162, "side": "buy", "size": "5.50000000", "price": "0.20116000", "time": "2025-07-13T16:09:00.795681Z", "fetched_at": "2025-07-13T16:10:49.643160+00:00", "symbol": "DOGE-USD"}, {"trade_id": 138831161, "side": "buy", "size": "5.50000000", "price": "0.20118000", "time": "2025-07-13T16:09:00.636390Z", "fetched_at": "2025-07-13T16:10:49.643160+00:00", "symbol": "DOGE-USD"}, {"trade_id": 138831160, "side": "buy", "size": "5.50000000", "price": "0.20120000", "time": "2025-07-13T16:09:00.558784Z", "fetched_at": "2025-07-13T16:10:49.643160+00:00", "symbol": "DOGE-USD"}, {"trade_id": 138831159, "side": "buy", "size": "45.80000000", "price": "0.20122000", "time": "2025-07-13T16:09:00.487012Z", "fetched_at": "2025-07-13T16:10:49.643160+00:00", "symbol": "DOGE-USD"}, {"trade_id": 138831158, "side": "buy", "size": "5.50000000", "price": "0.20122000", "time": "2025-07-13T16:09:00.487012Z", "fetched_at": "2025-07-13T16:10:49.643160+00:00", "symbol": "DOGE-USD"}, {"trade_id": 138831157, "side": "buy", "size": "5.50000000", "price": "0.20124000", "time": "2025-07-13T16:09:00.476032Z", "fetched_at": "2025-07-13T16:10:49.643160+00:00", "symbol": "DOGE-USD"}, {"trade_id": 138831156, "side": "sell", "size": "5.50000000", "price": "0.20128000", "time": "2025-07-13T16:08:57.245655Z", "fetched_at": "2025-07-13T16:10:49.643160+00:00", "symbol": "DOGE-USD"}, {"trade_id": 138831155, "side": "sell", "size": "5.50000000", "price": "0.20126000", "time": "2025-07-13T16:08:49.964291Z", "fetched_at": "2025-07-13T16:10:49.643160+00:00", "symbol": "DOGE-USD"}, {"trade_id": 138831154, "side": "sell", "size": "48.30000000", "price": "0.20122000", "time": "2025-07-13T16:08:46.025170Z", "fetched_at": "2025-07-13T16:10:49.643160+00:00", "symbol": "DOGE-USD"}, {"trade_id": 138831153, "side": "sell", "size": "1089.90000000", "price": "0.20119000", "time": "2025-07-13T16:08:44.077312Z", "fetched_at": "2025-07-13T16:10:49.643160+00:00", "symbol": "DOGE-USD"}, {"trade_id": 138831152, "side": "sell", "size": "1089.90000000", "price": "0.20119000", "time": "2025-07-13T16:08:44.077312Z", "fetched_at": "2025-07-13T16:10:49.643160+00:00", "symbol": "DOGE-USD"}, {"trade_id": 138831151, "side": "buy", "size": "5.50000000", "price": "0.20118000", "time": "2025-07-13T16:08:43.170633Z", "fetched_at": "2025-07-13T16:10:49.643160+00:00", "symbol": "DOGE-USD"}, {"trade_id": 138831150, "side": "buy", "size": "5.50000000", "price": "0.20120000", "time": "2025-07-13T16:08:43.099499Z", "fetched_at": "2025-07-13T16:10:49.643160+00:00", "symbol": "DOGE-USD"}, {"trade_id": 138831149, "side": "sell", "size": "361.80000000", "price": "0.20121000", "time": "2025-07-13T16:08:38.729995Z", "fetched_at": "2025-07-13T16:10:49.643160+00:00", "symbol": "DOGE-USD"}, {"trade_id": 138831148, "side": "buy", "size": "35.80000000", "price": "0.20126000", "time": "2025-07-13T16:08:38.320752Z", "fetched_at": "2025-07-13T16:10:49.643160+00:00", "symbol": "DOGE-USD"}, {"trade_id": 138831147, "side": "buy", "size": "5.50000000", "price": "0.20126000", "time": "2025-07-13T16:08:38.320752Z", "fetched_at": "2025-07-13T16:10:49.643160+00:00", "symbol": "DOGE-USD"}, {"trade_id": 138831146, "side": "buy", "size": "5.50000000", "price": "0.20128000", "time": "2025-07-13T16:08:38.313658Z", "fetched_at": "2025-07-13T16:10:49.643160+00:00", "symbol": "DOGE-USD"}, {"trade_id": 138831145, "side": "buy", "size": "18083.50000000", "price": "0.20129000", "time": "2025-07-13T16:08:36.559536Z", "fetched_at": "2025-07-13T16:10:49.643160+00:00", "symbol": "DOGE-USD"}, {"trade_id": 138831144, "side": "buy", "size": "4677.10000000", "price": "0.20129000", "time": "2025-07-13T16:08:36.559536Z", "fetched_at": "2025-07-13T16:10:49.643160+00:00", "symbol": "DOGE-USD"}, {"trade_id": 138831143, "side": "buy", "size": "11575.00000000", "price": "0.20130000", "time": "2025-07-13T16:08:36.557100Z", "fetched_at": "2025-07-13T16:10:49.643160+00:00", "symbol": "DOGE-USD"}, {"trade_id": 138831142, "side": "buy", "size": "5.50000000", "price": "0.20130000", "time": "2025-07-13T16:08:36.557100Z", "fetched_at": "2025-07-13T16:10:49.643160+00:00", "symbol": "DOGE-USD"}, {"trade_id": 138831141, "side": "buy", "size": "2980.40000000", "price": "0.20131000", "time": "2025-07-13T16:08:36.552823Z", "fetched_at": "2025-07-13T16:10:49.643160+00:00", "symbol": "DOGE-USD"}, {"trade_id": 138831140, "side": "buy", "size": "39.30000000", "price": "0.20132000", "time": "2025-07-13T16:08:36.552823Z", "fetched_at": "2025-07-13T16:10:49.643160+00:00", "symbol": "DOGE-USD"}, {"trade_id": 138831139, "side": "buy", "size": "5.50000000", "price": "0.20132000", "time": "2025-07-13T16:08:36.552823Z", "fetched_at": "2025-07-13T16:10:49.643160+00:00", "symbol": "DOGE-USD"}, {"trade_id": 138831138, "side": "buy", "size": "194.60000000", "price": "0.20135000", "time": "2025-07-13T16:08:36.552823Z", "fetched_at": "2025-07-13T16:10:49.643160+00:00", "symbol": "DOGE-USD"}, {"trade_id": 138831137, "side": "sell", "size": "1282.80000000", "price": "0.20133000", "time": "2025-07-13T16:08:35.871327Z", "fetched_at": "2025-07-13T16:10:49.643160+00:00", "symbol": "DOGE-USD"}, {"trade_id": 138831136, "side": "sell", "size": "265.20000000", "price": "0.20133000", "time": "2025-07-13T16:08:35.871327Z", "fetched_at": "2025-07-13T16:10:49.643160+00:00", "symbol": "DOGE-USD"}, {"trade_id": 138831135, "side": "sell", "size": "257.40000000", "price": "0.20133000", "time": "2025-07-13T16:08:35.871327Z", "fetched_at": "2025-07-13T16:10:49.643160+00:00", "symbol": "DOGE-USD"}, {"trade_id": 138831134, "side": "buy", "size": "5.50000000", "price": "0.20134000", "time": "2025-07-13T16:08:35.845541Z", "fetched_at": "2025-07-13T16:10:49.643160+00:00", "symbol": "DOGE-USD"}, {"trade_id": 138831133, "side": "sell", "size": "41.90000000", "price": "0.20135000", "time": "2025-07-13T16:08:35.281299Z", "fetched_at": "2025-07-13T16:10:49.643160+00:00", "symbol": "DOGE-USD"}, {"trade_id": 138831132, "side": "sell", "size": "257.40000000", "price": "0.20135000", "time": "2025-07-13T16:08:35.281299Z", "fetched_at": "2025-07-13T16:10:49.643160+00:00", "symbol": "DOGE-USD"}, {"trade_id": 138831131, "side": "sell", "size": "183.00000000", "price": "0.20135000", "time": "2025-07-13T16:08:35.281299Z", "fetched_at": "2025-07-13T16:10:49.643160+00:00", "symbol": "DOGE-USD"}, {"trade_id": 138831130, "side": "buy", "size": "5.50000000", "price": "0.20136000", "time": "2025-07-13T16:08:31.278958Z", "fetched_at": "2025-07-13T16:10:49.643160+00:00", "symbol": "DOGE-USD"}, {"trade_id": 138831129, "side": "buy", "size": "5.50000000", "price": "0.20138000", "time": "2025-07-13T16:08:30.805061Z", "fetched_at": "2025-07-13T16:10:49.643160+00:00", "symbol": "DOGE-USD"}, {"trade_id": 138831128, "side": "sell", "size": "241.20000000", "price": "0.20140000", "time": "2025-07-13T16:08:26.008293Z", "fetched_at": "2025-07-13T16:10:49.643160+00:00", "symbol": "DOGE-USD"}, {"trade_id": 138831127, "side": "sell", "size": "98.30000000", "price": "0.20140000", "time": "2025-07-13T16:08:23.455562Z", "fetched_at": "2025-07-13T16:10:49.643160+00:00", "symbol": "DOGE-USD"}, {"trade_id": 138831126, "side": "buy", "size": "5.50000000", "price": "0.20140000", "time": "2025-07-13T16:08:22.346114Z", "fetched_at": "2025-07-13T16:10:49.643160+00:00", "symbol": "DOGE-USD"}, {"trade_id": 138831125, "side": "sell", "size": "4906.70000000", "price": "0.20149000", "time": "2025-07-13T16:08:18.581715Z", "fetched_at": "2025-07-13T16:10:49.643160+00:00", "symbol": "DOGE-USD"}, {"trade_id": 138831124, "side": "sell", "size": "6316.20000000", "price": "0.20149000", "time": "2025-07-13T16:08:18.581715Z", "fetched_at": "2025-07-13T16:10:49.643160+00:00", "symbol": "DOGE-USD"}, {"trade_id": 138831123, "side": "sell", "size": "769.50000000", "price": "0.20149000", "time": "2025-07-13T16:08:18.581715Z", "fetched_at": "2025-07-13T16:10:49.643160+00:00", "symbol": "DOGE-USD"}, {"trade_id": 138831122, "side": "sell", "size": "3893.70000000", "price": "0.20148000", "time": "2025-07-13T16:08:18.581715Z", "fetched_at": "2025-07-13T16:10:49.643160+00:00", "symbol": "DOGE-USD"}, {"trade_id": 138831121, "side": "sell", "size": "55.70000000", "price": "0.20148000", "time": "2025-07-13T16:08:18.581715Z", "fetched_at": "2025-07-13T16:10:49.643160+00:00", "symbol": "DOGE-USD"}, {"trade_id": 138831120, "side": "sell", "size": "1918.00000000", "price": "0.20148000", "time": "2025-07-13T16:08:18.581715Z", "fetched_at": "2025-07-13T16:10:49.643160+00:00", "symbol": "DOGE-USD"}, {"trade_id": 138831119, "side": "sell", "size": "5.50000000", "price": "0.20148000", "time": "2025-07-13T16:08:18.581715Z", "fetched_at": "2025-07-13T16:10:49.643160+00:00", "symbol": "DOGE-USD"}, {"trade_id": 138831118, "side": "sell", "size": "3115.40000000", "price": "0.20148000", "time": "2025-07-13T16:08:18.581715Z", "fetched_at": "2025-07-13T16:10:49.643160+00:00", "symbol": "DOGE-USD"}, {"trade_id": 138831117, "side": "sell", "size": "1314.00000000", "price": "0.20145000", "time": "2025-07-13T16:08:18.581715Z", "fetched_at": "2025-07-13T16:10:49.643160+00:00", "symbol": "DOGE-USD"}, {"trade_id": 138831116, "side": "sell", "size": "1310.20000000", "price": "0.20145000", "time": "2025-07-13T16:08:18.581715Z", "fetched_at": "2025-07-13T16:10:49.643160+00:00", "symbol": "DOGE-USD"}, {"trade_id": 138831115, "side": "sell", "size": "1148.40000000", "price": "0.20145000", "time": "2025-07-13T16:08:18.581715Z", "fetched_at": "2025-07-13T16:10:49.643160+00:00", "symbol": "DOGE-USD"}, {"trade_id": 138831114, "side": "sell", "size": "241.30000000", "price": "0.20143000", "time": "2025-07-13T16:08:18.364869Z", "fetched_at": "2025-07-13T16:10:49.643160+00:00", "symbol": "DOGE-USD"}, {"trade_id": 138831113, "side": "buy", "size": "18083.90000000", "price": "0.20142000", "time": "2025-07-13T16:08:17.689789Z", "fetched_at": "2025-07-13T16:10:49.643160+00:00", "symbol": "DOGE-USD"}, {"trade_id": 138831112, "side": "buy", "size": "32.80000000", "price": "0.20143000", "time": "2025-07-13T16:08:17.689789Z", "fetched_at": "2025-07-13T16:10:49.643160+00:00", "symbol": "DOGE-USD"}, {"trade_id": 138831111, "side": "buy", "size": "5.50000000", "price": "0.20144000", "time": "2025-07-13T16:08:17.657085Z", "fetched_at": "2025-07-13T16:10:49.643160+00:00", "symbol": "DOGE-USD"}, {"trade_id": 138831110, "side": "sell", "size": "5.50000000", "price": "0.20150000", "time": "2025-07-13T16:08:13.460888Z", "fetched_at": "2025-07-13T16:10:49.643160+00:00", "symbol": "DOGE-USD"}, {"trade_id": 138831109, "side": "sell", "size": "649.00000000", "price": "0.20150000", "time": "2025-07-13T16:08:13.460888Z", "fetched_at": "2025-07-13T16:10:49.643160+00:00", "symbol": "DOGE-USD"}, {"trade_id": 138831108, "side": "sell", "size": "55.70000000", "price": "0.20149000", "time": "2025-07-13T16:08:13.460888Z", "fetched_at": "2025-07-13T16:10:49.643160+00:00", "symbol": "DOGE-USD"}, {"trade_id": 138831107, "side": "sell", "size": "56.70000000", "price": "0.20149000", "time": "2025-07-13T16:08:13.460888Z", "fetched_at": "2025-07-13T16:10:49.643160+00:00", "symbol": "DOGE-USD"}, {"trade_id": 138831106, "side": "sell", "size": "5.50000000", "price": "0.20148000", "time": "2025-07-13T16:08:13.460888Z", "fetched_at": "2025-07-13T16:10:49.643160+00:00", "symbol": "DOGE-USD"}, {"trade_id": 138831105, "side": "sell", "size": "32.00000000", "price": "0.20148000", "time": "2025-07-13T16:08:13.460888Z", "fetched_at": "2025-07-13T16:10:49.643160+00:00", "symbol": "DOGE-USD"}, {"trade_id": 138831104, "side": "sell", "size": "76.70000000", "price": "0.20147000", "time": "2025-07-13T16:08:13.460888Z", "fetched_at": "2025-07-13T16:10:49.643160+00:00", "symbol": "DOGE-USD"}, {"trade_id": 138831103, "side": "sell", "size": "5.50000000", "price": "0.20146000", "time": "2025-07-13T16:08:13.460888Z", "fetched_at": "2025-07-13T16:10:49.643160+00:00", "symbol": "DOGE-USD"}, {"trade_id": 138831102, "side": "sell", "size": "195.80000000", "price": "0.20146000", "time": "2025-07-13T16:08:13.460888Z", "fetched_at": "2025-07-13T16:10:49.643160+00:00", "symbol": "DOGE-USD"}, {"trade_id": 138831101, "side": "sell", "size": "111.60000000", "price": "0.20145000", "time": "2025-07-13T16:08:12.374281Z", "fetched_at": "2025-07-13T16:10:49.643160+00:00", "symbol": "DOGE-USD"}, {"trade_id": 138831100, "side": "sell", "size": "5.50000000", "price": "0.20144000", "time": "2025-07-13T16:08:12.366842Z", "fetched_at": "2025-07-13T16:10:49.643160+00:00", "symbol": "DOGE-USD"}, {"trade_id": 138831099, "side": "buy", "size": "39.90000000", "price": "0.20141000", "time": "2025-07-13T16:08:11.808751Z", "fetched_at": "2025-07-13T16:10:49.643160+00:00", "symbol": "DOGE-USD"}, {"trade_id": 138831098, "side": "buy", "size": "15.90000000", "price": "0.20142000", "time": "2025-07-13T16:08:11.808751Z", "fetched_at": "2025-07-13T16:10:49.643160+00:00", "symbol": "DOGE-USD"}, {"trade_id": 138831097, "side": "buy", "size": "401.60000000", "price": "0.20143000", "time": "2025-07-13T16:08:11.808751Z", "fetched_at": "2025-07-13T16:10:49.643160+00:00", "symbol": "DOGE-USD"}, {"trade_id": 138831096, "side": "buy", "size": "690.30000000", "price": "0.20140000", "time": "2025-07-13T16:08:08.887786Z", "fetched_at": "2025-07-13T16:10:49.643160+00:00", "symbol": "DOGE-USD"}, {"trade_id": 138831095, "side": "buy", "size": "32.20000000", "price": "0.20142000", "time": "2025-07-13T16:08:08.879990Z", "fetched_at": "2025-07-13T16:10:49.643160+00:00", "symbol": "DOGE-USD"}, {"trade_id": 138831094, "side": "buy", "size": "183.00000000", "price": "0.20142000", "time": "2025-07-13T16:08:08.879990Z", "fetched_at": "2025-07-13T16:10:49.643160+00:00", "symbol": "DOGE-USD"}, {"trade_id": 138831093, "side": "buy", "size": "401.60000000", "price": "0.20142000", "time": "2025-07-13T16:08:08.879990Z", "fetched_at": "2025-07-13T16:10:49.643160+00:00", "symbol": "DOGE-USD"}, {"trade_id": 138831092, "side": "buy", "size": "32.20000000", "price": "0.20144000", "time": "2025-07-13T16:08:08.178271Z", "fetched_at": "2025-07-13T16:10:49.643160+00:00", "symbol": "DOGE-USD"}, {"trade_id": 138831091, "side": "buy", "size": "401.60000000", "price": "0.20144000", "time": "2025-07-13T16:08:08.178271Z", "fetched_at": "2025-07-13T16:10:49.643160+00:00", "symbol": "DOGE-USD"}, {"trade_id": 138831090, "side": "sell", "size": "5.50000000", "price": "0.20144000", "time": "2025-07-13T16:08:07.223641Z", "fetched_at": "2025-07-13T16:10:49.643160+00:00", "symbol": "DOGE-USD"}, {"trade_id": 138831089, "side": "sell", "size": "116.50000000", "price": "0.20144000", "time": "2025-07-13T16:08:07.223641Z", "fetched_at": "2025-07-13T16:10:49.643160+00:00", "symbol": "DOGE-USD"}, {"trade_id": 138831088, "side": "sell", "size": "1407.90000000", "price": "0.20143000", "time": "2025-07-13T16:08:07.223641Z", "fetched_at": "2025-07-13T16:10:49.643160+00:00", "symbol": "DOGE-USD"}, {"trade_id": 138831087, "side": "sell", "size": "76.80000000", "price": "0.20143000", "time": "2025-07-13T16:08:07.223641Z", "fetched_at": "2025-07-13T16:10:49.643160+00:00", "symbol": "DOGE-USD"}, {"trade_id": 138831086, "side": "sell", "size": "5.50000000", "price": "0.20142000", "time": "2025-07-13T16:08:07.197563Z", "fetched_at": "2025-07-13T16:10:49.643160+00:00", "symbol": "DOGE-USD"}, {"trade_id": 138831085, "side": "sell", "size": "196.00000000", "price": "0.20142000", "time": "2025-07-13T16:08:07.197563Z", "fetched_at": "2025-07-13T16:10:49.643160+00:00", "symbol": "DOGE-USD"}, {"trade_id": 138831084, "side": "sell", "size": "5.50000000", "price": "0.20140000", "time": "2025-07-13T16:08:07.132275Z", "fetched_at": "2025-07-13T16:10:49.643160+00:00", "symbol": "DOGE-USD"}, {"trade_id": 138831083, "side": "sell", "size": "5.50000000", "price": "0.20138000", "time": "2025-07-13T16:08:04.153511Z", "fetched_at": "2025-07-13T16:10:49.643160+00:00", "symbol": "DOGE-USD"}, {"trade_id": 138831082, "side": "sell", "size": "5.50000000", "price": "0.20136000", "time": "2025-07-13T16:08:03.511669Z", "fetched_at": "2025-07-13T16:10:49.643160+00:00", "symbol": "DOGE-USD"}, {"trade_id": 138831081, "side": "sell", "size": "1369.60000000", "price": "0.20132000", "time": "2025-07-13T16:08:02.516721Z", "fetched_at": "2025-07-13T16:10:49.643160+00:00", "symbol": "DOGE-USD"}, {"trade_id": 138831080, "side": "sell", "size": "7.10000000", "price": "0.20131000", "time": "2025-07-13T16:08:02.304398Z", "fetched_at": "2025-07-13T16:10:49.643160+00:00", "symbol": "DOGE-USD"}, {"trade_id": 138831079, "side": "sell", "size": "265.20000000", "price": "0.20131000", "time": "2025-07-13T16:08:02.304398Z", "fetched_at": "2025-07-13T16:10:49.643160+00:00", "symbol": "DOGE-USD"}, {"trade_id": 138831078, "side": "sell", "size": "96.50000000", "price": "0.20134000", "time": "2025-07-13T16:07:59.506324Z", "fetched_at": "2025-07-13T16:10:49.643160+00:00", "symbol": "DOGE-USD"}, {"trade_id": 138831077, "side": "sell", "size": "5.50000000", "price": "0.20134000", "time": "2025-07-13T16:07:54.958359Z", "fetched_at": "2025-07-13T16:10:49.643160+00:00", "symbol": "DOGE-USD"}, {"trade_id": 138831076, "side": "sell", "size": "5.50000000", "price": "0.20132000", "time": "2025-07-13T16:07:49.727336Z", "fetched_at": "2025-07-13T16:10:49.643160+00:00", "symbol": "DOGE-USD"}, {"trade_id": 138831075, "side": "sell", "size": "5.50000000", "price": "0.20130000", "time": "2025-07-13T16:07:48.897455Z", "fetched_at": "2025-07-13T16:10:49.643160+00:00", "symbol": "DOGE-USD"}, {"trade_id": 138831074, "side": "sell", "size": "560.60000000", "price": "0.20128000", "time": "2025-07-13T16:07:48.495891Z", "fetched_at": "2025-07-13T16:10:49.643160+00:00", "symbol": "DOGE-USD"}, {"trade_id": 138831073, "side": "sell", "size": "682.00000000", "price": "0.20128000", "time": "2025-07-13T16:07:48.494781Z", "fetched_at": "2025-07-13T16:10:49.643160+00:00", "symbol": "DOGE-USD"}, {"trade_id": 138831072, "side": "sell", "size": "5.50000000", "price": "0.20128000", "time": "2025-07-13T16:07:48.494781Z", "fetched_at": "2025-07-13T16:10:49.643160+00:00", "symbol": "DOGE-USD"}, {"trade_id": 138831071, "side": "buy", "size": "46.30000000", "price": "0.20127000", "time": "2025-07-13T16:07:48.171974Z", "fetched_at": "2025-07-13T16:10:49.643160+00:00", "symbol": "DOGE-USD"}, {"trade_id": 138831070, "side": "sell", "size": "5.50000000", "price": "0.20126000", "time": "2025-07-13T16:07:43.945060Z", "fetched_at": "2025-07-13T16:10:49.643160+00:00", "symbol": "DOGE-USD"}, {"trade_id": 138831069, "side": "sell", "size": "10.00000000", "price": "0.20126000", "time": "2025-07-13T16:07:43.945060Z", "fetched_at": "2025-07-13T16:10:49.643160+00:00", "symbol": "DOGE-USD"}, {"trade_id": 138831068, "side": "sell", "size": "623.40000000", "price": "0.20125000", "time": "2025-07-13T16:07:43.535887Z", "fetched_at": "2025-07-13T16:10:49.643160+00:00", "symbol": "DOGE-USD"}, {"trade_id": 138831067, "side": "sell", "size": "5.50000000", "price": "0.20124000", "time": "2025-07-13T16:07:43.469026Z", "fetched_at": "2025-07-13T16:10:49.643160+00:00", "symbol": "DOGE-USD"}, {"trade_id": 138831066, "side": "sell", "size": "5.50000000", "price": "0.20118000", "time": "2025-07-13T16:07:33.946541Z", "fetched_at": "2025-07-13T16:10:49.643160+00:00", "symbol": "DOGE-USD"}, {"trade_id": 138831065, "side": "sell", "size": "18110.30000000", "price": "0.20117000", "time": "2025-07-13T16:07:33.924860Z", "fetched_at": "2025-07-13T16:10:49.643160+00:00", "symbol": "DOGE-USD"}, {"trade_id": 138831064, "side": "buy", "size": "5.50000000", "price": "0.20112000", "time": "2025-07-13T16:07:31.618428Z", "fetched_at": "2025-07-13T16:10:49.643160+00:00", "symbol": "DOGE-USD"}, {"trade_id": 138831063, "side": "buy", "size": "5.50000000", "price": "0.20116000", "time": "2025-07-13T16:07:31.227902Z", "fetched_at": "2025-07-13T16:10:49.643160+00:00", "symbol": "DOGE-USD"}, {"trade_id": 138831062, "side": "sell", "size": "47.20000000", "price": "0.20117000", "time": "2025-07-13T16:07:30.321217Z", "fetched_at": "2025-07-13T16:10:49.643160+00:00", "symbol": "DOGE-USD"}, {"trade_id": 138831061, "side": "buy", "size": "5.50000000", "price": "0.20118000", "time": "2025-07-13T16:07:29.393002Z", "fetched_at": "2025-07-13T16:10:49.643160+00:00", "symbol": "DOGE-USD"}, {"trade_id": 138831060, "side": "buy", "size": "5.50000000", "price": "0.20120000", "time": "2025-07-13T16:07:29.366942Z", "fetched_at": "2025-07-13T16:10:49.643160+00:00", "symbol": "DOGE-USD"}, {"trade_id": 138831059, "side": "buy", "size": "283.80000000", "price": "0.20121000", "time": "2025-07-13T16:07:28.283782Z", "fetched_at": "2025-07-13T16:10:49.643160+00:00", "symbol": "DOGE-USD"}, {"trade_id": 138831058, "side": "buy", "size": "1207.10000000", "price": "0.20122000", "time": "2025-07-13T16:07:28.283782Z", "fetched_at": "2025-07-13T16:10:49.643160+00:00", "symbol": "DOGE-USD"}, {"trade_id": 138831057, "side": "buy", "size": "401.60000000", "price": "0.20123000", "time": "2025-07-13T16:07:28.283782Z", "fetched_at": "2025-07-13T16:10:49.643160+00:00", "symbol": "DOGE-USD"}, {"trade_id": 138831056, "side": "buy", "size": "26.90000000", "price": "0.20123000", "time": "2025-07-13T16:07:28.283782Z", "fetched_at": "2025-07-13T16:10:49.643160+00:00", "symbol": "DOGE-USD"}, {"trade_id": 138831055, "side": "sell", "size": "12.40000000", "price": "0.20125000", "time": "2025-07-13T16:07:25.870848Z", "fetched_at": "2025-07-13T16:10:49.643160+00:00", "symbol": "DOGE-USD"}, {"trade_id": 138831054, "side": "sell", "size": "5.50000000", "price": "0.20124000", "time": "2025-07-13T16:07:25.870848Z", "fetched_at": "2025-07-13T16:10:49.643160+00:00", "symbol": "DOGE-USD"}, {"trade_id": 138831053, "side": "sell", "size": "5.50000000", "price": "0.20122000", "time": "2025-07-13T16:07:25.870848Z", "fetched_at": "2025-07-13T16:10:49.643160+00:00", "symbol": "DOGE-USD"}, {"trade_id": 138831052, "side": "sell", "size": "1804.50000000", "price": "0.20123000", "time": "2025-07-13T16:07:21.233127Z", "fetched_at": "2025-07-13T16:10:49.643160+00:00", "symbol": "DOGE-USD"}, {"trade_id": 138831051, "side": "sell", "size": "1306.40000000", "price": "0.20122000", "time": "2025-07-13T16:07:21.232427Z", "fetched_at": "2025-07-13T16:10:49.643160+00:00", "symbol": "DOGE-USD"}, {"trade_id": 138831050, "side": "sell", "size": "18110.30000000", "price": "0.20121000", "time": "2025-07-13T16:07:21.232092Z", "fetched_at": "2025-07-13T16:10:49.643160+00:00", "symbol": "DOGE-USD"}, {"trade_id": 138831049, "side": "sell", "size": "55.80000000", "price": "0.20120000", "time": "2025-07-13T16:07:21.232092Z", "fetched_at": "2025-07-13T16:10:49.643160+00:00", "symbol": "DOGE-USD"}, {"trade_id": 138831048, "side": "sell", "size": "5.50000000", "price": "0.20120000", "time": "2025-07-13T16:07:21.232092Z", "fetched_at": "2025-07-13T16:10:49.643160+00:00", "symbol": "DOGE-USD"}, {"trade_id": 138831047, "side": "sell", "size": "5.50000000", "price": "0.20118000", "time": "2025-07-13T16:07:21.232092Z", "fetched_at": "2025-07-13T16:10:49.643160+00:00", "symbol": "DOGE-USD"}, {"trade_id": 138831046, "side": "sell", "size": "689.10000000", "price": "0.20115000", "time": "2025-07-13T16:07:20.340299Z", "fetched_at": "2025-07-13T16:10:49.643160+00:00", "symbol": "DOGE-USD"}, {"trade_id": 138831045, "side": "sell", "size": "18107.60000000", "price": "0.20111000", "time": "2025-07-13T16:07:20.168654Z", "fetched_at": "2025-07-13T16:10:49.643160+00:00", "symbol": "DOGE-USD"}, {"trade_id": 138831044, "side": "buy", "size": "5.50000000", "price": "0.20108000", "time": "2025-07-13T16:07:17.733725Z", "fetched_at": "2025-07-13T16:10:49.643160+00:00", "symbol": "DOGE-USD"}, {"trade_id": 138831043, "side": "buy", "size": "691.50000000", "price": "0.20110000", "time": "2025-07-13T16:07:17.557166Z", "fetched_at": "2025-07-13T16:10:49.643160+00:00", "symbol": "DOGE-USD"}, {"trade_id": 138831042, "side": "buy", "size": "16.50000000", "price": "0.20112000", "time": "2025-07-13T16:07:17.557166Z", "fetched_at": "2025-07-13T16:10:49.643160+00:00", "symbol": "DOGE-USD"}, {"trade_id": 138831041, "side": "buy", "size": "1001.90000000", "price": "0.20109000", "time": "2025-07-13T16:07:17.365474Z", "fetched_at": "2025-07-13T16:10:49.643160+00:00", "symbol": "DOGE-USD"}, {"trade_id": 138831040, "side": "buy", "size": "17.20000000", "price": "0.20110000", "time": "2025-07-13T16:07:17.365474Z", "fetched_at": "2025-07-13T16:10:49.643160+00:00", "symbol": "DOGE-USD"}, {"trade_id": 138831039, "side": "buy", "size": "19.80000000", "price": "0.20110000", "time": "2025-07-13T16:07:17.365474Z", "fetched_at": "2025-07-13T16:10:49.643160+00:00", "symbol": "DOGE-USD"}, {"trade_id": 138831038, "side": "buy", "size": "5.50000000", "price": "0.20110000", "time": "2025-07-13T16:07:17.365474Z", "fetched_at": "2025-07-13T16:10:49.643160+00:00", "symbol": "DOGE-USD"}, {"trade_id": 138831037, "side": "buy", "size": "5.50000000", "price": "0.20112000", "time": "2025-07-13T16:07:17.312848Z", "fetched_at": "2025-07-13T16:10:49.643160+00:00", "symbol": "DOGE-USD"}, {"trade_id": 138831036, "side": "buy", "size": "17.10000000", "price": "0.20113000", "time": "2025-07-13T16:07:17.309683Z", "fetched_at": "2025-07-13T16:10:49.643160+00:00", "symbol": "DOGE-USD"}, {"trade_id": 138831035, "side": "buy", "size": "14.10000000", "price": "0.20114000", "time": "2025-07-13T16:07:15.545843Z", "fetched_at": "2025-07-13T16:10:49.643160+00:00", "symbol": "DOGE-USD"}, {"trade_id": 138831034, "side": "buy", "size": "5.50000000", "price": "0.20114000", "time": "2025-07-13T16:07:15.545843Z", "fetched_at": "2025-07-13T16:10:49.643160+00:00", "symbol": "DOGE-USD"}, {"trade_id": 138831033, "side": "buy", "size": "5.50000000", "price": "0.20116000", "time": "2025-07-13T16:07:15.150152Z", "fetched_at": "2025-07-13T16:10:49.643160+00:00", "symbol": "DOGE-USD"}, {"trade_id": 138831032, "side": "buy", "size": "9.70000000", "price": "0.20118000", "time": "2025-07-13T16:07:15.077348Z", "fetched_at": "2025-07-13T16:10:49.643160+00:00", "symbol": "DOGE-USD"}, {"trade_id": 138831031, "side": "buy", "size": "5.50000000", "price": "0.20118000", "time": "2025-07-13T16:07:15.077348Z", "fetched_at": "2025-07-13T16:10:49.643160+00:00", "symbol": "DOGE-USD"}, {"trade_id": 138831030, "side": "buy", "size": "5.50000000", "price": "0.20120000", "time": "2025-07-13T16:07:15.049579Z", "fetched_at": "2025-07-13T16:10:49.643160+00:00", "symbol": "DOGE-USD"}, {"trade_id": 138831029, "side": "sell", "size": "1490.10000000", "price": "0.20124000", "time": "2025-07-13T16:07:09.474662Z", "fetched_at": "2025-07-13T16:10:49.643160+00:00", "symbol": "DOGE-USD"}, {"trade_id": 138831028, "side": "buy", "size": "2462.60000000", "price": "0.20121000", "time": "2025-07-13T16:07:08.452204Z", "fetched_at": "2025-07-13T16:10:49.643160+00:00", "symbol": "DOGE-USD"}, {"trade_id": 138831027, "side": "buy", "size": "5.50000000", "price": "0.20122000", "time": "2025-07-13T16:07:08.452204Z", "fetched_at": "2025-07-13T16:10:49.643160+00:00", "symbol": "DOGE-USD"}, {"trade_id": 138831026, "side": "buy", "size": "576.80000000", "price": "0.20123000", "time": "2025-07-13T16:07:08.452204Z", "fetched_at": "2025-07-13T16:10:49.643160+00:00", "symbol": "DOGE-USD"}, {"trade_id": 138831025, "side": "buy", "size": "114.70000000", "price": "0.20123000", "time": "2025-07-13T16:07:08.451958Z", "fetched_at": "2025-07-13T16:10:49.643160+00:00", "symbol": "DOGE-USD"}, {"trade_id": 138831024, "side": "buy", "size": "68.30000000", "price": "0.20123000", "time": "2025-07-13T16:07:08.451958Z", "fetched_at": "2025-07-13T16:10:49.643160+00:00", "symbol": "DOGE-USD"}, {"trade_id": 138831023, "side": "buy", "size": "2132.80000000", "price": "0.20123000", "time": "2025-07-13T16:07:08.450657Z", "fetched_at": "2025-07-13T16:10:49.643160+00:00", "symbol": "DOGE-USD"}, {"trade_id": 138831022, "side": "buy", "size": "183.00000000", "price": "0.20123000", "time": "2025-07-13T16:07:08.442815Z", "fetched_at": "2025-07-13T16:10:49.643160+00:00", "symbol": "DOGE-USD"}, {"trade_id": 138831021, "side": "buy", "size": "185.10000000", "price": "0.20123000", "time": "2025-07-13T16:07:08.442758Z", "fetched_at": "2025-07-13T16:10:49.643160+00:00", "symbol": "DOGE-USD"}, {"trade_id": 138831020, "side": "buy", "size": "10113.20000000", "price": "0.20123000", "time": "2025-07-13T16:07:08.436464Z", "fetched_at": "2025-07-13T16:10:49.643160+00:00", "symbol": "DOGE-USD"}, {"trade_id": 138831019, "side": "buy", "size": "7994.70000000", "price": "0.20123000", "time": "2025-07-13T16:07:08.435058Z", "fetched_at": "2025-07-13T16:10:49.643160+00:00", "symbol": "DOGE-USD"}, {"trade_id": 138831018, "side": "buy", "size": "1112.30000000", "price": "0.20123000", "time": "2025-07-13T16:07:08.435058Z", "fetched_at": "2025-07-13T16:10:49.643160+00:00", "symbol": "DOGE-USD"}, {"trade_id": 138831017, "side": "buy", "size": "3123.10000000", "price": "0.20123000", "time": "2025-07-13T16:07:08.432531Z", "fetched_at": "2025-07-13T16:10:49.643160+00:00", "symbol": "DOGE-USD"}, {"trade_id": 138831016, "side": "buy", "size": "12064.70000000", "price": "0.20124000", "time": "2025-07-13T16:07:08.432415Z", "fetched_at": "2025-07-13T16:10:49.643160+00:00", "symbol": "DOGE-USD"}, {"trade_id": 138831015, "side": "buy", "size": "5.50000000", "price": "0.20124000", "time": "2025-07-13T16:07:08.432415Z", "fetched_at": "2025-07-13T16:10:49.643160+00:00", "symbol": "DOGE-USD"}, {"trade_id": 138831014, "side": "buy", "size": "31.30000000", "price": "0.20125000", "time": "2025-07-13T16:07:08.432415Z", "fetched_at": "2025-07-13T16:10:49.643160+00:00", "symbol": "DOGE-USD"}, {"trade_id": 138831013, "side": "buy", "size": "5.50000000", "price": "0.20126000", "time": "2025-07-13T16:07:08.432415Z", "fetched_at": "2025-07-13T16:10:49.643160+00:00", "symbol": "DOGE-USD"}, {"trade_id": 138831012, "side": "sell", "size": "934.30000000", "price": "0.20129000", "time": "2025-07-13T16:07:04.216562Z", "fetched_at": "2025-07-13T16:10:49.643160+00:00", "symbol": "DOGE-USD"}, {"trade_id": 138831011, "side": "sell", "size": "5.50000000", "price": "0.20128000", "time": "2025-07-13T16:07:04.060924Z", "fetched_at": "2025-07-13T16:10:49.643160+00:00", "symbol": "DOGE-USD"}, {"trade_id": 138831010, "side": "buy", "size": "9357.50000000", "price": "0.20122000", "time": "2025-07-13T16:06:57.835261Z", "fetched_at": "2025-07-13T16:10:49.643160+00:00", "symbol": "DOGE-USD"}, {"trade_id": 138831009, "side": "buy", "size": "8746.60000000", "price": "0.20122000", "time": "2025-07-13T16:06:57.834962Z", "fetched_at": "2025-07-13T16:10:49.643160+00:00", "symbol": "DOGE-USD"}, {"trade_id": 138831008, "side": "buy", "size": "12381.50000000", "price": "0.20123000", "time": "2025-07-13T16:06:57.834962Z", "fetched_at": "2025-07-13T16:10:49.643160+00:00", "symbol": "DOGE-USD"}, {"trade_id": 138831007, "side": "buy", "size": "44.70000000", "price": "0.20124000", "time": "2025-07-13T16:06:57.834962Z", "fetched_at": "2025-07-13T16:10:49.643160+00:00", "symbol": "DOGE-USD"}, {"trade_id": 138831006, "side": "buy", "size": "5.50000000", "price": "0.20124000", "time": "2025-07-13T16:06:57.834962Z", "fetched_at": "2025-07-13T16:10:49.643160+00:00", "symbol": "DOGE-USD"}, {"trade_id": 138831005, "side": "buy", "size": "5.50000000", "price": "0.20128000", "time": "2025-07-13T16:06:56.156505Z", "fetched_at": "2025-07-13T16:10:49.643160+00:00", "symbol": "DOGE-USD"}, {"trade_id": 138831004, "side": "buy", "size": "5.50000000", "price": "0.20130000", "time": "2025-07-13T16:06:56.139468Z", "fetched_at": "2025-07-13T16:10:49.643160+00:00", "symbol": "DOGE-USD"}, {"trade_id": 138831003, "side": "sell", "size": "234.80000000", "price": "0.20131000", "time": "2025-07-13T16:06:56.124686Z", "fetched_at": "2025-07-13T16:10:49.643160+00:00", "symbol": "DOGE-USD"}, {"trade_id": 138831002, "side": "sell", "size": "265.20000000", "price": "0.20131000", "time": "2025-07-13T16:06:56.124686Z", "fetched_at": "2025-07-13T16:10:49.643160+00:00", "symbol": "DOGE-USD"}, {"trade_id": 138831001, "side": "buy", "size": "54.30000000", "price": "0.20132000", "time": "2025-07-13T16:06:56.027910Z", "fetched_at": "2025-07-13T16:10:49.643160+00:00", "symbol": "DOGE-USD"}, {"trade_id": 138831000, "side": "buy", "size": "5.50000000", "price": "0.20132000", "time": "2025-07-13T16:06:56.027910Z", "fetched_at": "2025-07-13T16:10:49.643160+00:00", "symbol": "DOGE-USD"}, {"trade_id": 138830999, "side": "buy", "size": "5.50000000", "price": "0.20134000", "time": "2025-07-13T16:06:56.026415Z", "fetched_at": "2025-07-13T16:10:49.643160+00:00", "symbol": "DOGE-USD"}, {"trade_id": 138830998, "side": "buy", "size": "18112.80000000", "price": "0.20136000", "time": "2025-07-13T16:06:55.244191Z", "fetched_at": "2025-07-13T16:10:49.643160+00:00", "symbol": "DOGE-USD"}, {"trade_id": 138830997, "side": "buy", "size": "3820.10000000", "price": "0.20136000", "time": "2025-07-13T16:06:55.244191Z", "fetched_at": "2025-07-13T16:10:49.643160+00:00", "symbol": "DOGE-USD"}, {"trade_id": 138830996, "side": "buy", "size": "52.70000000", "price": "0.20137000", "time": "2025-07-13T16:06:55.235803Z", "fetched_at": "2025-07-13T16:10:49.643160+00:00", "symbol": "DOGE-USD"}, {"trade_id": 138830995, "side": "sell", "size": "1584.50000000", "price": "0.20141000", "time": "2025-07-13T16:06:47.022916Z", "fetched_at": "2025-07-13T16:10:49.643160+00:00", "symbol": "DOGE-USD"}, {"trade_id": 138830994, "side": "sell", "size": "5488.40000000", "price": "0.20141000", "time": "2025-07-13T16:06:46.964216Z", "fetched_at": "2025-07-13T16:10:49.643160+00:00", "symbol": "DOGE-USD"}, {"trade_id": 138830993, "side": "sell", "size": "1346.50000000", "price": "0.20141000", "time": "2025-07-13T16:06:46.962075Z", "fetched_at": "2025-07-13T16:10:49.643160+00:00", "symbol": "DOGE-USD"}, {"trade_id": 138830992, "side": "sell", "size": "4617.00000000", "price": "0.20141000", "time": "2025-07-13T16:06:46.961630Z", "fetched_at": "2025-07-13T16:10:49.643160+00:00", "symbol": "DOGE-USD"}, {"trade_id": 138830991, "side": "sell", "size": "2176.60000000", "price": "0.20141000", "time": "2025-07-13T16:06:46.961287Z", "fetched_at": "2025-07-13T16:10:49.643160+00:00", "symbol": "DOGE-USD"}, {"trade_id": 138830990, "side": "sell", "size": "4490.50000000", "price": "0.20141000", "time": "2025-07-13T16:06:46.961215Z", "fetched_at": "2025-07-13T16:10:49.643160+00:00", "symbol": "DOGE-USD"}, {"trade_id": 138830989, "side": "sell", "size": "126.50000000", "price": "0.20141000", "time": "2025-07-13T16:06:46.961215Z", "fetched_at": "2025-07-13T16:10:49.643160+00:00", "symbol": "DOGE-USD"}, {"trade_id": 138830988, "side": "sell", "size": "53.30000000", "price": "0.20140000", "time": "2025-07-13T16:06:46.954365Z", "fetched_at": "2025-07-13T16:10:49.643160+00:00", "symbol": "DOGE-USD"}, {"trade_id": 138830987, "side": "sell", "size": "16058.70000000", "price": "0.20140000", "time": "2025-07-13T16:06:46.954365Z", "fetched_at": "2025-07-13T16:10:49.643160+00:00", "symbol": "DOGE-USD"}, {"trade_id": 138830986, "side": "sell", "size": "5.50000000", "price": "0.20140000", "time": "2025-07-13T16:06:46.954365Z", "fetched_at": "2025-07-13T16:10:49.643160+00:00", "symbol": "DOGE-USD"}, {"trade_id": 138830985, "side": "sell", "size": "195.60000000", "price": "0.20140000", "time": "2025-07-13T16:06:46.954365Z", "fetched_at": "2025-07-13T16:10:49.643160+00:00", "symbol": "DOGE-USD"}, {"trade_id": 138830984, "side": "sell", "size": "91.60000000", "price": "0.20139000", "time": "2025-07-13T16:06:46.954365Z", "fetched_at": "2025-07-13T16:10:49.643160+00:00", "symbol": "DOGE-USD"}, {"trade_id": 138830983, "side": "sell", "size": "5.50000000", "price": "0.20138000", "time": "2025-07-13T16:06:46.954365Z", "fetched_at": "2025-07-13T16:10:49.643160+00:00", "symbol": "DOGE-USD"}, {"trade_id": 138830982, "side": "sell", "size": "17.20000000", "price": "0.20138000", "time": "2025-07-13T16:06:46.954365Z", "fetched_at": "2025-07-13T16:10:49.643160+00:00", "symbol": "DOGE-USD"}, {"trade_id": 138830981, "side": "sell", "size": "78.20000000", "price": "0.20137000", "time": "2025-07-13T16:06:46.954365Z", "fetched_at": "2025-07-13T16:10:49.643160+00:00", "symbol": "DOGE-USD"}, {"trade_id": 138830980, "side": "sell", "size": "48.20000000", "price": "0.20137000", "time": "2025-07-13T16:06:46.583015Z", "fetched_at": "2025-07-13T16:10:49.643160+00:00", "symbol": "DOGE-USD"}, {"trade_id": 138830979, "side": "sell", "size": "5.50000000", "price": "0.20136000", "time": "2025-07-13T16:06:45.675290Z", "fetched_at": "2025-07-13T16:10:49.643160+00:00", "symbol": "DOGE-USD"}, {"trade_id": 138830978, "side": "sell", "size": "190.90000000", "price": "0.20136000", "time": "2025-07-13T16:06:45.675290Z", "fetched_at": "2025-07-13T16:10:49.643160+00:00", "symbol": "DOGE-USD"}, {"trade_id": 138830977, "side": "buy", "size": "17.90000000", "price": "0.20133000", "time": "2025-07-13T16:06:42.748335Z", "fetched_at": "2025-07-13T16:10:49.643160+00:00", "symbol": "DOGE-USD"}, {"trade_id": 138830976, "side": "sell", "size": "195.70000000", "price": "0.20135000", "time": "2025-07-13T16:06:41.592255Z", "fetched_at": "2025-07-13T16:10:49.643160+00:00", "symbol": "DOGE-USD"}, {"trade_id": 138830975, "side": "sell", "size": "5.50000000", "price": "0.20134000", "time": "2025-07-13T16:06:41.237070Z", "fetched_at": "2025-07-13T16:10:49.643160+00:00", "symbol": "DOGE-USD"}, {"trade_id": 138830974, "side": "sell", "size": "171.20000000", "price": "0.20134000", "time": "2025-07-13T16:06:41.237070Z", "fetched_at": "2025-07-13T16:10:49.643160+00:00", "symbol": "DOGE-USD"}, {"trade_id": 138830973, "side": "sell", "size": "52.00000000", "price": "0.20133000", "time": "2025-07-13T16:06:40.634892Z", "fetched_at": "2025-07-13T16:10:49.643160+00:00", "symbol": "DOGE-USD"}, {"trade_id": 138830972, "side": "buy", "size": "5.00000000", "price": "0.20132000", "time": "2025-07-13T16:06:40.526019Z", "fetched_at": "2025-07-13T16:10:49.643160+00:00", "symbol": "DOGE-USD"}, {"trade_id": 138830971, "side": "sell", "size": "181.20000000", "price": "0.20132000", "time": "2025-07-13T16:06:40.382290Z", "fetched_at": "2025-07-13T16:10:49.643160+00:00", "symbol": "DOGE-USD"}, {"trade_id": 138830970, "side": "sell", "size": "5.50000000", "price": "0.20132000", "time": "2025-07-13T16:06:40.382290Z", "fetched_at": "2025-07-13T16:10:49.643160+00:00", "symbol": "DOGE-USD"}, {"trade_id": 138830969, "side": "sell", "size": "16.90000000", "price": "0.20131000", "time": "2025-07-13T16:06:40.368692Z", "fetched_at": "2025-07-13T16:10:49.643160+00:00", "symbol": "DOGE-USD"}, {"trade_id": 138830968, "side": "sell", "size": "952.40000000", "price": "0.20130000", "time": "2025-07-13T16:06:40.368692Z", "fetched_at": "2025-07-13T16:10:49.643160+00:00", "symbol": "DOGE-USD"}, {"trade_id": 138830967, "side": "sell", "size": "5.50000000", "price": "0.20130000", "time": "2025-07-13T16:06:40.368692Z", "fetched_at": "2025-07-13T16:10:49.643160+00:00", "symbol": "DOGE-USD"}, {"trade_id": 138830966, "side": "buy", "size": "24384.00000000", "price": "0.20128000", "time": "2025-07-13T16:06:35.686080Z", "fetched_at": "2025-07-13T16:10:49.643160+00:00", "symbol": "DOGE-USD"}, {"trade_id": 138830965, "side": "buy", "size": "46326.80000000", "price": "0.20128000", "time": "2025-07-13T16:06:35.685885Z", "fetched_at": "2025-07-13T16:10:49.643160+00:00", "symbol": "DOGE-USD"}, {"trade_id": 138830964, "side": "buy", "size": "22.60000000", "price": "0.20129000", "time": "2025-07-13T16:06:34.823446Z", "fetched_at": "2025-07-13T16:10:49.643160+00:00", "symbol": "DOGE-USD"}, {"trade_id": 138830963, "side": "sell", "size": "1220.50000000", "price": "0.20125000", "time": "2025-07-13T16:06:34.442418Z", "fetched_at": "2025-07-13T16:10:49.643160+00:00", "symbol": "DOGE-USD"}, {"trade_id": 138830962, "side": "buy", "size": "18125.20000000", "price": "0.20126000", "time": "2025-07-13T16:06:33.082673Z", "fetched_at": "2025-07-13T16:10:49.643160+00:00", "symbol": "DOGE-USD"}, {"trade_id": 138830961, "side": "buy", "size": "48.80000000", "price": "0.20127000", "time": "2025-07-13T16:06:33.082673Z", "fetched_at": "2025-07-13T16:10:49.643160+00:00", "symbol": "DOGE-USD"}, {"trade_id": 138830960, "side": "sell", "size": "69.20000000", "price": "0.20130000", "time": "2025-07-13T16:06:32.371356Z", "fetched_at": "2025-07-13T16:10:49.643160+00:00", "symbol": "DOGE-USD"}, {"trade_id": 138830959, "side": "sell", "size": "5.50000000", "price": "0.20130000", "time": "2025-07-13T16:06:32.371356Z", "fetched_at": "2025-07-13T16:10:49.643160+00:00", "symbol": "DOGE-USD"}, {"trade_id": 138830958, "side": "sell", "size": "31.80000000", "price": "0.20130000", "time": "2025-07-13T16:06:32.371356Z", "fetched_at": "2025-07-13T16:10:49.643160+00:00", "symbol": "DOGE-USD"}, {"trade_id": 138830957, "side": "sell", "size": "5.50000000", "price": "0.20128000", "time": "2025-07-13T16:06:32.340599Z", "fetched_at": "2025-07-13T16:10:49.643160+00:00", "symbol": "DOGE-USD"}, {"trade_id": 138830956, "side": "sell", "size": "5.50000000", "price": "0.20126000", "time": "2025-07-13T16:06:31.130188Z", "fetched_at": "2025-07-13T16:10:49.643160+00:00", "symbol": "DOGE-USD"}, {"trade_id": 138830955, "side": "sell", "size": "5.50000000", "price": "0.20124000", "time": "2025-07-13T16:06:29.678963Z", "fetched_at": "2025-07-13T16:10:49.643160+00:00", "symbol": "DOGE-USD"}, {"trade_id": 138830954, "side": "sell", "size": "5.50000000", "price": "0.20122000", "time": "2025-07-13T16:06:28.601906Z", "fetched_at": "2025-07-13T16:10:49.643160+00:00", "symbol": "DOGE-USD"}, {"trade_id": 138830953, "side": "sell", "size": "5.50000000", "price": "0.20120000", "time": "2025-07-13T16:06:28.543810Z", "fetched_at": "2025-07-13T16:10:49.643160+00:00", "symbol": "DOGE-USD"}, {"trade_id": 138830952, "side": "sell", "size": "663.30000000", "price": "0.20119000", "time": "2025-07-13T16:06:27.930566Z", "fetched_at": "2025-07-13T16:10:49.643160+00:00", "symbol": "DOGE-USD"}, {"trade_id": 138830951, "side": "sell", "size": "5.50000000", "price": "0.20118000", "time": "2025-07-13T16:06:27.918172Z", "fetched_at": "2025-07-13T16:10:49.643160+00:00", "symbol": "DOGE-USD"}, {"trade_id": 138830950, "side": "buy", "size": "48.10000000", "price": "0.20115000", "time": "2025-07-13T16:06:24.451759Z", "fetched_at": "2025-07-13T16:10:49.643160+00:00", "symbol": "DOGE-USD"}, {"trade_id": 138830949, "side": "buy", "size": "94.00000000", "price": "0.20115000", "time": "2025-07-13T16:06:24.201481Z", "fetched_at": "2025-07-13T16:10:49.643160+00:00", "symbol": "DOGE-USD"}, {"trade_id": 138830948, "side": "buy", "size": "49.90000000", "price": "0.20116000", "time": "2025-07-13T16:06:24.201481Z", "fetched_at": "2025-07-13T16:10:49.643160+00:00", "symbol": "DOGE-USD"}, {"trade_id": 138830947, "side": "buy", "size": "482.00000000", "price": "0.20116000", "time": "2025-07-13T16:06:19.831578Z", "fetched_at": "2025-07-13T16:10:49.643160+00:00", "symbol": "DOGE-USD"}, {"trade_id": 138830946, "side": "buy", "size": "55.80000000", "price": "0.20117000", "time": "2025-07-13T16:06:19.831578Z", "fetched_at": "2025-07-13T16:10:49.643160+00:00", "symbol": "DOGE-USD"}, {"trade_id": 138830945, "side": "buy", "size": "1354.00000000", "price": "0.20117000", "time": "2025-07-13T16:06:19.831578Z", "fetched_at": "2025-07-13T16:10:49.643160+00:00", "symbol": "DOGE-USD"}, {"trade_id": 138830944, "side": "buy", "size": "401.60000000", "price": "0.20117000", "time": "2025-07-13T16:06:19.831578Z", "fetched_at": "2025-07-13T16:10:49.643160+00:00", "symbol": "DOGE-USD"}, {"trade_id": 138830943, "side": "sell", "size": "5.50000000", "price": "0.20116000", "time": "2025-07-13T16:06:19.651283Z", "fetched_at": "2025-07-13T16:10:49.643160+00:00", "symbol": "DOGE-USD"}, {"trade_id": 138830942, "side": "sell", "size": "19.60000000", "price": "0.20115000", "time": "2025-07-13T16:06:19.186652Z", "fetched_at": "2025-07-13T16:10:49.643160+00:00", "symbol": "DOGE-USD"}, {"trade_id": 138830941, "side": "buy", "size": "1.00000000", "price": "0.20114000", "time": "2025-07-13T16:06:18.961263Z", "fetched_at": "2025-07-13T16:10:49.643160+00:00", "symbol": "DOGE-USD"}, {"trade_id": 138830940, "side": "sell", "size": "910.80000000", "price": "0.20112000", "time": "2025-07-13T16:06:12.698537Z", "fetched_at": "2025-07-13T16:10:49.643160+00:00", "symbol": "DOGE-USD"}, {"trade_id": 138830939, "side": "sell", "size": "440.20000000", "price": "0.20112000", "time": "2025-07-13T16:06:12.690994Z", "fetched_at": "2025-07-13T16:10:49.643160+00:00", "symbol": "DOGE-USD"}, {"trade_id": 138830938, "side": "sell", "size": "5.50000000", "price": "0.20116000", "time": "2025-07-13T16:06:07.042814Z", "fetched_at": "2025-07-13T16:10:49.643160+00:00", "symbol": "DOGE-USD"}, {"trade_id": 138830937, "side": "sell", "size": "5.50000000", "price": "0.20114000", "time": "2025-07-13T16:06:06.801797Z", "fetched_at": "2025-07-13T16:10:49.643160+00:00", "symbol": "DOGE-USD"}, {"trade_id": 138830936, "side": "sell", "size": "5.50000000", "price": "0.20112000", "time": "2025-07-13T16:06:04.541379Z", "fetched_at": "2025-07-13T16:10:49.643160+00:00", "symbol": "DOGE-USD"}, {"trade_id": 138830935, "side": "sell", "size": "5.50000000", "price": "0.20110000", "time": "2025-07-13T16:06:03.942850Z", "fetched_at": "2025-07-13T16:10:49.643160+00:00", "symbol": "DOGE-USD"}, {"trade_id": 138830934, "side": "sell", "size": "2591.20000000", "price": "0.20109000", "time": "2025-07-13T16:06:03.582381Z", "fetched_at": "2025-07-13T16:10:49.643160+00:00", "symbol": "DOGE-USD"}, {"trade_id": 138830933, "side": "sell", "size": "11.30000000", "price": "0.20108000", "time": "2025-07-13T16:06:03.582381Z", "fetched_at": "2025-07-13T16:10:49.643160+00:00", "symbol": "DOGE-USD"}, {"trade_id": 138830932, "side": "sell", "size": "5.50000000", "price": "0.20108000", "time": "2025-07-13T16:06:03.582381Z", "fetched_at": "2025-07-13T16:10:49.643160+00:00", "symbol": "DOGE-USD"}, {"trade_id": 138830931, "side": "sell", "size": "5.50000000", "price": "0.20106000", "time": "2025-07-13T16:06:03.582381Z", "fetched_at": "2025-07-13T16:10:49.643160+00:00", "symbol": "DOGE-USD"}, {"trade_id": 138830930, "side": "buy", "size": "40.20000000", "price": "0.20100000", "time": "2025-07-13T16:06:01.749407Z", "fetched_at": "2025-07-13T16:10:49.643160+00:00", "symbol": "DOGE-USD"}, {"trade_id": 138830929, "side": "buy", "size": "5.50000000", "price": "0.20100000", "time": "2025-07-13T16:06:01.749407Z", "fetched_at": "2025-07-13T16:10:49.643160+00:00", "symbol": "DOGE-USD"}, {"trade_id": 138830928, "side": "sell", "size": "6.30000000", "price": "0.20101000", "time": "2025-07-13T16:06:01.068119Z", "fetched_at": "2025-07-13T16:10:49.643160+00:00", "symbol": "DOGE-USD"}, {"trade_id": 138830927, "side": "buy", "size": "5.50000000", "price": "0.20102000", "time": "2025-07-13T16:06:00.409990Z", "fetched_at": "2025-07-13T16:10:49.643160+00:00", "symbol": "DOGE-USD"}, {"trade_id": 138830926, "side": "sell", "size": "253.00000000", "price": "0.20105000", "time": "2025-07-13T16:06:00.076703Z", "fetched_at": "2025-07-13T16:10:49.643160+00:00", "symbol": "DOGE-USD"}, {"trade_id": 138830925, "side": "sell", "size": "131.20000000", "price": "0.20106000", "time": "2025-07-13T16:05:55.694563Z", "fetched_at": "2025-07-13T16:10:49.643160+00:00", "symbol": "DOGE-USD"}, {"trade_id": 138830924, "side": "buy", "size": "769.50000000", "price": "0.20108000", "time": "2025-07-13T16:05:52.740327Z", "fetched_at": "2025-07-13T16:10:49.643160+00:00", "symbol": "DOGE-USD"}, {"trade_id": 138830923, "side": "buy", "size": "2000.00000000", "price": "0.20109000", "time": "2025-07-13T16:05:52.740327Z", "fetched_at": "2025-07-13T16:10:49.643160+00:00", "symbol": "DOGE-USD"}, {"trade_id": 138830922, "side": "buy", "size": "51.10000000", "price": "0.20110000", "time": "2025-07-13T16:05:52.740327Z", "fetched_at": "2025-07-13T16:10:49.643160+00:00", "symbol": "DOGE-USD"}, {"trade_id": 138830921, "side": "buy", "size": "1091.30000000", "price": "0.20111000", "time": "2025-07-13T16:05:52.663809Z", "fetched_at": "2025-07-13T16:10:49.643160+00:00", "symbol": "DOGE-USD"}, {"trade_id": 138830920, "side": "buy", "size": "401.60000000", "price": "0.20111000", "time": "2025-07-13T16:05:52.663809Z", "fetched_at": "2025-07-13T16:10:49.643160+00:00", "symbol": "DOGE-USD"}, {"trade_id": 138830919, "side": "sell", "size": "5.50000000", "price": "0.20110000", "time": "2025-07-13T16:05:50.218996Z", "fetched_at": "2025-07-13T16:10:49.643160+00:00", "symbol": "DOGE-USD"}, {"trade_id": 138830918, "side": "sell", "size": "5.50000000", "price": "0.20108000", "time": "2025-07-13T16:05:50.163752Z", "fetched_at": "2025-07-13T16:10:49.643160+00:00", "symbol": "DOGE-USD"}, {"trade_id": 138830917, "side": "sell", "size": "5.50000000", "price": "0.20106000", "time": "2025-07-13T16:05:50.064899Z", "fetched_at": "2025-07-13T16:10:49.643160+00:00", "symbol": "DOGE-USD"}, {"trade_id": 138830916, "side": "sell", "size": "5.50000000", "price": "0.20104000", "time": "2025-07-13T16:05:49.955308Z", "fetched_at": "2025-07-13T16:10:49.643160+00:00", "symbol": "DOGE-USD"}, {"trade_id": 138830915, "side": "sell", "size": "5.50000000", "price": "0.20102000", "time": "2025-07-13T16:05:49.739833Z", "fetched_at": "2025-07-13T16:10:49.643160+00:00", "symbol": "DOGE-USD"}, {"trade_id": 138830914, "side": "sell", "size": "18189.90000000", "price": "0.20101000", "time": "2025-07-13T16:05:48.920455Z", "fetched_at": "2025-07-13T16:10:49.643160+00:00", "symbol": "DOGE-USD"}, {"trade_id": 138830913, "side": "sell", "size": "5.50000000", "price": "0.20100000", "time": "2025-07-13T16:05:48.920455Z", "fetched_at": "2025-07-13T16:10:49.643160+00:00", "symbol": "DOGE-USD"}, {"trade_id": 138830912, "side": "sell", "size": "497.90000000", "price": "0.20097000", "time": "2025-07-13T16:05:48.785393Z", "fetched_at": "2025-07-13T16:10:49.643160+00:00", "symbol": "DOGE-USD"}, {"trade_id": 138830911, "side": "sell", "size": "24.50000000", "price": "0.20097000", "time": "2025-07-13T16:05:45.894555Z", "fetched_at": "2025-07-13T16:10:49.643160+00:00", "symbol": "DOGE-USD"}, {"trade_id": 138830910, "side": "buy", "size": "80.70000000", "price": "0.20094000", "time": "2025-07-13T16:05:43.876760Z", "fetched_at": "2025-07-13T16:10:49.643160+00:00", "symbol": "DOGE-USD"}, {"trade_id": 138830909, "side": "buy", "size": "22.70000000", "price": "0.20095000", "time": "2025-07-13T16:05:43.876760Z", "fetched_at": "2025-07-13T16:10:49.643160+00:00", "symbol": "DOGE-USD"}, {"trade_id": 138830908, "side": "sell", "size": "10.00000000", "price": "0.20089000", "time": "2025-07-13T16:05:41.363675Z", "fetched_at": "2025-07-13T16:10:49.643160+00:00", "symbol": "DOGE-USD"}, {"trade_id": 138830907, "side": "buy", "size": "45.80000000", "price": "0.20088000", "time": "2025-07-13T16:05:40.716308Z", "fetched_at": "2025-07-13T16:10:49.643160+00:00", "symbol": "DOGE-USD"}, {"trade_id": 138830906, "side": "buy", "size": "5.50000000", "price": "0.20088000", "time": "2025-07-13T16:05:40.716308Z", "fetched_at": "2025-07-13T16:10:49.643160+00:00", "symbol": "DOGE-USD"}, {"trade_id": 138830905, "side": "buy", "size": "74.40000000", "price": "0.20088000", "time": "2025-07-13T16:05:40.716308Z", "fetched_at": "2025-07-13T16:10:49.643160+00:00", "symbol": "DOGE-USD"}, {"trade_id": 138830904, "side": "buy", "size": "5.50000000", "price": "0.20090000", "time": "2025-07-13T16:05:37.769712Z", "fetched_at": "2025-07-13T16:10:49.643160+00:00", "symbol": "DOGE-USD"}, {"trade_id": 138830903, "side": "buy", "size": "1261.50000000", "price": "0.20092000", "time": "2025-07-13T16:05:37.700480Z", "fetched_at": "2025-07-13T16:10:49.643160+00:00", "symbol": "DOGE-USD"}, {"trade_id": 138830902, "side": "buy", "size": "2000.00000000", "price": "0.20092000", "time": "2025-07-13T16:05:37.696556Z", "fetched_at": "2025-07-13T16:10:49.643160+00:00", "symbol": "DOGE-USD"}, {"trade_id": 138830901, "side": "buy", "size": "5.50000000", "price": "0.20092000", "time": "2025-07-13T16:05:37.696556Z", "fetched_at": "2025-07-13T16:10:49.643160+00:00", "symbol": "DOGE-USD"}, {"trade_id": 138830900, "side": "buy", "size": "35.30000000", "price": "0.20093000", "time": "2025-07-13T16:05:37.696556Z", "fetched_at": "2025-07-13T16:10:49.643160+00:00", "symbol": "DOGE-USD"}, {"trade_id": 138830899, "side": "buy", "size": "5.50000000", "price": "0.20094000", "time": "2025-07-13T16:05:37.696556Z", "fetched_at": "2025-07-13T16:10:49.643160+00:00", "symbol": "DOGE-USD"}, {"trade_id": 138830898, "side": "buy", "size": "1366.40000000", "price": "0.20096000", "time": "2025-07-13T16:05:29.212192Z", "fetched_at": "2025-07-13T16:10:49.643160+00:00", "symbol": "DOGE-USD"}, {"trade_id": 138830897, "side": "buy", "size": "1839.20000000", "price": "0.20096000", "time": "2025-07-13T16:05:29.212192Z", "fetched_at": "2025-07-13T16:10:49.643160+00:00", "symbol": "DOGE-USD"}, {"trade_id": 138830896, "side": "buy", "size": "5.50000000", "price": "0.20096000", "time": "2025-07-13T16:05:29.212192Z", "fetched_at": "2025-07-13T16:10:49.643160+00:00", "symbol": "DOGE-USD"}, {"trade_id": 138830895, "side": "buy", "size": "401.60000000", "price": "0.20098000", "time": "2025-07-13T16:05:29.212192Z", "fetched_at": "2025-07-13T16:10:49.643160+00:00", "symbol": "DOGE-USD"}, {"trade_id": 138830894, "side": "buy", "size": "5.50000000", "price": "0.20098000", "time": "2025-07-13T16:05:29.212192Z", "fetched_at": "2025-07-13T16:10:49.643160+00:00", "symbol": "DOGE-USD"}, {"trade_id": 138830893, "side": "buy", "size": "19.80000000", "price": "0.20099000", "time": "2025-07-13T16:05:29.194441Z", "fetched_at": "2025-07-13T16:10:49.643160+00:00", "symbol": "DOGE-USD"}, {"trade_id": 138830892, "side": "buy", "size": "18227.50000000", "price": "0.20100000", "time": "2025-07-13T16:05:29.164282Z", "fetched_at": "2025-07-13T16:10:49.643160+00:00", "symbol": "DOGE-USD"}, {"trade_id": 138830891, "side": "buy", "size": "5.50000000", "price": "0.20100000", "time": "2025-07-13T16:05:29.164282Z", "fetched_at": "2025-07-13T16:10:49.643160+00:00", "symbol": "DOGE-USD"}, {"trade_id": 138830890, "side": "buy", "size": "4602.20000000", "price": "0.20101000", "time": "2025-07-13T16:05:29.163811Z", "fetched_at": "2025-07-13T16:10:49.643160+00:00", "symbol": "DOGE-USD"}, {"trade_id": 138830889, "side": "buy", "size": "6003.30000000", "price": "0.20101000", "time": "2025-07-13T16:05:29.163811Z", "fetched_at": "2025-07-13T16:10:49.643160+00:00", "symbol": "DOGE-USD"}, {"trade_id": 138830888, "side": "buy", "size": "5.50000000", "price": "0.20102000", "time": "2025-07-13T16:05:29.163811Z", "fetched_at": "2025-07-13T16:10:49.643160+00:00", "symbol": "DOGE-USD"}, {"trade_id": 138830887, "side": "buy", "size": "5.50000000", "price": "0.20104000", "time": "2025-07-13T16:05:29.111189Z", "fetched_at": "2025-07-13T16:10:49.643160+00:00", "symbol": "DOGE-USD"}, {"trade_id": 138830886, "side": "buy", "size": "680.50000000", "price": "0.20104000", "time": "2025-07-13T16:05:28.565312Z", "fetched_at": "2025-07-13T16:10:49.643160+00:00", "symbol": "DOGE-USD"}, {"trade_id": 138830885, "side": "buy", "size": "2000.00000000", "price": "0.20104000", "time": "2025-07-13T16:05:28.565312Z", "fetched_at": "2025-07-13T16:10:49.643160+00:00", "symbol": "DOGE-USD"}, {"trade_id": 138830884, "side": "buy", "size": "5.50000000", "price": "0.20104000", "time": "2025-07-13T16:05:28.565312Z", "fetched_at": "2025-07-13T16:10:49.643160+00:00", "symbol": "DOGE-USD"}, {"trade_id": 138830883, "side": "buy", "size": "1953.30000000", "price": "0.20105000", "time": "2025-07-13T16:05:28.565312Z", "fetched_at": "2025-07-13T16:10:49.643160+00:00", "symbol": "DOGE-USD"}, {"trade_id": 138830882, "side": "buy", "size": "1324.80000000", "price": "0.20106000", "time": "2025-07-13T16:05:28.565312Z", "fetched_at": "2025-07-13T16:10:49.643160+00:00", "symbol": "DOGE-USD"}, {"trade_id": 138830881, "side": "buy", "size": "35.90000000", "price": "0.20107000", "time": "2025-07-13T16:05:28.565312Z", "fetched_at": "2025-07-13T16:10:49.643160+00:00", "symbol": "DOGE-USD"}, {"trade_id": 138830880, "side": "sell", "size": "150.80000000", "price": "0.20107000", "time": "2025-07-13T16:05:28.467111Z", "fetched_at": "2025-07-13T16:10:49.643160+00:00", "symbol": "DOGE-USD"}, {"trade_id": 138830879, "side": "sell", "size": "483.40000000", "price": "0.20107000", "time": "2025-07-13T16:05:28.323010Z", "fetched_at": "2025-07-13T16:10:49.643160+00:00", "symbol": "DOGE-USD"}, {"trade_id": 138830878, "side": "buy", "size": "38.00000000", "price": "0.20106000", "time": "2025-07-13T16:05:26.636707Z", "fetched_at": "2025-07-13T16:10:49.643160+00:00", "symbol": "DOGE-USD"}, {"trade_id": 138830877, "side": "buy", "size": "26.00000000", "price": "0.20113000", "time": "2025-07-13T16:05:16.237447Z", "fetched_at": "2025-07-13T16:10:49.643160+00:00", "symbol": "DOGE-USD"}, {"trade_id": 138830876, "side": "sell", "size": "5.50000000", "price": "0.20112000", "time": "2025-07-13T16:05:15.607026Z", "fetched_at": "2025-07-13T16:10:49.643160+00:00", "symbol": "DOGE-USD"}, {"trade_id": 138830875, "side": "sell", "size": "5.50000000", "price": "0.20110000", "time": "2025-07-13T16:05:14.585664Z", "fetched_at": "2025-07-13T16:10:49.643160+00:00", "symbol": "DOGE-USD"}, {"trade_id": 138830874, "side": "sell", "size": "5.50000000", "price": "0.20108000", "time": "2025-07-13T16:05:14.451570Z", "fetched_at": "2025-07-13T16:10:49.643160+00:00", "symbol": "DOGE-USD"}, {"trade_id": 138830873, "side": "sell", "size": "66.00000000", "price": "0.20107000", "time": "2025-07-13T16:05:14.446406Z", "fetched_at": "2025-07-13T16:10:49.643160+00:00", "symbol": "DOGE-USD"}, {"trade_id": 138830872, "side": "sell", "size": "5.50000000", "price": "0.20106000", "time": "2025-07-13T16:05:14.444550Z", "fetched_at": "2025-07-13T16:10:49.643160+00:00", "symbol": "DOGE-USD"}, {"trade_id": 138830871, "side": "sell", "size": "5.50000000", "price": "0.20104000", "time": "2025-07-13T16:05:13.710279Z", "fetched_at": "2025-07-13T16:10:49.643160+00:00", "symbol": "DOGE-USD"}, {"trade_id": 138830870, "side": "sell", "size": "5.50000000", "price": "0.20102000", "time": "2025-07-13T16:05:13.037923Z", "fetched_at": "2025-07-13T16:10:49.643160+00:00", "symbol": "DOGE-USD"}, {"trade_id": 138830869, "side": "sell", "size": "5.50000000", "price": "0.20100000", "time": "2025-07-13T16:05:11.538460Z", "fetched_at": "2025-07-13T16:10:49.643160+00:00", "symbol": "DOGE-USD"}, {"trade_id": 138830868, "side": "sell", "size": "659.10000000", "price": "0.20098000", "time": "2025-07-13T16:05:11.358458Z", "fetched_at": "2025-07-13T16:10:49.643160+00:00", "symbol": "DOGE-USD"}, {"trade_id": 138830867, "side": "buy", "size": "5.50000000", "price": "0.20096000", "time": "2025-07-13T16:05:05.740714Z", "fetched_at": "2025-07-13T16:10:49.643160+00:00", "symbol": "DOGE-USD"}, {"trade_id": 138830866, "side": "buy", "size": "8.50000000", "price": "0.20100000", "time": "2025-07-13T16:05:04.658012Z", "fetched_at": "2025-07-13T16:10:49.643160+00:00", "symbol": "DOGE-USD"}, {"trade_id": 138830865, "side": "sell", "size": "396.50000000", "price": "0.20101000", "time": "2025-07-13T16:05:04.339770Z", "fetched_at": "2025-07-13T16:10:49.643160+00:00", "symbol": "DOGE-USD"}, {"trade_id": 138830864, "side": "sell", "size": "257.40000000", "price": "0.20101000", "time": "2025-07-13T16:05:04.339770Z", "fetched_at": "2025-07-13T16:10:49.643160+00:00", "symbol": "DOGE-USD"}, {"trade_id": 138830863, "side": "sell", "size": "265.20000000", "price": "0.20101000", "time": "2025-07-13T16:05:04.339770Z", "fetched_at": "2025-07-13T16:10:49.643160+00:00", "symbol": "DOGE-USD"}, {"trade_id": 138830862, "side": "sell", "size": "769.50000000", "price": "0.20101000", "time": "2025-07-13T16:05:04.339770Z", "fetched_at": "2025-07-13T16:10:49.643160+00:00", "symbol": "DOGE-USD"}, {"trade_id": 138830861, "side": "sell", "size": "183.00000000", "price": "0.20101000", "time": "2025-07-13T16:05:04.339770Z", "fetched_at": "2025-07-13T16:10:49.643160+00:00", "symbol": "DOGE-USD"}, {"trade_id": 138830860, "side": "sell", "size": "344.60000000", "price": "0.20102000", "time": "2025-07-13T16:05:00.082379Z", "fetched_at": "2025-07-13T16:10:49.643160+00:00", "symbol": "DOGE-USD"}, {"trade_id": 138830859, "side": "sell", "size": "5.50000000", "price": "0.20102000", "time": "2025-07-13T16:05:00.082379Z", "fetched_at": "2025-07-13T16:10:49.643160+00:00", "symbol": "DOGE-USD"}, {"trade_id": 138830858, "side": "sell", "size": "5.50000000", "price": "0.20100000", "time": "2025-07-13T16:04:59.548541Z", "fetched_at": "2025-07-13T16:10:49.643160+00:00", "symbol": "DOGE-USD"}, {"trade_id": 138830857, "side": "sell", "size": "10.00000000", "price": "0.20098000", "time": "2025-07-13T16:04:58.520374Z", "fetched_at": "2025-07-13T16:10:49.643160+00:00", "symbol": "DOGE-USD"}, {"trade_id": 138830856, "side": "sell", "size": "5.50000000", "price": "0.20098000", "time": "2025-07-13T16:04:58.520374Z", "fetched_at": "2025-07-13T16:10:49.643160+00:00", "symbol": "DOGE-USD"}, {"trade_id": 138830855, "side": "buy", "size": "251.20000000", "price": "0.20097000", "time": "2025-07-13T16:04:54.769525Z", "fetched_at": "2025-07-13T16:10:49.643160+00:00", "symbol": "DOGE-USD"}, {"trade_id": 138830854, "side": "sell", "size": "267.90000000", "price": "0.20093000", "time": "2025-07-13T16:04:54.277346Z", "fetched_at": "2025-07-13T16:10:49.643160+00:00", "symbol": "DOGE-USD"}, {"trade_id": 138830853, "side": "sell", "size": "966.80000000", "price": "0.20097000", "time": "2025-07-13T16:04:51.231021Z", "fetched_at": "2025-07-13T16:10:49.643160+00:00", "symbol": "DOGE-USD"}, {"trade_id": 138830852, "side": "buy", "size": "481.90000000", "price": "0.20090000", "time": "2025-07-13T16:04:47.051906Z", "fetched_at": "2025-07-13T16:10:49.643160+00:00", "symbol": "DOGE-USD"}, {"trade_id": 138830851, "side": "buy", "size": "11057.90000000", "price": "0.20090000", "time": "2025-07-13T16:04:47.051906Z", "fetched_at": "2025-07-13T16:10:49.643160+00:00", "symbol": "DOGE-USD"}, {"trade_id": 138830850, "side": "buy", "size": "5.50000000", "price": "0.20090000", "time": "2025-07-13T16:04:47.051906Z", "fetched_at": "2025-07-13T16:10:49.643160+00:00", "symbol": "DOGE-USD"}, {"trade_id": 138830849, "side": "buy", "size": "1231.20000000", "price": "0.20091000", "time": "2025-07-13T16:04:47.051906Z", "fetched_at": "2025-07-13T16:10:49.643160+00:00", "symbol": "DOGE-USD"}, {"trade_id": 138830848, "side": "buy", "size": "2000.00000000", "price": "0.20092000", "time": "2025-07-13T16:04:47.051906Z", "fetched_at": "2025-07-13T16:10:49.643160+00:00", "symbol": "DOGE-USD"}, {"trade_id": 138830847, "side": "buy", "size": "5.50000000", "price": "0.20092000", "time": "2025-07-13T16:04:47.051906Z", "fetched_at": "2025-07-13T16:10:49.643160+00:00", "symbol": "DOGE-USD"}, {"trade_id": 138830846, "side": "buy", "size": "29.90000000", "price": "0.20093000", "time": "2025-07-13T16:04:47.051906Z", "fetched_at": "2025-07-13T16:10:49.643160+00:00", "symbol": "DOGE-USD"}