[{"trade_id": 138821382, "side": "sell", "size": "265.20000000", "price": "0.20213000", "time": "2025-07-13T14:39:26.193574Z", "fetched_at": "2025-07-13T14:39:32.183515+00:00", "symbol": "DOGE-USD"}, {"trade_id": 138821381, "side": "sell", "size": "254.90000000", "price": "0.20213000", "time": "2025-07-13T14:39:26.193574Z", "fetched_at": "2025-07-13T14:39:32.183515+00:00", "symbol": "DOGE-USD"}, {"trade_id": 138821380, "side": "buy", "size": "5.50000000", "price": "0.20216000", "time": "2025-07-13T14:39:26.014455Z", "fetched_at": "2025-07-13T14:39:32.183515+00:00", "symbol": "DOGE-USD"}, {"trade_id": 138821379, "side": "sell", "size": "5599.10000000", "price": "0.20222000", "time": "2025-07-13T14:39:21.642306Z", "fetched_at": "2025-07-13T14:39:32.183515+00:00", "symbol": "DOGE-USD"}, {"trade_id": 138821378, "side": "sell", "size": "5.50000000", "price": "0.20222000", "time": "2025-07-13T14:39:21.642306Z", "fetched_at": "2025-07-13T14:39:32.183515+00:00", "symbol": "DOGE-USD"}, {"trade_id": 138821377, "side": "buy", "size": "124.10000000", "price": "0.20218000", "time": "2025-07-13T14:39:16.490623Z", "fetched_at": "2025-07-13T14:39:32.183515+00:00", "symbol": "DOGE-USD"}, {"trade_id": 138821376, "side": "buy", "size": "735.80000000", "price": "0.20221000", "time": "2025-07-13T14:39:13.908099Z", "fetched_at": "2025-07-13T14:39:32.183515+00:00", "symbol": "DOGE-USD"}, {"trade_id": 138821375, "side": "sell", "size": "2930.00000000", "price": "0.20220000", "time": "2025-07-13T14:39:13.898482Z", "fetched_at": "2025-07-13T14:39:32.183515+00:00", "symbol": "DOGE-USD"}, {"trade_id": 138821374, "side": "sell", "size": "19114.90000000", "price": "0.20220000", "time": "2025-07-13T14:39:13.898482Z", "fetched_at": "2025-07-13T14:39:32.183515+00:00", "symbol": "DOGE-USD"}, {"trade_id": 138821373, "side": "sell", "size": "5.50000000", "price": "0.20220000", "time": "2025-07-13T14:39:13.898482Z", "fetched_at": "2025-07-13T14:39:32.183515+00:00", "symbol": "DOGE-USD"}, {"trade_id": 138821372, "side": "sell", "size": "104.00000000", "price": "0.20219000", "time": "2025-07-13T14:39:13.898482Z", "fetched_at": "2025-07-13T14:39:32.183515+00:00", "symbol": "DOGE-USD"}, {"trade_id": 138821371, "side": "sell", "size": "5.50000000", "price": "0.20218000", "time": "2025-07-13T14:39:13.898482Z", "fetched_at": "2025-07-13T14:39:32.183515+00:00", "symbol": "DOGE-USD"}, {"trade_id": 138821370, "side": "sell", "size": "1.00000000", "price": "0.20217000", "time": "2025-07-13T14:39:11.483940Z", "fetched_at": "2025-07-13T14:39:32.183515+00:00", "symbol": "DOGE-USD"}, {"trade_id": 138821369, "side": "buy", "size": "457.60000000", "price": "0.20215000", "time": "2025-07-13T14:39:10.348291Z", "fetched_at": "2025-07-13T14:39:32.183515+00:00", "symbol": "DOGE-USD"}, {"trade_id": 138821368, "side": "buy", "size": "1238.70000000", "price": "0.20215000", "time": "2025-07-13T14:39:10.348291Z", "fetched_at": "2025-07-13T14:39:32.183515+00:00", "symbol": "DOGE-USD"}, {"trade_id": 138821367, "side": "buy", "size": "400.30000000", "price": "0.20215000", "time": "2025-07-13T14:39:10.348291Z", "fetched_at": "2025-07-13T14:39:32.183515+00:00", "symbol": "DOGE-USD"}, {"trade_id": 138821366, "side": "buy", "size": "401.60000000", "price": "0.20215000", "time": "2025-07-13T14:39:10.348291Z", "fetched_at": "2025-07-13T14:39:32.183515+00:00", "symbol": "DOGE-USD"}, {"trade_id": 138821365, "side": "sell", "size": "1001.20000000", "price": "0.20215000", "time": "2025-07-13T14:39:08.863442Z", "fetched_at": "2025-07-13T14:39:32.183515+00:00", "symbol": "DOGE-USD"}, {"trade_id": 138821364, "side": "sell", "size": "211.90000000", "price": "0.20214000", "time": "2025-07-13T14:39:08.863442Z", "fetched_at": "2025-07-13T14:39:32.183515+00:00", "symbol": "DOGE-USD"}, {"trade_id": 138821363, "side": "buy", "size": "517.90000000", "price": "0.20211000", "time": "2025-07-13T14:39:08.658414Z", "fetched_at": "2025-07-13T14:39:32.183515+00:00", "symbol": "DOGE-USD"}, {"trade_id": 138821362, "side": "buy", "size": "5.50000000", "price": "0.20212000", "time": "2025-07-13T14:39:08.658414Z", "fetched_at": "2025-07-13T14:39:32.183515+00:00", "symbol": "DOGE-USD"}, {"trade_id": 138821361, "side": "buy", "size": "5.50000000", "price": "0.20214000", "time": "2025-07-13T14:39:07.542889Z", "fetched_at": "2025-07-13T14:39:32.183515+00:00", "symbol": "DOGE-USD"}, {"trade_id": 138821360, "side": "buy", "size": "959.60000000", "price": "0.20217000", "time": "2025-07-13T14:39:06.490822Z", "fetched_at": "2025-07-13T14:39:32.183515+00:00", "symbol": "DOGE-USD"}, {"trade_id": 138821359, "side": "buy", "size": "276.60000000", "price": "0.20219000", "time": "2025-07-13T14:39:06.490822Z", "fetched_at": "2025-07-13T14:39:32.183515+00:00", "symbol": "DOGE-USD"}, {"trade_id": 138821358, "side": "buy", "size": "125.00000000", "price": "0.20219000", "time": "2025-07-13T14:39:06.096582Z", "fetched_at": "2025-07-13T14:39:32.183515+00:00", "symbol": "DOGE-USD"}, {"trade_id": 138821357, "side": "sell", "size": "1246.50000000", "price": "0.20220000", "time": "2025-07-13T14:39:04.627885Z", "fetched_at": "2025-07-13T14:39:32.183515+00:00", "symbol": "DOGE-USD"}, {"trade_id": 138821356, "side": "sell", "size": "5.50000000", "price": "0.20220000", "time": "2025-07-13T14:39:04.627885Z", "fetched_at": "2025-07-13T14:39:32.183515+00:00", "symbol": "DOGE-USD"}, {"trade_id": 138821355, "side": "sell", "size": "462.00000000", "price": "0.20217000", "time": "2025-07-13T14:39:04.554160Z", "fetched_at": "2025-07-13T14:39:32.183515+00:00", "symbol": "DOGE-USD"}, {"trade_id": 138821354, "side": "buy", "size": "337.40000000", "price": "0.20219000", "time": "2025-07-13T14:39:02.981873Z", "fetched_at": "2025-07-13T14:39:32.183515+00:00", "symbol": "DOGE-USD"}, {"trade_id": 138821353, "side": "buy", "size": "401.60000000", "price": "0.20219000", "time": "2025-07-13T14:39:02.981873Z", "fetched_at": "2025-07-13T14:39:32.183515+00:00", "symbol": "DOGE-USD"}, {"trade_id": 138821352, "side": "sell", "size": "567.50000000", "price": "0.20217000", "time": "2025-07-13T14:39:02.773268Z", "fetched_at": "2025-07-13T14:39:32.183515+00:00", "symbol": "DOGE-USD"}, {"trade_id": 138821351, "side": "sell", "size": "5.50000000", "price": "0.20216000", "time": "2025-07-13T14:39:02.773268Z", "fetched_at": "2025-07-13T14:39:32.183515+00:00", "symbol": "DOGE-USD"}, {"trade_id": 138821350, "side": "sell", "size": "398.00000000", "price": "0.20210000", "time": "2025-07-13T14:39:02.655813Z", "fetched_at": "2025-07-13T14:39:32.183515+00:00", "symbol": "DOGE-USD"}, {"trade_id": 138821349, "side": "sell", "size": "674.40000000", "price": "0.20207000", "time": "2025-07-13T14:39:02.585157Z", "fetched_at": "2025-07-13T14:39:32.183515+00:00", "symbol": "DOGE-USD"}, {"trade_id": 138821348, "side": "sell", "size": "674.40000000", "price": "0.20207000", "time": "2025-07-13T14:39:02.585157Z", "fetched_at": "2025-07-13T14:39:32.183515+00:00", "symbol": "DOGE-USD"}, {"trade_id": 138821347, "side": "sell", "size": "0.20000000", "price": "0.20207000", "time": "2025-07-13T14:39:02.021185Z", "fetched_at": "2025-07-13T14:39:32.183515+00:00", "symbol": "DOGE-USD"}, {"trade_id": 138821346, "side": "sell", "size": "461.10000000", "price": "0.20207000", "time": "2025-07-13T14:39:00.692768Z", "fetched_at": "2025-07-13T14:39:32.183515+00:00", "symbol": "DOGE-USD"}, {"trade_id": 138821345, "side": "sell", "size": "485.20000000", "price": "0.20207000", "time": "2025-07-13T14:39:00.692768Z", "fetched_at": "2025-07-13T14:39:32.183515+00:00", "symbol": "DOGE-USD"}, {"trade_id": 138821344, "side": "sell", "size": "254.90000000", "price": "0.20207000", "time": "2025-07-13T14:39:00.692768Z", "fetched_at": "2025-07-13T14:39:32.183515+00:00", "symbol": "DOGE-USD"}, {"trade_id": 138821343, "side": "buy", "size": "5.50000000", "price": "0.20208000", "time": "2025-07-13T14:39:00.217909Z", "fetched_at": "2025-07-13T14:39:32.183515+00:00", "symbol": "DOGE-USD"}, {"trade_id": 138821342, "side": "buy", "size": "5.50000000", "price": "0.20210000", "time": "2025-07-13T14:39:00.169171Z", "fetched_at": "2025-07-13T14:39:32.183515+00:00", "symbol": "DOGE-USD"}, {"trade_id": 138821341, "side": "buy", "size": "3598.70000000", "price": "0.20212000", "time": "2025-07-13T14:38:59.713227Z", "fetched_at": "2025-07-13T14:39:32.183515+00:00", "symbol": "DOGE-USD"}, {"trade_id": 138821340, "side": "buy", "size": "3584.50000000", "price": "0.20212000", "time": "2025-07-13T14:38:59.713227Z", "fetched_at": "2025-07-13T14:39:32.183515+00:00", "symbol": "DOGE-USD"}, {"trade_id": 138821339, "side": "buy", "size": "12718.70000000", "price": "0.20212000", "time": "2025-07-13T14:38:59.713227Z", "fetched_at": "2025-07-13T14:39:32.183515+00:00", "symbol": "DOGE-USD"}, {"trade_id": 138821338, "side": "buy", "size": "5.50000000", "price": "0.20212000", "time": "2025-07-13T14:38:59.713227Z", "fetched_at": "2025-07-13T14:39:32.183515+00:00", "symbol": "DOGE-USD"}, {"trade_id": 138821337, "side": "buy", "size": "516.60000000", "price": "0.20213000", "time": "2025-07-13T14:38:59.710981Z", "fetched_at": "2025-07-13T14:39:32.183515+00:00", "symbol": "DOGE-USD"}, {"trade_id": 138821336, "side": "buy", "size": "7634.50000000", "price": "0.20213000", "time": "2025-07-13T14:38:59.710981Z", "fetched_at": "2025-07-13T14:39:32.183515+00:00", "symbol": "DOGE-USD"}, {"trade_id": 138821335, "side": "buy", "size": "315.00000000", "price": "0.20214000", "time": "2025-07-13T14:38:59.710981Z", "fetched_at": "2025-07-13T14:39:32.183515+00:00", "symbol": "DOGE-USD"}, {"trade_id": 138821334, "side": "buy", "size": "5.50000000", "price": "0.20214000", "time": "2025-07-13T14:38:59.710981Z", "fetched_at": "2025-07-13T14:39:32.183515+00:00", "symbol": "DOGE-USD"}, {"trade_id": 138821333, "side": "buy", "size": "5.50000000", "price": "0.20216000", "time": "2025-07-13T14:38:59.710981Z", "fetched_at": "2025-07-13T14:39:32.183515+00:00", "symbol": "DOGE-USD"}, {"trade_id": 138821332, "side": "buy", "size": "5.50000000", "price": "0.20218000", "time": "2025-07-13T14:38:59.058151Z", "fetched_at": "2025-07-13T14:39:32.183515+00:00", "symbol": "DOGE-USD"}, {"trade_id": 138821331, "side": "buy", "size": "28.20000000", "price": "0.20221000", "time": "2025-07-13T14:38:57.963157Z", "fetched_at": "2025-07-13T14:39:32.183515+00:00", "symbol": "DOGE-USD"}, {"trade_id": 138821330, "side": "buy", "size": "208.60000000", "price": "0.20219000", "time": "2025-07-13T14:38:56.969820Z", "fetched_at": "2025-07-13T14:39:32.183515+00:00", "symbol": "DOGE-USD"}, {"trade_id": 138821329, "side": "buy", "size": "5.50000000", "price": "0.20220000", "time": "2025-07-13T14:38:56.969820Z", "fetched_at": "2025-07-13T14:39:32.183515+00:00", "symbol": "DOGE-USD"}, {"trade_id": 138821328, "side": "buy", "size": "5.50000000", "price": "0.20222000", "time": "2025-07-13T14:38:50.971303Z", "fetched_at": "2025-07-13T14:39:32.183515+00:00", "symbol": "DOGE-USD"}, {"trade_id": 138821327, "side": "buy", "size": "189.30000000", "price": "0.20223000", "time": "2025-07-13T14:38:50.617937Z", "fetched_at": "2025-07-13T14:39:32.183515+00:00", "symbol": "DOGE-USD"}, {"trade_id": 138821326, "side": "sell", "size": "192.10000000", "price": "0.20224000", "time": "2025-07-13T14:38:50.272215Z", "fetched_at": "2025-07-13T14:39:32.183515+00:00", "symbol": "DOGE-USD"}, {"trade_id": 138821325, "side": "buy", "size": "5.50000000", "price": "0.20224000", "time": "2025-07-13T14:38:50.238753Z", "fetched_at": "2025-07-13T14:39:32.183515+00:00", "symbol": "DOGE-USD"}, {"trade_id": 138821324, "side": "buy", "size": "197.80000000", "price": "0.20227000", "time": "2025-07-13T14:38:49.666999Z", "fetched_at": "2025-07-13T14:39:32.183515+00:00", "symbol": "DOGE-USD"}, {"trade_id": 138821323, "side": "sell", "size": "526.20000000", "price": "0.20235000", "time": "2025-07-13T14:38:45.168835Z", "fetched_at": "2025-07-13T14:39:32.183515+00:00", "symbol": "DOGE-USD"}, {"trade_id": 138821322, "side": "sell", "size": "675.70000000", "price": "0.20235000", "time": "2025-07-13T14:38:45.168835Z", "fetched_at": "2025-07-13T14:39:32.183515+00:00", "symbol": "DOGE-USD"}, {"trade_id": 138821321, "side": "sell", "size": "1324.70000000", "price": "0.20234000", "time": "2025-07-13T14:38:45.168835Z", "fetched_at": "2025-07-13T14:39:32.183515+00:00", "symbol": "DOGE-USD"}, {"trade_id": 138821320, "side": "sell", "size": "5.50000000", "price": "0.20234000", "time": "2025-07-13T14:38:45.168835Z", "fetched_at": "2025-07-13T14:39:32.183515+00:00", "symbol": "DOGE-USD"}, {"trade_id": 138821319, "side": "sell", "size": "183.00000000", "price": "0.20233000", "time": "2025-07-13T14:38:45.168835Z", "fetched_at": "2025-07-13T14:39:32.183515+00:00", "symbol": "DOGE-USD"}, {"trade_id": 138821318, "side": "sell", "size": "254.90000000", "price": "0.20233000", "time": "2025-07-13T14:38:45.168835Z", "fetched_at": "2025-07-13T14:39:32.183515+00:00", "symbol": "DOGE-USD"}, {"trade_id": 138821317, "side": "sell", "size": "5.50000000", "price": "0.20232000", "time": "2025-07-13T14:38:44.359315Z", "fetched_at": "2025-07-13T14:39:32.183515+00:00", "symbol": "DOGE-USD"}, {"trade_id": 138821316, "side": "sell", "size": "5.50000000", "price": "0.20230000", "time": "2025-07-13T14:38:44.293389Z", "fetched_at": "2025-07-13T14:39:32.183515+00:00", "symbol": "DOGE-USD"}, {"trade_id": 138821315, "side": "sell", "size": "676.10000000", "price": "0.20229000", "time": "2025-07-13T14:38:43.475035Z", "fetched_at": "2025-07-13T14:39:32.183515+00:00", "symbol": "DOGE-USD"}, {"trade_id": 138821314, "side": "sell", "size": "308.10000000", "price": "0.20228000", "time": "2025-07-13T14:38:43.475035Z", "fetched_at": "2025-07-13T14:39:32.183515+00:00", "symbol": "DOGE-USD"}, {"trade_id": 138821313, "side": "sell", "size": "681.60000000", "price": "0.20228000", "time": "2025-07-13T14:38:43.475035Z", "fetched_at": "2025-07-13T14:39:32.183515+00:00", "symbol": "DOGE-USD"}, {"trade_id": 138821312, "side": "sell", "size": "984.20000000", "price": "0.20228000", "time": "2025-07-13T14:38:43.475035Z", "fetched_at": "2025-07-13T14:39:32.183515+00:00", "symbol": "DOGE-USD"}, {"trade_id": 138821311, "side": "sell", "size": "5.50000000", "price": "0.20228000", "time": "2025-07-13T14:38:43.475035Z", "fetched_at": "2025-07-13T14:39:32.183515+00:00", "symbol": "DOGE-USD"}, {"trade_id": 138821310, "side": "buy", "size": "729.40000000", "price": "0.20227000", "time": "2025-07-13T14:38:43.466555Z", "fetched_at": "2025-07-13T14:39:32.183515+00:00", "symbol": "DOGE-USD"}, {"trade_id": 138821309, "side": "sell", "size": "5.50000000", "price": "0.20226000", "time": "2025-07-13T14:38:43.387529Z", "fetched_at": "2025-07-13T14:39:32.183515+00:00", "symbol": "DOGE-USD"}, {"trade_id": 138821308, "side": "buy", "size": "968.10000000", "price": "0.20220000", "time": "2025-07-13T14:38:40.441486Z", "fetched_at": "2025-07-13T14:39:32.183515+00:00", "symbol": "DOGE-USD"}, {"trade_id": 138821307, "side": "buy", "size": "0.50000000", "price": "0.20220000", "time": "2025-07-13T14:38:40.441486Z", "fetched_at": "2025-07-13T14:39:32.183515+00:00", "symbol": "DOGE-USD"}, {"trade_id": 138821306, "side": "buy", "size": "5.00000000", "price": "0.20220000", "time": "2025-07-13T14:38:37.717962Z", "fetched_at": "2025-07-13T14:39:32.183515+00:00", "symbol": "DOGE-USD"}, {"trade_id": 138821305, "side": "buy", "size": "5.50000000", "price": "0.20222000", "time": "2025-07-13T14:38:36.690983Z", "fetched_at": "2025-07-13T14:39:32.183515+00:00", "symbol": "DOGE-USD"}, {"trade_id": 138821304, "side": "buy", "size": "5.50000000", "price": "0.20224000", "time": "2025-07-13T14:38:36.132050Z", "fetched_at": "2025-07-13T14:39:32.183515+00:00", "symbol": "DOGE-USD"}, {"trade_id": 138821303, "side": "sell", "size": "234.80000000", "price": "0.20225000", "time": "2025-07-13T14:38:35.513580Z", "fetched_at": "2025-07-13T14:39:32.183515+00:00", "symbol": "DOGE-USD"}, {"trade_id": 138821302, "side": "sell", "size": "265.20000000", "price": "0.20225000", "time": "2025-07-13T14:38:35.513580Z", "fetched_at": "2025-07-13T14:39:32.183515+00:00", "symbol": "DOGE-USD"}, {"trade_id": 138821301, "side": "buy", "size": "675.70000000", "price": "0.20230000", "time": "2025-07-13T14:38:35.039223Z", "fetched_at": "2025-07-13T14:39:32.183515+00:00", "symbol": "DOGE-USD"}, {"trade_id": 138821300, "side": "sell", "size": "1826.70000000", "price": "0.20237000", "time": "2025-07-13T14:38:33.979293Z", "fetched_at": "2025-07-13T14:39:32.183515+00:00", "symbol": "DOGE-USD"}, {"trade_id": 138821299, "side": "sell", "size": "675.90000000", "price": "0.20236000", "time": "2025-07-13T14:38:33.979293Z", "fetched_at": "2025-07-13T14:39:32.183515+00:00", "symbol": "DOGE-USD"}, {"trade_id": 138821298, "side": "sell", "size": "5.50000000", "price": "0.20236000", "time": "2025-07-13T14:38:33.979293Z", "fetched_at": "2025-07-13T14:39:32.183515+00:00", "symbol": "DOGE-USD"}, {"trade_id": 138821297, "side": "sell", "size": "1759.90000000", "price": "0.20235000", "time": "2025-07-13T14:38:33.929979Z", "fetched_at": "2025-07-13T14:39:32.183515+00:00", "symbol": "DOGE-USD"}, {"trade_id": 138821296, "side": "sell", "size": "681.40000000", "price": "0.20233000", "time": "2025-07-13T14:38:33.929471Z", "fetched_at": "2025-07-13T14:39:32.183515+00:00", "symbol": "DOGE-USD"}, {"trade_id": 138821295, "side": "sell", "size": "675.90000000", "price": "0.20232000", "time": "2025-07-13T14:38:33.929471Z", "fetched_at": "2025-07-13T14:39:32.183515+00:00", "symbol": "DOGE-USD"}, {"trade_id": 138821294, "side": "sell", "size": "5.50000000", "price": "0.20232000", "time": "2025-07-13T14:38:33.929471Z", "fetched_at": "2025-07-13T14:39:32.183515+00:00", "symbol": "DOGE-USD"}, {"trade_id": 138821293, "side": "sell", "size": "681.40000000", "price": "0.20229000", "time": "2025-07-13T14:38:33.860109Z", "fetched_at": "2025-07-13T14:39:32.183515+00:00", "symbol": "DOGE-USD"}, {"trade_id": 138821292, "side": "sell", "size": "675.90000000", "price": "0.20229000", "time": "2025-07-13T14:38:33.853261Z", "fetched_at": "2025-07-13T14:39:32.183515+00:00", "symbol": "DOGE-USD"}, {"trade_id": 138821291, "side": "sell", "size": "5.50000000", "price": "0.20228000", "time": "2025-07-13T14:38:33.853261Z", "fetched_at": "2025-07-13T14:39:32.183515+00:00", "symbol": "DOGE-USD"}, {"trade_id": 138821290, "side": "buy", "size": "5.50000000", "price": "0.20224000", "time": "2025-07-13T14:38:32.193367Z", "fetched_at": "2025-07-13T14:39:32.183515+00:00", "symbol": "DOGE-USD"}, {"trade_id": 138821289, "side": "buy", "size": "5.50000000", "price": "0.20225000", "time": "2025-07-13T14:38:32.193367Z", "fetched_at": "2025-07-13T14:39:32.183515+00:00", "symbol": "DOGE-USD"}, {"trade_id": 138821288, "side": "buy", "size": "670.30000000", "price": "0.20225000", "time": "2025-07-13T14:38:32.192944Z", "fetched_at": "2025-07-13T14:39:32.183515+00:00", "symbol": "DOGE-USD"}, {"trade_id": 138821287, "side": "buy", "size": "5.50000000", "price": "0.20226000", "time": "2025-07-13T14:38:32.192944Z", "fetched_at": "2025-07-13T14:39:32.183515+00:00", "symbol": "DOGE-USD"}, {"trade_id": 138821286, "side": "buy", "size": "205.80000000", "price": "0.20227000", "time": "2025-07-13T14:38:32.100728Z", "fetched_at": "2025-07-13T14:39:32.183515+00:00", "symbol": "DOGE-USD"}, {"trade_id": 138821285, "side": "buy", "size": "294.20000000", "price": "0.20227000", "time": "2025-07-13T14:38:30.748019Z", "fetched_at": "2025-07-13T14:39:32.183515+00:00", "symbol": "DOGE-USD"}, {"trade_id": 138821284, "side": "buy", "size": "1369.10000000", "price": "0.20228000", "time": "2025-07-13T14:38:30.748019Z", "fetched_at": "2025-07-13T14:39:32.183515+00:00", "symbol": "DOGE-USD"}, {"trade_id": 138821283, "side": "buy", "size": "2424.80000000", "price": "0.20228000", "time": "2025-07-13T14:38:30.748019Z", "fetched_at": "2025-07-13T14:39:32.183515+00:00", "symbol": "DOGE-USD"}, {"trade_id": 138821282, "side": "buy", "size": "5.50000000", "price": "0.20228000", "time": "2025-07-13T14:38:30.748019Z", "fetched_at": "2025-07-13T14:39:32.183515+00:00", "symbol": "DOGE-USD"}, {"trade_id": 138821281, "side": "buy", "size": "675.70000000", "price": "0.20229000", "time": "2025-07-13T14:38:30.748019Z", "fetched_at": "2025-07-13T14:39:32.183515+00:00", "symbol": "DOGE-USD"}, {"trade_id": 138821280, "side": "buy", "size": "1258.70000000", "price": "0.20230000", "time": "2025-07-13T14:38:30.748019Z", "fetched_at": "2025-07-13T14:39:32.183515+00:00", "symbol": "DOGE-USD"}, {"trade_id": 138821279, "side": "buy", "size": "5.50000000", "price": "0.20230000", "time": "2025-07-13T14:38:30.748019Z", "fetched_at": "2025-07-13T14:39:32.183515+00:00", "symbol": "DOGE-USD"}, {"trade_id": 138821278, "side": "buy", "size": "150.60000000", "price": "0.20231000", "time": "2025-07-13T14:38:30.748019Z", "fetched_at": "2025-07-13T14:39:32.183515+00:00", "symbol": "DOGE-USD"}, {"trade_id": 138821277, "side": "buy", "size": "349.40000000", "price": "0.20231000", "time": "2025-07-13T14:38:28.727300Z", "fetched_at": "2025-07-13T14:39:32.183515+00:00", "symbol": "DOGE-USD"}, {"trade_id": 138821276, "side": "sell", "size": "245.10000000", "price": "0.20232000", "time": "2025-07-13T14:38:28.177921Z", "fetched_at": "2025-07-13T14:39:32.183515+00:00", "symbol": "DOGE-USD"}, {"trade_id": 138821275, "side": "sell", "size": "254.90000000", "price": "0.20232000", "time": "2025-07-13T14:38:28.177921Z", "fetched_at": "2025-07-13T14:39:32.183515+00:00", "symbol": "DOGE-USD"}, {"trade_id": 138821274, "side": "buy", "size": "38.30000000", "price": "0.20232000", "time": "2025-07-13T14:38:25.721821Z", "fetched_at": "2025-07-13T14:39:32.183515+00:00", "symbol": "DOGE-USD"}, {"trade_id": 138821273, "side": "buy", "size": "5.50000000", "price": "0.20232000", "time": "2025-07-13T14:38:25.721821Z", "fetched_at": "2025-07-13T14:39:32.183515+00:00", "symbol": "DOGE-USD"}, {"trade_id": 138821272, "side": "buy", "size": "1368.60000000", "price": "0.20233000", "time": "2025-07-13T14:38:25.721821Z", "fetched_at": "2025-07-13T14:39:32.183515+00:00", "symbol": "DOGE-USD"}, {"trade_id": 138821271, "side": "buy", "size": "5.50000000", "price": "0.20234000", "time": "2025-07-13T14:38:25.721821Z", "fetched_at": "2025-07-13T14:39:32.183515+00:00", "symbol": "DOGE-USD"}, {"trade_id": 138821270, "side": "sell", "size": "2369.00000000", "price": "0.20241000", "time": "2025-07-13T14:38:22.987529Z", "fetched_at": "2025-07-13T14:39:32.183515+00:00", "symbol": "DOGE-USD"}, {"trade_id": 138821269, "side": "sell", "size": "800.80000000", "price": "0.20241000", "time": "2025-07-13T14:38:22.987529Z", "fetched_at": "2025-07-13T14:39:32.183515+00:00", "symbol": "DOGE-USD"}, {"trade_id": 138821268, "side": "sell", "size": "3543.10000000", "price": "0.20240000", "time": "2025-07-13T14:38:22.987529Z", "fetched_at": "2025-07-13T14:39:32.183515+00:00", "symbol": "DOGE-USD"}, {"trade_id": 138821267, "side": "sell", "size": "3544.30000000", "price": "0.20240000", "time": "2025-07-13T14:38:22.987529Z", "fetched_at": "2025-07-13T14:39:32.183515+00:00", "symbol": "DOGE-USD"}, {"trade_id": 138821266, "side": "sell", "size": "6233.70000000", "price": "0.20240000", "time": "2025-07-13T14:38:22.987529Z", "fetched_at": "2025-07-13T14:39:32.183515+00:00", "symbol": "DOGE-USD"}, {"trade_id": 138821265, "side": "sell", "size": "10998.20000000", "price": "0.20240000", "time": "2025-07-13T14:38:22.987529Z", "fetched_at": "2025-07-13T14:39:32.183515+00:00", "symbol": "DOGE-USD"}, {"trade_id": 138821264, "side": "sell", "size": "4252.70000000", "price": "0.20240000", "time": "2025-07-13T14:38:22.987529Z", "fetched_at": "2025-07-13T14:39:32.183515+00:00", "symbol": "DOGE-USD"}, {"trade_id": 138821263, "side": "sell", "size": "3544.30000000", "price": "0.20239000", "time": "2025-07-13T14:38:22.987529Z", "fetched_at": "2025-07-13T14:39:32.183515+00:00", "symbol": "DOGE-USD"}, {"trade_id": 138821262, "side": "sell", "size": "3543.10000000", "price": "0.20239000", "time": "2025-07-13T14:38:22.987529Z", "fetched_at": "2025-07-13T14:39:32.183515+00:00", "symbol": "DOGE-USD"}, {"trade_id": 138821261, "side": "sell", "size": "3506.40000000", "price": "0.20239000", "time": "2025-07-13T14:38:22.987529Z", "fetched_at": "2025-07-13T14:39:32.183515+00:00", "symbol": "DOGE-USD"}, {"trade_id": 138821260, "side": "sell", "size": "1861.30000000", "price": "0.20239000", "time": "2025-07-13T14:38:22.987529Z", "fetched_at": "2025-07-13T14:39:32.183515+00:00", "symbol": "DOGE-USD"}, {"trade_id": 138821259, "side": "sell", "size": "2126.50000000", "price": "0.20239000", "time": "2025-07-13T14:38:22.987529Z", "fetched_at": "2025-07-13T14:39:32.183515+00:00", "symbol": "DOGE-USD"}, {"trade_id": 138821258, "side": "sell", "size": "1402.10000000", "price": "0.20239000", "time": "2025-07-13T14:38:22.987529Z", "fetched_at": "2025-07-13T14:39:32.183515+00:00", "symbol": "DOGE-USD"}, {"trade_id": 138821257, "side": "sell", "size": "1397.40000000", "price": "0.20239000", "time": "2025-07-13T14:38:22.987529Z", "fetched_at": "2025-07-13T14:39:32.183515+00:00", "symbol": "DOGE-USD"}, {"trade_id": 138821256, "side": "sell", "size": "1887.10000000", "price": "0.20238000", "time": "2025-07-13T14:38:22.987529Z", "fetched_at": "2025-07-13T14:39:32.183515+00:00", "symbol": "DOGE-USD"}, {"trade_id": 138821255, "side": "sell", "size": "1915.90000000", "price": "0.20238000", "time": "2025-07-13T14:38:22.987529Z", "fetched_at": "2025-07-13T14:39:32.183515+00:00", "symbol": "DOGE-USD"}, {"trade_id": 138821254, "side": "sell", "size": "1679.70000000", "price": "0.20238000", "time": "2025-07-13T14:38:22.987529Z", "fetched_at": "2025-07-13T14:39:32.183515+00:00", "symbol": "DOGE-USD"}, {"trade_id": 138821253, "side": "sell", "size": "675.50000000", "price": "0.20237000", "time": "2025-07-13T14:38:22.987529Z", "fetched_at": "2025-07-13T14:39:32.183515+00:00", "symbol": "DOGE-USD"}, {"trade_id": 138821252, "side": "sell", "size": "1163.40000000", "price": "0.20235000", "time": "2025-07-13T14:38:22.987529Z", "fetched_at": "2025-07-13T14:39:32.183515+00:00", "symbol": "DOGE-USD"}, {"trade_id": 138821251, "side": "sell", "size": "1163.40000000", "price": "0.20235000", "time": "2025-07-13T14:38:22.987529Z", "fetched_at": "2025-07-13T14:39:32.183515+00:00", "symbol": "DOGE-USD"}, {"trade_id": 138821250, "side": "sell", "size": "479.70000000", "price": "0.20235000", "time": "2025-07-13T14:38:21.881368Z", "fetched_at": "2025-07-13T14:39:32.183515+00:00", "symbol": "DOGE-USD"}, {"trade_id": 138821249, "side": "buy", "size": "675.50000000", "price": "0.20235000", "time": "2025-07-13T14:38:21.719579Z", "fetched_at": "2025-07-13T14:39:32.183515+00:00", "symbol": "DOGE-USD"}, {"trade_id": 138821248, "side": "buy", "size": "5.50000000", "price": "0.20236000", "time": "2025-07-13T14:38:21.719579Z", "fetched_at": "2025-07-13T14:39:32.183515+00:00", "symbol": "DOGE-USD"}, {"trade_id": 138821247, "side": "sell", "size": "6221.90000000", "price": "0.20241000", "time": "2025-07-13T14:38:20.860365Z", "fetched_at": "2025-07-13T14:39:32.183515+00:00", "symbol": "DOGE-USD"}, {"trade_id": 138821246, "side": "sell", "size": "3818.00000000", "price": "0.20241000", "time": "2025-07-13T14:38:20.860365Z", "fetched_at": "2025-07-13T14:39:32.183515+00:00", "symbol": "DOGE-USD"}, {"trade_id": 138821245, "side": "sell", "size": "3544.20000000", "price": "0.20241000", "time": "2025-07-13T14:38:20.860365Z", "fetched_at": "2025-07-13T14:39:32.183515+00:00", "symbol": "DOGE-USD"}, {"trade_id": 138821244, "side": "sell", "size": "3543.10000000", "price": "0.20241000", "time": "2025-07-13T14:38:20.860365Z", "fetched_at": "2025-07-13T14:39:32.183515+00:00", "symbol": "DOGE-USD"}, {"trade_id": 138821243, "side": "sell", "size": "1860.70000000", "price": "0.20240000", "time": "2025-07-13T14:38:20.860365Z", "fetched_at": "2025-07-13T14:39:32.183515+00:00", "symbol": "DOGE-USD"}, {"trade_id": 138821242, "side": "sell", "size": "2125.90000000", "price": "0.20240000", "time": "2025-07-13T14:38:20.860365Z", "fetched_at": "2025-07-13T14:39:32.183515+00:00", "symbol": "DOGE-USD"}, {"trade_id": 138821241, "side": "sell", "size": "675.40000000", "price": "0.20239000", "time": "2025-07-13T14:38:20.860365Z", "fetched_at": "2025-07-13T14:39:32.183515+00:00", "symbol": "DOGE-USD"}, {"trade_id": 138821240, "side": "sell", "size": "675.10000000", "price": "0.20238000", "time": "2025-07-13T14:38:20.860365Z", "fetched_at": "2025-07-13T14:39:32.183515+00:00", "symbol": "DOGE-USD"}, {"trade_id": 138821239, "side": "sell", "size": "930.30000000", "price": "0.20238000", "time": "2025-07-13T14:38:20.860365Z", "fetched_at": "2025-07-13T14:39:32.183515+00:00", "symbol": "DOGE-USD"}, {"trade_id": 138821238, "side": "sell", "size": "1350.50000000", "price": "0.20238000", "time": "2025-07-13T14:38:20.860365Z", "fetched_at": "2025-07-13T14:39:32.183515+00:00", "symbol": "DOGE-USD"}, {"trade_id": 138821237, "side": "sell", "size": "254.90000000", "price": "0.20237000", "time": "2025-07-13T14:38:20.860365Z", "fetched_at": "2025-07-13T14:39:32.183515+00:00", "symbol": "DOGE-USD"}, {"trade_id": 138821236, "side": "buy", "size": "152.40000000", "price": "0.20237000", "time": "2025-07-13T14:38:19.745952Z", "fetched_at": "2025-07-13T14:39:32.183515+00:00", "symbol": "DOGE-USD"}, {"trade_id": 138821235, "side": "sell", "size": "721.10000000", "price": "0.20242000", "time": "2025-07-13T14:38:17.692384Z", "fetched_at": "2025-07-13T14:39:32.183515+00:00", "symbol": "DOGE-USD"}, {"trade_id": 138821234, "side": "sell", "size": "1859.20000000", "price": "0.20242000", "time": "2025-07-13T14:38:17.692384Z", "fetched_at": "2025-07-13T14:39:32.183515+00:00", "symbol": "DOGE-USD"}, {"trade_id": 138821233, "side": "sell", "size": "2123.30000000", "price": "0.20242000", "time": "2025-07-13T14:38:17.692384Z", "fetched_at": "2025-07-13T14:39:32.183515+00:00", "symbol": "DOGE-USD"}, {"trade_id": 138821232, "side": "sell", "size": "675.40000000", "price": "0.20241000", "time": "2025-07-13T14:38:17.692384Z", "fetched_at": "2025-07-13T14:39:32.183515+00:00", "symbol": "DOGE-USD"}, {"trade_id": 138821231, "side": "sell", "size": "2677.10000000", "price": "0.20241000", "time": "2025-07-13T14:38:17.692384Z", "fetched_at": "2025-07-13T14:39:32.183515+00:00", "symbol": "DOGE-USD"}, {"trade_id": 138821230, "side": "sell", "size": "2124.10000000", "price": "0.20241000", "time": "2025-07-13T14:38:17.692384Z", "fetched_at": "2025-07-13T14:39:32.183515+00:00", "symbol": "DOGE-USD"}, {"trade_id": 138821229, "side": "sell", "size": "184.50000000", "price": "0.20239000", "time": "2025-07-13T14:38:17.692384Z", "fetched_at": "2025-07-13T14:39:32.183515+00:00", "symbol": "DOGE-USD"}, {"trade_id": 138821228, "side": "sell", "size": "254.90000000", "price": "0.20237000", "time": "2025-07-13T14:38:17.692384Z", "fetched_at": "2025-07-13T14:39:32.183515+00:00", "symbol": "DOGE-USD"}, {"trade_id": 138821227, "side": "sell", "size": "62.10000000", "price": "0.20239000", "time": "2025-07-13T14:38:17.653112Z", "fetched_at": "2025-07-13T14:39:32.183515+00:00", "symbol": "DOGE-USD"}, {"trade_id": 138821226, "side": "sell", "size": "183.00000000", "price": "0.20238000", "time": "2025-07-13T14:38:17.653112Z", "fetched_at": "2025-07-13T14:39:32.183515+00:00", "symbol": "DOGE-USD"}, {"trade_id": 138821225, "side": "sell", "size": "254.90000000", "price": "0.20238000", "time": "2025-07-13T14:38:17.653112Z", "fetched_at": "2025-07-13T14:39:32.183515+00:00", "symbol": "DOGE-USD"}, {"trade_id": 138821224, "side": "buy", "size": "263.30000000", "price": "0.20238000", "time": "2025-07-13T14:38:15.057087Z", "fetched_at": "2025-07-13T14:39:32.183515+00:00", "symbol": "DOGE-USD"}, {"trade_id": 138821223, "side": "buy", "size": "5.50000000", "price": "0.20238000", "time": "2025-07-13T14:38:15.057087Z", "fetched_at": "2025-07-13T14:39:32.183515+00:00", "symbol": "DOGE-USD"}, {"trade_id": 138821222, "side": "buy", "size": "5.50000000", "price": "0.20240000", "time": "2025-07-13T14:38:15.057087Z", "fetched_at": "2025-07-13T14:39:32.183515+00:00", "symbol": "DOGE-USD"}, {"trade_id": 138821221, "side": "buy", "size": "583.00000000", "price": "0.20241000", "time": "2025-07-13T14:38:14.873430Z", "fetched_at": "2025-07-13T14:39:32.183515+00:00", "symbol": "DOGE-USD"}, {"trade_id": 138821220, "side": "buy", "size": "4.50000000", "price": "0.20244000", "time": "2025-07-13T14:38:12.831517Z", "fetched_at": "2025-07-13T14:39:32.183515+00:00", "symbol": "DOGE-USD"}, {"trade_id": 138821219, "side": "sell", "size": "4.40000000", "price": "0.20245000", "time": "2025-07-13T14:38:12.669063Z", "fetched_at": "2025-07-13T14:39:32.183515+00:00", "symbol": "DOGE-USD"}, {"trade_id": 138821218, "side": "sell", "size": "1133.20000000", "price": "0.20248000", "time": "2025-07-13T14:38:12.336885Z", "fetched_at": "2025-07-13T14:39:32.183515+00:00", "symbol": "DOGE-USD"}, {"trade_id": 138821217, "side": "sell", "size": "2123.20000000", "price": "0.20248000", "time": "2025-07-13T14:38:12.336885Z", "fetched_at": "2025-07-13T14:39:32.183515+00:00", "symbol": "DOGE-USD"}, {"trade_id": 138821216, "side": "sell", "size": "674.90000000", "price": "0.20247000", "time": "2025-07-13T14:38:12.336885Z", "fetched_at": "2025-07-13T14:39:32.183515+00:00", "symbol": "DOGE-USD"}, {"trade_id": 138821215, "side": "sell", "size": "183.00000000", "price": "0.20245000", "time": "2025-07-13T14:38:12.336885Z", "fetched_at": "2025-07-13T14:39:32.183515+00:00", "symbol": "DOGE-USD"}, {"trade_id": 138821214, "side": "sell", "size": "894.50000000", "price": "0.20245000", "time": "2025-07-13T14:38:12.336885Z", "fetched_at": "2025-07-13T14:39:32.183515+00:00", "symbol": "DOGE-USD"}, {"trade_id": 138821213, "side": "sell", "size": "1159.70000000", "price": "0.20245000", "time": "2025-07-13T14:38:12.336885Z", "fetched_at": "2025-07-13T14:39:32.183515+00:00", "symbol": "DOGE-USD"}, {"trade_id": 138821212, "side": "sell", "size": "520.10000000", "price": "0.20245000", "time": "2025-07-13T14:38:12.336885Z", "fetched_at": "2025-07-13T14:39:32.183515+00:00", "symbol": "DOGE-USD"}, {"trade_id": 138821211, "side": "sell", "size": "254.90000000", "price": "0.20245000", "time": "2025-07-13T14:38:12.336885Z", "fetched_at": "2025-07-13T14:39:32.183515+00:00", "symbol": "DOGE-USD"}, {"trade_id": 138821210, "side": "buy", "size": "1.00000000", "price": "0.20244000", "time": "2025-07-13T14:38:12.265586Z", "fetched_at": "2025-07-13T14:39:32.183515+00:00", "symbol": "DOGE-USD"}, {"trade_id": 138821209, "side": "buy", "size": "5.50000000", "price": "0.20246000", "time": "2025-07-13T14:38:11.963899Z", "fetched_at": "2025-07-13T14:39:32.183515+00:00", "symbol": "DOGE-USD"}, {"trade_id": 138821208, "side": "sell", "size": "397.80000000", "price": "0.20249000", "time": "2025-07-13T14:38:11.065826Z", "fetched_at": "2025-07-13T14:39:32.183515+00:00", "symbol": "DOGE-USD"}, {"trade_id": 138821207, "side": "buy", "size": "5.50000000", "price": "0.20248000", "time": "2025-07-13T14:38:11.062027Z", "fetched_at": "2025-07-13T14:39:32.183515+00:00", "symbol": "DOGE-USD"}, {"trade_id": 138821206, "side": "buy", "size": "3212.00000000", "price": "0.20249000", "time": "2025-07-13T14:38:11.061246Z", "fetched_at": "2025-07-13T14:39:32.183515+00:00", "symbol": "DOGE-USD"}, {"trade_id": 138821205, "side": "buy", "size": "2710.00000000", "price": "0.20249000", "time": "2025-07-13T14:38:11.060975Z", "fetched_at": "2025-07-13T14:39:32.183515+00:00", "symbol": "DOGE-USD"}, {"trade_id": 138821204, "side": "buy", "size": "1712.50000000", "price": "0.20249000", "time": "2025-07-13T14:38:11.060887Z", "fetched_at": "2025-07-13T14:39:32.183515+00:00", "symbol": "DOGE-USD"}, {"trade_id": 138821203, "side": "buy", "size": "2113.70000000", "price": "0.20250000", "time": "2025-07-13T14:38:11.060849Z", "fetched_at": "2025-07-13T14:39:32.183515+00:00", "symbol": "DOGE-USD"}, {"trade_id": 138821202, "side": "buy", "size": "5.50000000", "price": "0.20250000", "time": "2025-07-13T14:38:11.060849Z", "fetched_at": "2025-07-13T14:39:32.183515+00:00", "symbol": "DOGE-USD"}, {"trade_id": 138821201, "side": "buy", "size": "823.20000000", "price": "0.20251000", "time": "2025-07-13T14:38:11.060849Z", "fetched_at": "2025-07-13T14:39:32.183515+00:00", "symbol": "DOGE-USD"}, {"trade_id": 138821200, "side": "buy", "size": "2117.90000000", "price": "0.20251000", "time": "2025-07-13T14:38:11.060419Z", "fetched_at": "2025-07-13T14:39:32.183515+00:00", "symbol": "DOGE-USD"}, {"trade_id": 138821199, "side": "buy", "size": "616.30000000", "price": "0.20252000", "time": "2025-07-13T14:38:11.060419Z", "fetched_at": "2025-07-13T14:39:32.183515+00:00", "symbol": "DOGE-USD"}, {"trade_id": 138821198, "side": "buy", "size": "5.50000000", "price": "0.20252000", "time": "2025-07-13T14:38:11.060419Z", "fetched_at": "2025-07-13T14:39:32.183515+00:00", "symbol": "DOGE-USD"}, {"trade_id": 138821197, "side": "buy", "size": "400.30000000", "price": "0.20254000", "time": "2025-07-13T14:38:11.060380Z", "fetched_at": "2025-07-13T14:39:32.183515+00:00", "symbol": "DOGE-USD"}, {"trade_id": 138821196, "side": "buy", "size": "401.60000000", "price": "0.20254000", "time": "2025-07-13T14:38:11.060380Z", "fetched_at": "2025-07-13T14:39:32.183515+00:00", "symbol": "DOGE-USD"}, {"trade_id": 138821195, "side": "buy", "size": "5.50000000", "price": "0.20254000", "time": "2025-07-13T14:38:07.288802Z", "fetched_at": "2025-07-13T14:39:32.183515+00:00", "symbol": "DOGE-USD"}, {"trade_id": 138821194, "side": "sell", "size": "22.10000000", "price": "0.20255000", "time": "2025-07-13T14:38:06.512359Z", "fetched_at": "2025-07-13T14:39:32.183515+00:00", "symbol": "DOGE-USD"}, {"trade_id": 138821193, "side": "buy", "size": "1107.10000000", "price": "0.20255000", "time": "2025-07-13T14:38:06.459592Z", "fetched_at": "2025-07-13T14:39:32.183515+00:00", "symbol": "DOGE-USD"}, {"trade_id": 138821192, "side": "buy", "size": "2517.50000000", "price": "0.20255000", "time": "2025-07-13T14:38:06.459592Z", "fetched_at": "2025-07-13T14:39:32.183515+00:00", "symbol": "DOGE-USD"}, {"trade_id": 138821191, "side": "buy", "size": "674.80000000", "price": "0.20256000", "time": "2025-07-13T14:38:06.458715Z", "fetched_at": "2025-07-13T14:39:32.183515+00:00", "symbol": "DOGE-USD"}, {"trade_id": 138821190, "side": "buy", "size": "18392.30000000", "price": "0.20256000", "time": "2025-07-13T14:38:06.458715Z", "fetched_at": "2025-07-13T14:39:32.183515+00:00", "symbol": "DOGE-USD"}, {"trade_id": 138821189, "side": "buy", "size": "5512.50000000", "price": "0.20256000", "time": "2025-07-13T14:38:06.457805Z", "fetched_at": "2025-07-13T14:39:32.183515+00:00", "symbol": "DOGE-USD"}, {"trade_id": 138821188, "side": "sell", "size": "5.50000000", "price": "0.20262000", "time": "2025-07-13T14:38:02.198671Z", "fetched_at": "2025-07-13T14:39:32.183515+00:00", "symbol": "DOGE-USD"}, {"trade_id": 138821187, "side": "sell", "size": "5.50000000", "price": "0.20260000", "time": "2025-07-13T14:38:02.061153Z", "fetched_at": "2025-07-13T14:39:32.183515+00:00", "symbol": "DOGE-USD"}, {"trade_id": 138821186, "side": "buy", "size": "1.40000000", "price": "0.20259000", "time": "2025-07-13T14:38:00.343997Z", "fetched_at": "2025-07-13T14:39:32.183515+00:00", "symbol": "DOGE-USD"}, {"trade_id": 138821185, "side": "sell", "size": "635.30000000", "price": "0.20259000", "time": "2025-07-13T14:37:56.336331Z", "fetched_at": "2025-07-13T14:39:32.183515+00:00", "symbol": "DOGE-USD"}, {"trade_id": 138821184, "side": "sell", "size": "1213.20000000", "price": "0.20259000", "time": "2025-07-13T14:37:56.336331Z", "fetched_at": "2025-07-13T14:39:32.183515+00:00", "symbol": "DOGE-USD"}, {"trade_id": 138821183, "side": "sell", "size": "66.50000000", "price": "0.20256000", "time": "2025-07-13T14:37:54.208375Z", "fetched_at": "2025-07-13T14:39:32.183515+00:00", "symbol": "DOGE-USD"}, {"trade_id": 138821182, "side": "sell", "size": "5.50000000", "price": "0.20256000", "time": "2025-07-13T14:37:54.208375Z", "fetched_at": "2025-07-13T14:39:32.183515+00:00", "symbol": "DOGE-USD"}, {"trade_id": 138821181, "side": "sell", "size": "1212.70000000", "price": "0.20255000", "time": "2025-07-13T14:37:53.717988Z", "fetched_at": "2025-07-13T14:39:32.183515+00:00", "symbol": "DOGE-USD"}, {"trade_id": 138821180, "side": "buy", "size": "1296.50000000", "price": "0.20250000", "time": "2025-07-13T14:37:49.845235Z", "fetched_at": "2025-07-13T14:39:32.183515+00:00", "symbol": "DOGE-USD"}, {"trade_id": 138821179, "side": "buy", "size": "6328.50000000", "price": "0.20250000", "time": "2025-07-13T14:37:49.844183Z", "fetched_at": "2025-07-13T14:39:32.183515+00:00", "symbol": "DOGE-USD"}, {"trade_id": 138821178, "side": "buy", "size": "330.40000000", "price": "0.20251000", "time": "2025-07-13T14:37:49.844183Z", "fetched_at": "2025-07-13T14:39:32.183515+00:00", "symbol": "DOGE-USD"}, {"trade_id": 138821177, "side": "sell", "size": "5.50000000", "price": "0.20254000", "time": "2025-07-13T14:37:49.725963Z", "fetched_at": "2025-07-13T14:39:32.183515+00:00", "symbol": "DOGE-USD"}, {"trade_id": 138821176, "side": "sell", "size": "675.20000000", "price": "0.20253000", "time": "2025-07-13T14:37:49.725963Z", "fetched_at": "2025-07-13T14:39:32.183515+00:00", "symbol": "DOGE-USD"}, {"trade_id": 138821175, "side": "sell", "size": "1896.50000000", "price": "0.20252000", "time": "2025-07-13T14:37:49.712508Z", "fetched_at": "2025-07-13T14:39:32.183515+00:00", "symbol": "DOGE-USD"}, {"trade_id": 138821174, "side": "sell", "size": "12708.40000000", "price": "0.20252000", "time": "2025-07-13T14:37:49.712508Z", "fetched_at": "2025-07-13T14:39:32.183515+00:00", "symbol": "DOGE-USD"}, {"trade_id": 138821173, "side": "sell", "size": "5.50000000", "price": "0.20252000", "time": "2025-07-13T14:37:49.712508Z", "fetched_at": "2025-07-13T14:39:32.183515+00:00", "symbol": "DOGE-USD"}, {"trade_id": 138821172, "side": "sell", "size": "769.50000000", "price": "0.20252000", "time": "2025-07-13T14:37:49.712508Z", "fetched_at": "2025-07-13T14:39:32.183515+00:00", "symbol": "DOGE-USD"}, {"trade_id": 138821171, "side": "sell", "size": "2500.00000000", "price": "0.20251000", "time": "2025-07-13T14:37:49.712490Z", "fetched_at": "2025-07-13T14:39:32.183515+00:00", "symbol": "DOGE-USD"}, {"trade_id": 138821170, "side": "sell", "size": "5000.00000000", "price": "0.20251000", "time": "2025-07-13T14:37:49.712490Z", "fetched_at": "2025-07-13T14:39:32.183515+00:00", "symbol": "DOGE-USD"}, {"trade_id": 138821169, "side": "sell", "size": "10000.00000000", "price": "0.20251000", "time": "2025-07-13T14:37:49.712490Z", "fetched_at": "2025-07-13T14:39:32.183515+00:00", "symbol": "DOGE-USD"}, {"trade_id": 138821168, "side": "sell", "size": "7104.50000000", "price": "0.20251000", "time": "2025-07-13T14:37:49.712490Z", "fetched_at": "2025-07-13T14:39:32.183515+00:00", "symbol": "DOGE-USD"}, {"trade_id": 138821167, "side": "sell", "size": "9601.90000000", "price": "0.20251000", "time": "2025-07-13T14:37:49.712490Z", "fetched_at": "2025-07-13T14:39:32.183515+00:00", "symbol": "DOGE-USD"}, {"trade_id": 138821166, "side": "sell", "size": "4144.50000000", "price": "0.20251000", "time": "2025-07-13T14:37:49.712490Z", "fetched_at": "2025-07-13T14:39:32.183515+00:00", "symbol": "DOGE-USD"}, {"trade_id": 138821165, "side": "sell", "size": "3661.10000000", "price": "0.20250000", "time": "2025-07-13T14:37:49.712401Z", "fetched_at": "2025-07-13T14:39:32.183515+00:00", "symbol": "DOGE-USD"}, {"trade_id": 138821164, "side": "sell", "size": "7200.00000000", "price": "0.20250000", "time": "2025-07-13T14:37:49.712401Z", "fetched_at": "2025-07-13T14:39:32.183515+00:00", "symbol": "DOGE-USD"}, {"trade_id": 138821163, "side": "sell", "size": "5.50000000", "price": "0.20250000", "time": "2025-07-13T14:37:49.712401Z", "fetched_at": "2025-07-13T14:39:32.183515+00:00", "symbol": "DOGE-USD"}, {"trade_id": 138821162, "side": "sell", "size": "19310.90000000", "price": "0.20249000", "time": "2025-07-13T14:37:49.712237Z", "fetched_at": "2025-07-13T14:39:32.183515+00:00", "symbol": "DOGE-USD"}, {"trade_id": 138821161, "side": "sell", "size": "11125.60000000", "price": "0.20248000", "time": "2025-07-13T14:37:49.712031Z", "fetched_at": "2025-07-13T14:39:32.183515+00:00", "symbol": "DOGE-USD"}, {"trade_id": 138821160, "side": "sell", "size": "3687.50000000", "price": "0.20248000", "time": "2025-07-13T14:37:49.712031Z", "fetched_at": "2025-07-13T14:39:32.183515+00:00", "symbol": "DOGE-USD"}, {"trade_id": 138821159, "side": "sell", "size": "5.50000000", "price": "0.20248000", "time": "2025-07-13T14:37:49.712031Z", "fetched_at": "2025-07-13T14:39:32.183515+00:00", "symbol": "DOGE-USD"}, {"trade_id": 138821158, "side": "sell", "size": "2118.90000000", "price": "0.20247000", "time": "2025-07-13T14:37:49.711780Z", "fetched_at": "2025-07-13T14:39:32.183515+00:00", "symbol": "DOGE-USD"}, {"trade_id": 138821157, "side": "sell", "size": "675.20000000", "price": "0.20246000", "time": "2025-07-13T14:37:49.711780Z", "fetched_at": "2025-07-13T14:39:32.183515+00:00", "symbol": "DOGE-USD"}, {"trade_id": 138821156, "side": "sell", "size": "5.50000000", "price": "0.20246000", "time": "2025-07-13T14:37:49.711780Z", "fetched_at": "2025-07-13T14:39:32.183515+00:00", "symbol": "DOGE-USD"}, {"trade_id": 138821155, "side": "sell", "size": "5.50000000", "price": "0.20244000", "time": "2025-07-13T14:37:49.711780Z", "fetched_at": "2025-07-13T14:39:32.183515+00:00", "symbol": "DOGE-USD"}, {"trade_id": 138821154, "side": "sell", "size": "744.30000000", "price": "0.20241000", "time": "2025-07-13T14:37:47.961377Z", "fetched_at": "2025-07-13T14:39:32.183515+00:00", "symbol": "DOGE-USD"}, {"trade_id": 138821153, "side": "sell", "size": "1419.70000000", "price": "0.20241000", "time": "2025-07-13T14:37:47.961377Z", "fetched_at": "2025-07-13T14:39:32.183515+00:00", "symbol": "DOGE-USD"}, {"trade_id": 138821152, "side": "sell", "size": "675.40000000", "price": "0.20241000", "time": "2025-07-13T14:37:47.961377Z", "fetched_at": "2025-07-13T14:39:32.183515+00:00", "symbol": "DOGE-USD"}, {"trade_id": 138821151, "side": "sell", "size": "675.60000000", "price": "0.20238000", "time": "2025-07-13T14:37:45.526703Z", "fetched_at": "2025-07-13T14:39:32.183515+00:00", "symbol": "DOGE-USD"}, {"trade_id": 138821150, "side": "sell", "size": "689.60000000", "price": "0.20238000", "time": "2025-07-13T14:37:45.526703Z", "fetched_at": "2025-07-13T14:39:32.183515+00:00", "symbol": "DOGE-USD"}, {"trade_id": 138821149, "side": "sell", "size": "14.00000000", "price": "0.20234000", "time": "2025-07-13T14:37:45.520999Z", "fetched_at": "2025-07-13T14:39:32.183515+00:00", "symbol": "DOGE-USD"}, {"trade_id": 138821148, "side": "buy", "size": "89.40000000", "price": "0.20233000", "time": "2025-07-13T14:37:43.705228Z", "fetched_at": "2025-07-13T14:39:32.183515+00:00", "symbol": "DOGE-USD"}, {"trade_id": 138821147, "side": "buy", "size": "5.50000000", "price": "0.20234000", "time": "2025-07-13T14:37:43.705228Z", "fetched_at": "2025-07-13T14:39:32.183515+00:00", "symbol": "DOGE-USD"}, {"trade_id": 138821146, "side": "sell", "size": "500.00000000", "price": "0.20235000", "time": "2025-07-13T14:37:43.618189Z", "fetched_at": "2025-07-13T14:39:32.183515+00:00", "symbol": "DOGE-USD"}, {"trade_id": 138821145, "side": "buy", "size": "233.90000000", "price": "0.20236000", "time": "2025-07-13T14:37:41.680067Z", "fetched_at": "2025-07-13T14:39:32.183515+00:00", "symbol": "DOGE-USD"}, {"trade_id": 138821144, "side": "buy", "size": "1069.40000000", "price": "0.20236000", "time": "2025-07-13T14:37:41.679845Z", "fetched_at": "2025-07-13T14:39:32.183515+00:00", "symbol": "DOGE-USD"}, {"trade_id": 138821143, "side": "buy", "size": "1396.40000000", "price": "0.20236000", "time": "2025-07-13T14:37:41.679845Z", "fetched_at": "2025-07-13T14:39:32.183515+00:00", "symbol": "DOGE-USD"}, {"trade_id": 138821142, "side": "buy", "size": "5.50000000", "price": "0.20236000", "time": "2025-07-13T14:37:41.679845Z", "fetched_at": "2025-07-13T14:39:32.183515+00:00", "symbol": "DOGE-USD"}, {"trade_id": 138821141, "side": "buy", "size": "202.40000000", "price": "0.20237000", "time": "2025-07-13T14:37:41.678827Z", "fetched_at": "2025-07-13T14:39:32.183515+00:00", "symbol": "DOGE-USD"}, {"trade_id": 138821140, "side": "buy", "size": "5.50000000", "price": "0.20238000", "time": "2025-07-13T14:37:41.678827Z", "fetched_at": "2025-07-13T14:39:32.183515+00:00", "symbol": "DOGE-USD"}, {"trade_id": 138821139, "side": "buy", "size": "483.00000000", "price": "0.20241000", "time": "2025-07-13T14:37:39.049117Z", "fetched_at": "2025-07-13T14:39:32.183515+00:00", "symbol": "DOGE-USD"}, {"trade_id": 138821138, "side": "buy", "size": "2019.40000000", "price": "0.20242000", "time": "2025-07-13T14:37:39.049117Z", "fetched_at": "2025-07-13T14:39:32.183515+00:00", "symbol": "DOGE-USD"}, {"trade_id": 138821137, "side": "buy", "size": "1165.30000000", "price": "0.20242000", "time": "2025-07-13T14:37:39.049117Z", "fetched_at": "2025-07-13T14:39:32.183515+00:00", "symbol": "DOGE-USD"}, {"trade_id": 138821136, "side": "buy", "size": "622.70000000", "price": "0.20243000", "time": "2025-07-13T14:37:39.049117Z", "fetched_at": "2025-07-13T14:39:32.183515+00:00", "symbol": "DOGE-USD"}, {"trade_id": 138821135, "side": "buy", "size": "400.30000000", "price": "0.20243000", "time": "2025-07-13T14:37:39.049117Z", "fetched_at": "2025-07-13T14:39:32.183515+00:00", "symbol": "DOGE-USD"}, {"trade_id": 138821134, "side": "buy", "size": "401.60000000", "price": "0.20243000", "time": "2025-07-13T14:37:39.049117Z", "fetched_at": "2025-07-13T14:39:32.183515+00:00", "symbol": "DOGE-USD"}, {"trade_id": 138821133, "side": "buy", "size": "12316.90000000", "price": "0.20237000", "time": "2025-07-13T14:37:35.938903Z", "fetched_at": "2025-07-13T14:39:32.183515+00:00", "symbol": "DOGE-USD"}, {"trade_id": 138821132, "side": "buy", "size": "6132.50000000", "price": "0.20238000", "time": "2025-07-13T14:37:35.938903Z", "fetched_at": "2025-07-13T14:39:32.183515+00:00", "symbol": "DOGE-USD"}, {"trade_id": 138821131, "side": "buy", "size": "3532.40000000", "price": "0.20238000", "time": "2025-07-13T14:37:35.938903Z", "fetched_at": "2025-07-13T14:39:32.183515+00:00", "symbol": "DOGE-USD"}, {"trade_id": 138821130, "side": "buy", "size": "8805.70000000", "price": "0.20238000", "time": "2025-07-13T14:37:35.938903Z", "fetched_at": "2025-07-13T14:39:32.183515+00:00", "symbol": "DOGE-USD"}, {"trade_id": 138821129, "side": "buy", "size": "1360.30000000", "price": "0.20239000", "time": "2025-07-13T14:37:35.938903Z", "fetched_at": "2025-07-13T14:39:32.183515+00:00", "symbol": "DOGE-USD"}, {"trade_id": 138821128, "side": "buy", "size": "3521.60000000", "price": "0.20239000", "time": "2025-07-13T14:37:35.938903Z", "fetched_at": "2025-07-13T14:39:32.183515+00:00", "symbol": "DOGE-USD"}, {"trade_id": 138821127, "side": "buy", "size": "3447.60000000", "price": "0.20239000", "time": "2025-07-13T14:37:35.938903Z", "fetched_at": "2025-07-13T14:39:32.183515+00:00", "symbol": "DOGE-USD"}, {"trade_id": 138821126, "side": "buy", "size": "1855.30000000", "price": "0.20239000", "time": "2025-07-13T14:37:35.938903Z", "fetched_at": "2025-07-13T14:39:32.183515+00:00", "symbol": "DOGE-USD"}, {"trade_id": 138821125, "side": "buy", "size": "2113.00000000", "price": "0.20239000", "time": "2025-07-13T14:37:35.938903Z", "fetched_at": "2025-07-13T14:39:32.183515+00:00", "symbol": "DOGE-USD"}, {"trade_id": 138821124, "side": "buy", "size": "19348.30000000", "price": "0.20240000", "time": "2025-07-13T14:37:35.938903Z", "fetched_at": "2025-07-13T14:39:32.183515+00:00", "symbol": "DOGE-USD"}, {"trade_id": 138821123, "side": "buy", "size": "769.50000000", "price": "0.20240000", "time": "2025-07-13T14:37:35.938903Z", "fetched_at": "2025-07-13T14:39:32.183515+00:00", "symbol": "DOGE-USD"}, {"trade_id": 138821122, "side": "buy", "size": "675.30000000", "price": "0.20241000", "time": "2025-07-13T14:37:35.938903Z", "fetched_at": "2025-07-13T14:39:32.183515+00:00", "symbol": "DOGE-USD"}, {"trade_id": 138821121, "side": "buy", "size": "1279.80000000", "price": "0.20242000", "time": "2025-07-13T14:37:35.938903Z", "fetched_at": "2025-07-13T14:39:32.183515+00:00", "symbol": "DOGE-USD"}, {"trade_id": 138821120, "side": "buy", "size": "157.10000000", "price": "0.20243000", "time": "2025-07-13T14:37:35.938903Z", "fetched_at": "2025-07-13T14:39:32.183515+00:00", "symbol": "DOGE-USD"}, {"trade_id": 138821119, "side": "buy", "size": "157.10000000", "price": "0.20243000", "time": "2025-07-13T14:37:35.938903Z", "fetched_at": "2025-07-13T14:39:32.183515+00:00", "symbol": "DOGE-USD"}, {"trade_id": 138821118, "side": "buy", "size": "1211.70000000", "price": "0.20243000", "time": "2025-07-13T14:37:35.938903Z", "fetched_at": "2025-07-13T14:39:32.183515+00:00", "symbol": "DOGE-USD"}, {"trade_id": 138821117, "side": "buy", "size": "1368.50000000", "price": "0.20243000", "time": "2025-07-13T14:37:35.938903Z", "fetched_at": "2025-07-13T14:39:32.183515+00:00", "symbol": "DOGE-USD"}, {"trade_id": 138821116, "side": "buy", "size": "314.30000000", "price": "0.20243000", "time": "2025-07-13T14:37:35.938903Z", "fetched_at": "2025-07-13T14:39:32.183515+00:00", "symbol": "DOGE-USD"}, {"trade_id": 138821115, "side": "buy", "size": "401.60000000", "price": "0.20243000", "time": "2025-07-13T14:37:35.938903Z", "fetched_at": "2025-07-13T14:39:32.183515+00:00", "symbol": "DOGE-USD"}, {"trade_id": 138821114, "side": "buy", "size": "400.30000000", "price": "0.20243000", "time": "2025-07-13T14:37:35.938903Z", "fetched_at": "2025-07-13T14:39:32.183515+00:00", "symbol": "DOGE-USD"}, {"trade_id": 138821113, "side": "sell", "size": "5.50000000", "price": "0.20242000", "time": "2025-07-13T14:37:35.676917Z", "fetched_at": "2025-07-13T14:39:32.183515+00:00", "symbol": "DOGE-USD"}, {"trade_id": 138821112, "side": "sell", "size": "39.50000000", "price": "0.20241000", "time": "2025-07-13T14:37:34.929091Z", "fetched_at": "2025-07-13T14:39:32.183515+00:00", "symbol": "DOGE-USD"}, {"trade_id": 138821111, "side": "sell", "size": "5.50000000", "price": "0.20240000", "time": "2025-07-13T14:37:34.929091Z", "fetched_at": "2025-07-13T14:39:32.183515+00:00", "symbol": "DOGE-USD"}, {"trade_id": 138821110, "side": "sell", "size": "675.50000000", "price": "0.20239000", "time": "2025-07-13T14:37:34.929091Z", "fetched_at": "2025-07-13T14:39:32.183515+00:00", "symbol": "DOGE-USD"}, {"trade_id": 138821109, "side": "buy", "size": "499.30000000", "price": "0.20238000", "time": "2025-07-13T14:37:33.873598Z", "fetched_at": "2025-07-13T14:39:32.183515+00:00", "symbol": "DOGE-USD"}, {"trade_id": 138821108, "side": "buy", "size": "30.80000000", "price": "0.20238000", "time": "2025-07-13T14:37:32.289338Z", "fetched_at": "2025-07-13T14:39:32.183515+00:00", "symbol": "DOGE-USD"}, {"trade_id": 138821107, "side": "buy", "size": "58.20000000", "price": "0.20238000", "time": "2025-07-13T14:37:32.155748Z", "fetched_at": "2025-07-13T14:39:32.183515+00:00", "symbol": "DOGE-USD"}, {"trade_id": 138821106, "side": "buy", "size": "10.10000000", "price": "0.20238000", "time": "2025-07-13T14:37:32.056274Z", "fetched_at": "2025-07-13T14:39:32.183515+00:00", "symbol": "DOGE-USD"}, {"trade_id": 138821105, "side": "buy", "size": "10.10000000", "price": "0.20238000", "time": "2025-07-13T14:37:31.877176Z", "fetched_at": "2025-07-13T14:39:32.183515+00:00", "symbol": "DOGE-USD"}, {"trade_id": 138821104, "side": "buy", "size": "386.90000000", "price": "0.20234000", "time": "2025-07-13T14:37:30.869010Z", "fetched_at": "2025-07-13T14:39:32.183515+00:00", "symbol": "DOGE-USD"}, {"trade_id": 138821103, "side": "buy", "size": "10.00000000", "price": "0.20232000", "time": "2025-07-13T14:37:29.191192Z", "fetched_at": "2025-07-13T14:39:32.183515+00:00", "symbol": "DOGE-USD"}, {"trade_id": 138821102, "side": "buy", "size": "206.30000000", "price": "0.20232000", "time": "2025-07-13T14:37:29.055533Z", "fetched_at": "2025-07-13T14:39:32.183515+00:00", "symbol": "DOGE-USD"}, {"trade_id": 138821101, "side": "buy", "size": "10.10000000", "price": "0.20232000", "time": "2025-07-13T14:37:28.630061Z", "fetched_at": "2025-07-13T14:39:32.183515+00:00", "symbol": "DOGE-USD"}, {"trade_id": 138821100, "side": "buy", "size": "10.00000000", "price": "0.20232000", "time": "2025-07-13T14:37:28.437945Z", "fetched_at": "2025-07-13T14:39:32.183515+00:00", "symbol": "DOGE-USD"}, {"trade_id": 138821099, "side": "buy", "size": "50.00000000", "price": "0.20236000", "time": "2025-07-13T14:37:27.084498Z", "fetched_at": "2025-07-13T14:39:32.183515+00:00", "symbol": "DOGE-USD"}, {"trade_id": 138821098, "side": "buy", "size": "172.90000000", "price": "0.20237000", "time": "2025-07-13T14:37:26.901923Z", "fetched_at": "2025-07-13T14:39:32.183515+00:00", "symbol": "DOGE-USD"}, {"trade_id": 138821097, "side": "buy", "size": "10.00000000", "price": "0.20239000", "time": "2025-07-13T14:37:25.727950Z", "fetched_at": "2025-07-13T14:39:32.183515+00:00", "symbol": "DOGE-USD"}, {"trade_id": 138821096, "side": "sell", "size": "548.10000000", "price": "0.20237000", "time": "2025-07-13T14:37:25.281370Z", "fetched_at": "2025-07-13T14:39:32.183515+00:00", "symbol": "DOGE-USD"}, {"trade_id": 138821095, "side": "sell", "size": "675.50000000", "price": "0.20236000", "time": "2025-07-13T14:37:25.281370Z", "fetched_at": "2025-07-13T14:39:32.183515+00:00", "symbol": "DOGE-USD"}, {"trade_id": 138821094, "side": "sell", "size": "5.50000000", "price": "0.20236000", "time": "2025-07-13T14:37:25.281370Z", "fetched_at": "2025-07-13T14:39:32.183515+00:00", "symbol": "DOGE-USD"}, {"trade_id": 138821093, "side": "buy", "size": "10.00000000", "price": "0.20235000", "time": "2025-07-13T14:37:25.279106Z", "fetched_at": "2025-07-13T14:39:32.183515+00:00", "symbol": "DOGE-USD"}, {"trade_id": 138821092, "side": "buy", "size": "10.00000000", "price": "0.20235000", "time": "2025-07-13T14:37:24.906941Z", "fetched_at": "2025-07-13T14:39:32.183515+00:00", "symbol": "DOGE-USD"}, {"trade_id": 138821091, "side": "buy", "size": "86.40000000", "price": "0.20230000", "time": "2025-07-13T14:37:23.823437Z", "fetched_at": "2025-07-13T14:39:32.183515+00:00", "symbol": "DOGE-USD"}, {"trade_id": 138821090, "side": "buy", "size": "718.50000000", "price": "0.20230000", "time": "2025-07-13T14:37:21.880436Z", "fetched_at": "2025-07-13T14:39:32.183515+00:00", "symbol": "DOGE-USD"}, {"trade_id": 138821089, "side": "buy", "size": "3832.50000000", "price": "0.20226000", "time": "2025-07-13T14:37:21.665563Z", "fetched_at": "2025-07-13T14:39:32.183515+00:00", "symbol": "DOGE-USD"}, {"trade_id": 138821088, "side": "buy", "size": "5.50000000", "price": "0.20226000", "time": "2025-07-13T14:37:21.665563Z", "fetched_at": "2025-07-13T14:39:32.183515+00:00", "symbol": "DOGE-USD"}, {"trade_id": 138821087, "side": "buy", "size": "2116.00000000", "price": "0.20227000", "time": "2025-07-13T14:37:21.665563Z", "fetched_at": "2025-07-13T14:39:32.183515+00:00", "symbol": "DOGE-USD"}, {"trade_id": 138821086, "side": "buy", "size": "1429.70000000", "price": "0.20227000", "time": "2025-07-13T14:37:21.665563Z", "fetched_at": "2025-07-13T14:39:32.183515+00:00", "symbol": "DOGE-USD"}, {"trade_id": 138821085, "side": "buy", "size": "675.70000000", "price": "0.20228000", "time": "2025-07-13T14:37:21.665563Z", "fetched_at": "2025-07-13T14:39:32.183515+00:00", "symbol": "DOGE-USD"}, {"trade_id": 138821084, "side": "buy", "size": "1079.10000000", "price": "0.20228000", "time": "2025-07-13T14:37:21.665563Z", "fetched_at": "2025-07-13T14:39:32.183515+00:00", "symbol": "DOGE-USD"}, {"trade_id": 138821083, "side": "buy", "size": "1208.40000000", "price": "0.20229000", "time": "2025-07-13T14:37:21.665563Z", "fetched_at": "2025-07-13T14:39:32.183515+00:00", "symbol": "DOGE-USD"}, {"trade_id": 138821082, "side": "buy", "size": "1409.40000000", "price": "0.20230000", "time": "2025-07-13T14:37:21.665563Z", "fetched_at": "2025-07-13T14:39:32.183515+00:00", "symbol": "DOGE-USD"}, {"trade_id": 138821081, "side": "buy", "size": "332.60000000", "price": "0.20228000", "time": "2025-07-13T14:37:20.748997Z", "fetched_at": "2025-07-13T14:39:32.183515+00:00", "symbol": "DOGE-USD"}, {"trade_id": 138821080, "side": "buy", "size": "5.50000000", "price": "0.20228000", "time": "2025-07-13T14:37:20.748997Z", "fetched_at": "2025-07-13T14:39:32.183515+00:00", "symbol": "DOGE-USD"}, {"trade_id": 138821079, "side": "buy", "size": "650.10000000", "price": "0.20229000", "time": "2025-07-13T14:37:20.748997Z", "fetched_at": "2025-07-13T14:39:32.183515+00:00", "symbol": "DOGE-USD"}, {"trade_id": 138821078, "side": "buy", "size": "25.60000000", "price": "0.20229000", "time": "2025-07-13T14:37:20.260533Z", "fetched_at": "2025-07-13T14:39:32.183515+00:00", "symbol": "DOGE-USD"}, {"trade_id": 138821077, "side": "buy", "size": "94.80000000", "price": "0.20229000", "time": "2025-07-13T14:37:19.749901Z", "fetched_at": "2025-07-13T14:39:32.183515+00:00", "symbol": "DOGE-USD"}, {"trade_id": 138821076, "side": "buy", "size": "101.60000000", "price": "0.20231000", "time": "2025-07-13T14:37:19.548111Z", "fetched_at": "2025-07-13T14:39:32.183515+00:00", "symbol": "DOGE-USD"}, {"trade_id": 138821075, "side": "buy", "size": "101.60000000", "price": "0.20231000", "time": "2025-07-13T14:37:19.482326Z", "fetched_at": "2025-07-13T14:39:32.183515+00:00", "symbol": "DOGE-USD"}, {"trade_id": 138821074, "side": "buy", "size": "101.60000000", "price": "0.20231000", "time": "2025-07-13T14:37:19.458424Z", "fetched_at": "2025-07-13T14:39:32.183515+00:00", "symbol": "DOGE-USD"}, {"trade_id": 138821073, "side": "buy", "size": "101.60000000", "price": "0.20231000", "time": "2025-07-13T14:37:19.455303Z", "fetched_at": "2025-07-13T14:39:32.183515+00:00", "symbol": "DOGE-USD"}, {"trade_id": 138821072, "side": "buy", "size": "101.60000000", "price": "0.20231000", "time": "2025-07-13T14:37:19.354509Z", "fetched_at": "2025-07-13T14:39:32.183515+00:00", "symbol": "DOGE-USD"}, {"trade_id": 138821071, "side": "buy", "size": "101.60000000", "price": "0.20231000", "time": "2025-07-13T14:37:19.337875Z", "fetched_at": "2025-07-13T14:39:32.183515+00:00", "symbol": "DOGE-USD"}, {"trade_id": 138821070, "side": "sell", "size": "372.00000000", "price": "0.20232000", "time": "2025-07-13T14:37:19.025105Z", "fetched_at": "2025-07-13T14:39:32.183515+00:00", "symbol": "DOGE-USD"}, {"trade_id": 138821069, "side": "sell", "size": "675.50000000", "price": "0.20231000", "time": "2025-07-13T14:37:19.025105Z", "fetched_at": "2025-07-13T14:39:32.183515+00:00", "symbol": "DOGE-USD"}, {"trade_id": 138821068, "side": "sell", "size": "1332.10000000", "price": "0.20231000", "time": "2025-07-13T14:37:19.025105Z", "fetched_at": "2025-07-13T14:39:32.183515+00:00", "symbol": "DOGE-USD"}, {"trade_id": 138821067, "side": "sell", "size": "65.90000000", "price": "0.20230000", "time": "2025-07-13T14:37:19.025105Z", "fetched_at": "2025-07-13T14:39:32.183515+00:00", "symbol": "DOGE-USD"}, {"trade_id": 138821066, "side": "buy", "size": "101.60000000", "price": "0.20229000", "time": "2025-07-13T14:37:18.906699Z", "fetched_at": "2025-07-13T14:39:32.183515+00:00", "symbol": "DOGE-USD"}, {"trade_id": 138821065, "side": "buy", "size": "101.60000000", "price": "0.20229000", "time": "2025-07-13T14:37:18.841672Z", "fetched_at": "2025-07-13T14:39:32.183515+00:00", "symbol": "DOGE-USD"}, {"trade_id": 138821064, "side": "buy", "size": "101.60000000", "price": "0.20229000", "time": "2025-07-13T14:37:18.748592Z", "fetched_at": "2025-07-13T14:39:32.183515+00:00", "symbol": "DOGE-USD"}, {"trade_id": 138821063, "side": "buy", "size": "306.80000000", "price": "0.20233000", "time": "2025-07-13T14:37:17.553213Z", "fetched_at": "2025-07-13T14:39:32.183515+00:00", "symbol": "DOGE-USD"}, {"trade_id": 138821062, "side": "buy", "size": "85.70000000", "price": "0.20234000", "time": "2025-07-13T14:37:17.546158Z", "fetched_at": "2025-07-13T14:39:32.183515+00:00", "symbol": "DOGE-USD"}, {"trade_id": 138821061, "side": "buy", "size": "127.10000000", "price": "0.20234000", "time": "2025-07-13T14:37:17.357171Z", "fetched_at": "2025-07-13T14:39:32.183515+00:00", "symbol": "DOGE-USD"}, {"trade_id": 138821060, "side": "buy", "size": "127.10000000", "price": "0.20234000", "time": "2025-07-13T14:37:17.264405Z", "fetched_at": "2025-07-13T14:39:32.183515+00:00", "symbol": "DOGE-USD"}, {"trade_id": 138821059, "side": "buy", "size": "167.80000000", "price": "0.20234000", "time": "2025-07-13T14:37:17.208776Z", "fetched_at": "2025-07-13T14:39:32.183515+00:00", "symbol": "DOGE-USD"}, {"trade_id": 138821058, "side": "buy", "size": "167.80000000", "price": "0.20234000", "time": "2025-07-13T14:37:17.148050Z", "fetched_at": "2025-07-13T14:39:32.183515+00:00", "symbol": "DOGE-USD"}, {"trade_id": 138821057, "side": "buy", "size": "103.10000000", "price": "0.20234000", "time": "2025-07-13T14:37:17.112082Z", "fetched_at": "2025-07-13T14:39:32.183515+00:00", "symbol": "DOGE-USD"}, {"trade_id": 138821056, "side": "buy", "size": "64.70000000", "price": "0.20234000", "time": "2025-07-13T14:37:17.112082Z", "fetched_at": "2025-07-13T14:39:32.183515+00:00", "symbol": "DOGE-USD"}, {"trade_id": 138821055, "side": "buy", "size": "167.80000000", "price": "0.20234000", "time": "2025-07-13T14:37:17.068773Z", "fetched_at": "2025-07-13T14:39:32.183515+00:00", "symbol": "DOGE-USD"}, {"trade_id": 138821054, "side": "buy", "size": "167.80000000", "price": "0.20234000", "time": "2025-07-13T14:37:17.041335Z", "fetched_at": "2025-07-13T14:39:32.183515+00:00", "symbol": "DOGE-USD"}, {"trade_id": 138821053, "side": "buy", "size": "167.80000000", "price": "0.20233000", "time": "2025-07-13T14:37:16.877766Z", "fetched_at": "2025-07-13T14:39:32.183515+00:00", "symbol": "DOGE-USD"}, {"trade_id": 138821052, "side": "buy", "size": "25.40000000", "price": "0.20233000", "time": "2025-07-13T14:37:16.817267Z", "fetched_at": "2025-07-13T14:39:32.183515+00:00", "symbol": "DOGE-USD"}, {"trade_id": 138821051, "side": "buy", "size": "6117.80000000", "price": "0.20235000", "time": "2025-07-13T14:37:16.411840Z", "fetched_at": "2025-07-13T14:39:32.183515+00:00", "symbol": "DOGE-USD"}, {"trade_id": 138821050, "side": "buy", "size": "19589.10000000", "price": "0.20236000", "time": "2025-07-13T14:37:16.406389Z", "fetched_at": "2025-07-13T14:39:32.183515+00:00", "symbol": "DOGE-USD"}, {"trade_id": 138821049, "side": "buy", "size": "675.40000000", "price": "0.20237000", "time": "2025-07-13T14:37:16.406389Z", "fetched_at": "2025-07-13T14:39:32.183515+00:00", "symbol": "DOGE-USD"}, {"trade_id": 138821048, "side": "buy", "size": "50.80000000", "price": "0.20238000", "time": "2025-07-13T14:37:16.345590Z", "fetched_at": "2025-07-13T14:39:32.183515+00:00", "symbol": "DOGE-USD"}, {"trade_id": 138821047, "side": "buy", "size": "1.40000000", "price": "0.20236000", "time": "2025-07-13T14:37:15.363585Z", "fetched_at": "2025-07-13T14:39:32.183515+00:00", "symbol": "DOGE-USD"}, {"trade_id": 138821046, "side": "buy", "size": "4545.20000000", "price": "0.20236000", "time": "2025-07-13T14:37:15.357553Z", "fetched_at": "2025-07-13T14:39:32.183515+00:00", "symbol": "DOGE-USD"}, {"trade_id": 138821045, "side": "buy", "size": "1353.70000000", "price": "0.20237000", "time": "2025-07-13T14:37:15.357553Z", "fetched_at": "2025-07-13T14:39:32.183515+00:00", "symbol": "DOGE-USD"}, {"trade_id": 138821044, "side": "buy", "size": "675.40000000", "price": "0.20237000", "time": "2025-07-13T14:37:15.357553Z", "fetched_at": "2025-07-13T14:39:32.183515+00:00", "symbol": "DOGE-USD"}, {"trade_id": 138821043, "side": "buy", "size": "400.30000000", "price": "0.20239000", "time": "2025-07-13T14:37:15.357553Z", "fetched_at": "2025-07-13T14:39:32.183515+00:00", "symbol": "DOGE-USD"}, {"trade_id": 138821042, "side": "buy", "size": "25.40000000", "price": "0.20239000", "time": "2025-07-13T14:37:15.357553Z", "fetched_at": "2025-07-13T14:39:32.183515+00:00", "symbol": "DOGE-USD"}, {"trade_id": 138821041, "side": "buy", "size": "101.70000000", "price": "0.20239000", "time": "2025-07-13T14:37:15.098146Z", "fetched_at": "2025-07-13T14:39:32.183515+00:00", "symbol": "DOGE-USD"}, {"trade_id": 138821040, "side": "buy", "size": "101.70000000", "price": "0.20239000", "time": "2025-07-13T14:37:15.070896Z", "fetched_at": "2025-07-13T14:39:32.183515+00:00", "symbol": "DOGE-USD"}, {"trade_id": 138821039, "side": "buy", "size": "86.40000000", "price": "0.20239000", "time": "2025-07-13T14:37:14.653970Z", "fetched_at": "2025-07-13T14:39:32.183515+00:00", "symbol": "DOGE-USD"}, {"trade_id": 138821038, "side": "buy", "size": "86.40000000", "price": "0.20239000", "time": "2025-07-13T14:37:14.520922Z", "fetched_at": "2025-07-13T14:39:32.183515+00:00", "symbol": "DOGE-USD"}, {"trade_id": 138821037, "side": "buy", "size": "86.40000000", "price": "0.20238000", "time": "2025-07-13T14:37:14.453724Z", "fetched_at": "2025-07-13T14:39:32.183515+00:00", "symbol": "DOGE-USD"}, {"trade_id": 138821036, "side": "buy", "size": "167.80000000", "price": "0.20238000", "time": "2025-07-13T14:37:14.365384Z", "fetched_at": "2025-07-13T14:39:32.183515+00:00", "symbol": "DOGE-USD"}, {"trade_id": 138821035, "side": "buy", "size": "101.60000000", "price": "0.20238000", "time": "2025-07-13T14:37:14.353563Z", "fetched_at": "2025-07-13T14:39:32.183515+00:00", "symbol": "DOGE-USD"}, {"trade_id": 138821034, "side": "sell", "size": "14.40000000", "price": "0.20240000", "time": "2025-07-13T14:37:13.456564Z", "fetched_at": "2025-07-13T14:39:32.183515+00:00", "symbol": "DOGE-USD"}, {"trade_id": 138821033, "side": "buy", "size": "25.40000000", "price": "0.20239000", "time": "2025-07-13T14:37:13.311354Z", "fetched_at": "2025-07-13T14:39:32.183515+00:00", "symbol": "DOGE-USD"}, {"trade_id": 138821032, "side": "sell", "size": "9.20000000", "price": "0.20240000", "time": "2025-07-13T14:37:13.125338Z", "fetched_at": "2025-07-13T14:39:32.183515+00:00", "symbol": "DOGE-USD"}, {"trade_id": 138821031, "side": "sell", "size": "5.50000000", "price": "0.20240000", "time": "2025-07-13T14:37:13.125338Z", "fetched_at": "2025-07-13T14:39:32.183515+00:00", "symbol": "DOGE-USD"}, {"trade_id": 138821030, "side": "buy", "size": "10.00000000", "price": "0.20239000", "time": "2025-07-13T14:37:13.021186Z", "fetched_at": "2025-07-13T14:39:32.183515+00:00", "symbol": "DOGE-USD"}, {"trade_id": 138821029, "side": "sell", "size": "5.50000000", "price": "0.20238000", "time": "2025-07-13T14:37:10.305523Z", "fetched_at": "2025-07-13T14:39:32.183515+00:00", "symbol": "DOGE-USD"}, {"trade_id": 138821028, "side": "buy", "size": "25.20000000", "price": "0.20237000", "time": "2025-07-13T14:37:09.866233Z", "fetched_at": "2025-07-13T14:39:32.183515+00:00", "symbol": "DOGE-USD"}, {"trade_id": 138821027, "side": "buy", "size": "10.00000000", "price": "0.20237000", "time": "2025-07-13T14:37:09.582932Z", "fetched_at": "2025-07-13T14:39:32.183515+00:00", "symbol": "DOGE-USD"}, {"trade_id": 138821026, "side": "sell", "size": "5.50000000", "price": "0.20236000", "time": "2025-07-13T14:37:09.557894Z", "fetched_at": "2025-07-13T14:39:32.183515+00:00", "symbol": "DOGE-USD"}, {"trade_id": 138821025, "side": "buy", "size": "494.40000000", "price": "0.20235000", "time": "2025-07-13T14:37:09.270421Z", "fetched_at": "2025-07-13T14:39:32.183515+00:00", "symbol": "DOGE-USD"}, {"trade_id": 138821024, "side": "buy", "size": "35.40000000", "price": "0.20235000", "time": "2025-07-13T14:37:08.763593Z", "fetched_at": "2025-07-13T14:39:32.183515+00:00", "symbol": "DOGE-USD"}, {"trade_id": 138821023, "side": "buy", "size": "35.40000000", "price": "0.20235000", "time": "2025-07-13T14:37:08.578662Z", "fetched_at": "2025-07-13T14:39:32.183515+00:00", "symbol": "DOGE-USD"}, {"trade_id": 138821022, "side": "sell", "size": "5.50000000", "price": "0.20234000", "time": "2025-07-13T14:37:08.485465Z", "fetched_at": "2025-07-13T14:39:32.183515+00:00", "symbol": "DOGE-USD"}, {"trade_id": 138821021, "side": "buy", "size": "35.40000000", "price": "0.20233000", "time": "2025-07-13T14:37:08.441488Z", "fetched_at": "2025-07-13T14:39:32.183515+00:00", "symbol": "DOGE-USD"}, {"trade_id": 138821020, "side": "sell", "size": "5.50000000", "price": "0.20232000", "time": "2025-07-13T14:37:08.398694Z", "fetched_at": "2025-07-13T14:39:32.183515+00:00", "symbol": "DOGE-USD"}, {"trade_id": 138821019, "side": "buy", "size": "35.40000000", "price": "0.20231000", "time": "2025-07-13T14:37:07.672494Z", "fetched_at": "2025-07-13T14:39:32.183515+00:00", "symbol": "DOGE-USD"}, {"trade_id": 138821018, "side": "sell", "size": "294.90000000", "price": "0.20231000", "time": "2025-07-13T14:37:07.067628Z", "fetched_at": "2025-07-13T14:39:32.183515+00:00", "symbol": "DOGE-USD"}, {"trade_id": 138821017, "side": "sell", "size": "48.10000000", "price": "0.20231000", "time": "2025-07-13T14:37:06.695778Z", "fetched_at": "2025-07-13T14:39:32.183515+00:00", "symbol": "DOGE-USD"}, {"trade_id": 138821016, "side": "sell", "size": "4.70000000", "price": "0.20231000", "time": "2025-07-13T14:37:05.874400Z", "fetched_at": "2025-07-13T14:39:32.183515+00:00", "symbol": "DOGE-USD"}, {"trade_id": 138821015, "side": "buy", "size": "434.90000000", "price": "0.20230000", "time": "2025-07-13T14:37:04.874751Z", "fetched_at": "2025-07-13T14:39:32.183515+00:00", "symbol": "DOGE-USD"}, {"trade_id": 138821014, "side": "buy", "size": "262.00000000", "price": "0.20230000", "time": "2025-07-13T14:37:04.874751Z", "fetched_at": "2025-07-13T14:39:32.183515+00:00", "symbol": "DOGE-USD"}, {"trade_id": 138821013, "side": "buy", "size": "400.30000000", "price": "0.20230000", "time": "2025-07-13T14:37:04.874751Z", "fetched_at": "2025-07-13T14:39:32.183515+00:00", "symbol": "DOGE-USD"}, {"trade_id": 138821012, "side": "buy", "size": "401.60000000", "price": "0.20230000", "time": "2025-07-13T14:37:04.874751Z", "fetched_at": "2025-07-13T14:39:32.183515+00:00", "symbol": "DOGE-USD"}, {"trade_id": 138821011, "side": "sell", "size": "183.90000000", "price": "0.20231000", "time": "2025-07-13T14:37:04.640654Z", "fetched_at": "2025-07-13T14:39:32.183515+00:00", "symbol": "DOGE-USD"}, {"trade_id": 138821010, "side": "sell", "size": "36.80000000", "price": "0.20230000", "time": "2025-07-13T14:37:04.260237Z", "fetched_at": "2025-07-13T14:39:32.183515+00:00", "symbol": "DOGE-USD"}, {"trade_id": 138821009, "side": "sell", "size": "5.50000000", "price": "0.20230000", "time": "2025-07-13T14:37:04.260237Z", "fetched_at": "2025-07-13T14:39:32.183515+00:00", "symbol": "DOGE-USD"}, {"trade_id": 138821008, "side": "sell", "size": "5.50000000", "price": "0.20228000", "time": "2025-07-13T14:37:04.260237Z", "fetched_at": "2025-07-13T14:39:32.183515+00:00", "symbol": "DOGE-USD"}, {"trade_id": 138821007, "side": "sell", "size": "5.50000000", "price": "0.20226000", "time": "2025-07-13T14:37:03.518361Z", "fetched_at": "2025-07-13T14:39:32.183515+00:00", "symbol": "DOGE-USD"}, {"trade_id": 138821006, "side": "buy", "size": "20.40000000", "price": "0.20225000", "time": "2025-07-13T14:37:03.103485Z", "fetched_at": "2025-07-13T14:39:32.183515+00:00", "symbol": "DOGE-USD"}, {"trade_id": 138821005, "side": "buy", "size": "10.00000000", "price": "0.20225000", "time": "2025-07-13T14:37:03.070398Z", "fetched_at": "2025-07-13T14:39:32.183515+00:00", "symbol": "DOGE-USD"}, {"trade_id": 138821004, "side": "buy", "size": "10.00000000", "price": "0.20225000", "time": "2025-07-13T14:37:00.904353Z", "fetched_at": "2025-07-13T14:39:32.183515+00:00", "symbol": "DOGE-USD"}, {"trade_id": 138821003, "side": "buy", "size": "20.10000000", "price": "0.20225000", "time": "2025-07-13T14:36:59.484014Z", "fetched_at": "2025-07-13T14:39:32.183515+00:00", "symbol": "DOGE-USD"}, {"trade_id": 138821002, "side": "sell", "size": "5.50000000", "price": "0.20224000", "time": "2025-07-13T14:36:59.171889Z", "fetched_at": "2025-07-13T14:39:32.183515+00:00", "symbol": "DOGE-USD"}, {"trade_id": 138821001, "side": "sell", "size": "19465.90000000", "price": "0.20223000", "time": "2025-07-13T14:36:59.049886Z", "fetched_at": "2025-07-13T14:39:32.183515+00:00", "symbol": "DOGE-USD"}, {"trade_id": 138821000, "side": "sell", "size": "5.50000000", "price": "0.20222000", "time": "2025-07-13T14:36:59.049886Z", "fetched_at": "2025-07-13T14:39:32.183515+00:00", "symbol": "DOGE-USD"}, {"trade_id": 138820999, "side": "sell", "size": "413.80000000", "price": "0.20221000", "time": "2025-07-13T14:36:59.049886Z", "fetched_at": "2025-07-13T14:39:32.183515+00:00", "symbol": "DOGE-USD"}, {"trade_id": 138820998, "side": "sell", "size": "5.50000000", "price": "0.20220000", "time": "2025-07-13T14:36:59.049886Z", "fetched_at": "2025-07-13T14:39:32.183515+00:00", "symbol": "DOGE-USD"}, {"trade_id": 138820997, "side": "buy", "size": "166.30000000", "price": "0.20219000", "time": "2025-07-13T14:36:58.781850Z", "fetched_at": "2025-07-13T14:39:32.183515+00:00", "symbol": "DOGE-USD"}, {"trade_id": 138820996, "side": "buy", "size": "469.00000000", "price": "0.20219000", "time": "2025-07-13T14:36:58.346217Z", "fetched_at": "2025-07-13T14:39:32.183515+00:00", "symbol": "DOGE-USD"}, {"trade_id": 138820995, "side": "buy", "size": "20.10000000", "price": "0.20219000", "time": "2025-07-13T14:36:56.082778Z", "fetched_at": "2025-07-13T14:39:32.183515+00:00", "symbol": "DOGE-USD"}, {"trade_id": 138820994, "side": "buy", "size": "280.80000000", "price": "0.20213000", "time": "2025-07-13T14:36:52.520198Z", "fetched_at": "2025-07-13T14:39:32.183515+00:00", "symbol": "DOGE-USD"}, {"trade_id": 138820993, "side": "buy", "size": "676.20000000", "price": "0.20214000", "time": "2025-07-13T14:36:52.520198Z", "fetched_at": "2025-07-13T14:39:32.183515+00:00", "symbol": "DOGE-USD"}, {"trade_id": 138820992, "side": "sell", "size": "12708.40000000", "price": "0.20214000", "time": "2025-07-13T14:36:51.841170Z", "fetched_at": "2025-07-13T14:39:32.183515+00:00", "symbol": "DOGE-USD"}, {"trade_id": 138820991, "side": "sell", "size": "265.20000000", "price": "0.20213000", "time": "2025-07-13T14:36:51.841170Z", "fetched_at": "2025-07-13T14:39:32.183515+00:00", "symbol": "DOGE-USD"}, {"trade_id": 138820990, "side": "sell", "size": "5000.00000000", "price": "0.20213000", "time": "2025-07-13T14:36:51.302919Z", "fetched_at": "2025-07-13T14:39:32.183515+00:00", "symbol": "DOGE-USD"}, {"trade_id": 138820989, "side": "sell", "size": "10000.00000000", "price": "0.20213000", "time": "2025-07-13T14:36:51.302919Z", "fetched_at": "2025-07-13T14:39:32.183515+00:00", "symbol": "DOGE-USD"}, {"trade_id": 138820988, "side": "sell", "size": "411.10000000", "price": "0.20213000", "time": "2025-07-13T14:36:51.302919Z", "fetched_at": "2025-07-13T14:39:32.183515+00:00", "symbol": "DOGE-USD"}, {"trade_id": 138820987, "side": "sell", "size": "742.90000000", "price": "0.20213000", "time": "2025-07-13T14:36:51.284701Z", "fetched_at": "2025-07-13T14:39:32.183515+00:00", "symbol": "DOGE-USD"}, {"trade_id": 138820986, "side": "sell", "size": "8070.80000000", "price": "0.20212000", "time": "2025-07-13T14:36:51.282758Z", "fetched_at": "2025-07-13T14:39:32.183515+00:00", "symbol": "DOGE-USD"}, {"trade_id": 138820985, "side": "sell", "size": "411.10000000", "price": "0.20211000", "time": "2025-07-13T14:36:51.282758Z", "fetched_at": "2025-07-13T14:39:32.183515+00:00", "symbol": "DOGE-USD"}, {"trade_id": 138820984, "side": "sell", "size": "183.00000000", "price": "0.20211000", "time": "2025-07-13T14:36:51.282758Z", "fetched_at": "2025-07-13T14:39:32.183515+00:00", "symbol": "DOGE-USD"}, {"trade_id": 138820983, "side": "sell", "size": "254.90000000", "price": "0.20211000", "time": "2025-07-13T14:36:51.282758Z", "fetched_at": "2025-07-13T14:39:32.183515+00:00", "symbol": "DOGE-USD"}, {"trade_id": 138820982, "side": "sell", "size": "265.20000000", "price": "0.20211000", "time": "2025-07-13T14:36:51.282758Z", "fetched_at": "2025-07-13T14:39:32.183515+00:00", "symbol": "DOGE-USD"}, {"trade_id": 138820981, "side": "buy", "size": "5.50000000", "price": "0.20212000", "time": "2025-07-13T14:36:51.153097Z", "fetched_at": "2025-07-13T14:39:32.183515+00:00", "symbol": "DOGE-USD"}, {"trade_id": 138820980, "side": "buy", "size": "38962.30000000", "price": "0.20213000", "time": "2025-07-13T14:36:51.149365Z", "fetched_at": "2025-07-13T14:39:32.183515+00:00", "symbol": "DOGE-USD"}, {"trade_id": 138820979, "side": "sell", "size": "3743.70000000", "price": "0.20221000", "time": "2025-07-13T14:36:50.479638Z", "fetched_at": "2025-07-13T14:39:32.183515+00:00", "symbol": "DOGE-USD"}, {"trade_id": 138820978, "side": "sell", "size": "5969.00000000", "price": "0.20221000", "time": "2025-07-13T14:36:50.479638Z", "fetched_at": "2025-07-13T14:39:32.183515+00:00", "symbol": "DOGE-USD"}, {"trade_id": 138820977, "side": "sell", "size": "2121.70000000", "price": "0.20221000", "time": "2025-07-13T14:36:50.479638Z", "fetched_at": "2025-07-13T14:39:32.183515+00:00", "symbol": "DOGE-USD"}, {"trade_id": 138820976, "side": "sell", "size": "5.50000000", "price": "0.20220000", "time": "2025-07-13T14:36:50.479638Z", "fetched_at": "2025-07-13T14:39:32.183515+00:00", "symbol": "DOGE-USD"}, {"trade_id": 138820975, "side": "sell", "size": "5108.40000000", "price": "0.20220000", "time": "2025-07-13T14:36:50.479638Z", "fetched_at": "2025-07-13T14:39:32.183515+00:00", "symbol": "DOGE-USD"}, {"trade_id": 138820974, "side": "sell", "size": "5000.00000000", "price": "0.20220000", "time": "2025-07-13T14:36:50.479638Z", "fetched_at": "2025-07-13T14:39:32.183515+00:00", "symbol": "DOGE-USD"}, {"trade_id": 138820973, "side": "sell", "size": "2500.00000000", "price": "0.20220000", "time": "2025-07-13T14:36:50.479638Z", "fetched_at": "2025-07-13T14:39:32.183515+00:00", "symbol": "DOGE-USD"}, {"trade_id": 138820972, "side": "sell", "size": "3530.60000000", "price": "0.20220000", "time": "2025-07-13T14:36:50.479638Z", "fetched_at": "2025-07-13T14:39:32.183515+00:00", "symbol": "DOGE-USD"}, {"trade_id": 138820971, "side": "sell", "size": "3538.30000000", "price": "0.20220000", "time": "2025-07-13T14:36:50.479638Z", "fetched_at": "2025-07-13T14:39:32.183515+00:00", "symbol": "DOGE-USD"}, {"trade_id": 138820970, "side": "sell", "size": "1853.00000000", "price": "0.20220000", "time": "2025-07-13T14:36:50.479638Z", "fetched_at": "2025-07-13T14:39:32.183515+00:00", "symbol": "DOGE-USD"}, {"trade_id": 138820969, "side": "sell", "size": "2123.00000000", "price": "0.20220000", "time": "2025-07-13T14:36:50.479638Z", "fetched_at": "2025-07-13T14:39:32.183515+00:00", "symbol": "DOGE-USD"}, {"trade_id": 138820968, "side": "sell", "size": "3969.90000000", "price": "0.20219000", "time": "2025-07-13T14:36:50.479638Z", "fetched_at": "2025-07-13T14:39:32.183515+00:00", "symbol": "DOGE-USD"}, {"trade_id": 138820967, "side": "sell", "size": "4241.30000000", "price": "0.20219000", "time": "2025-07-13T14:36:50.479638Z", "fetched_at": "2025-07-13T14:39:32.183515+00:00", "symbol": "DOGE-USD"}, {"trade_id": 138820966, "side": "sell", "size": "1345.80000000", "price": "0.20219000", "time": "2025-07-13T14:36:50.479638Z", "fetched_at": "2025-07-13T14:39:32.183515+00:00", "symbol": "DOGE-USD"}, {"trade_id": 138820965, "side": "sell", "size": "676.10000000", "price": "0.20218000", "time": "2025-07-13T14:36:50.479638Z", "fetched_at": "2025-07-13T14:39:32.183515+00:00", "symbol": "DOGE-USD"}, {"trade_id": 138820964, "side": "sell", "size": "5.50000000", "price": "0.20218000", "time": "2025-07-13T14:36:50.479638Z", "fetched_at": "2025-07-13T14:39:32.183515+00:00", "symbol": "DOGE-USD"}, {"trade_id": 138820963, "side": "sell", "size": "1309.30000000", "price": "0.20216000", "time": "2025-07-13T14:36:50.479638Z", "fetched_at": "2025-07-13T14:39:32.183515+00:00", "symbol": "DOGE-USD"}, {"trade_id": 138820962, "side": "sell", "size": "10000.00000000", "price": "0.20216000", "time": "2025-07-13T14:36:49.637466Z", "fetched_at": "2025-07-13T14:39:32.183515+00:00", "symbol": "DOGE-USD"}, {"trade_id": 138820961, "side": "sell", "size": "15000.00000000", "price": "0.20216000", "time": "2025-07-13T14:36:49.637466Z", "fetched_at": "2025-07-13T14:39:32.183515+00:00", "symbol": "DOGE-USD"}, {"trade_id": 138820960, "side": "sell", "size": "12500.00000000", "price": "0.20216000", "time": "2025-07-13T14:36:49.637466Z", "fetched_at": "2025-07-13T14:39:32.183515+00:00", "symbol": "DOGE-USD"}, {"trade_id": 138820959, "side": "sell", "size": "676.10000000", "price": "0.20214000", "time": "2025-07-13T14:36:49.637466Z", "fetched_at": "2025-07-13T14:39:32.183515+00:00", "symbol": "DOGE-USD"}, {"trade_id": 138820958, "side": "sell", "size": "62.10000000", "price": "0.20214000", "time": "2025-07-13T14:36:49.407874Z", "fetched_at": "2025-07-13T14:39:32.183515+00:00", "symbol": "DOGE-USD"}, {"trade_id": 138820957, "side": "sell", "size": "254.90000000", "price": "0.20214000", "time": "2025-07-13T14:36:49.407874Z", "fetched_at": "2025-07-13T14:39:32.183515+00:00", "symbol": "DOGE-USD"}, {"trade_id": 138820956, "side": "sell", "size": "183.00000000", "price": "0.20214000", "time": "2025-07-13T14:36:49.407874Z", "fetched_at": "2025-07-13T14:39:32.183515+00:00", "symbol": "DOGE-USD"}, {"trade_id": 138820955, "side": "buy", "size": "5.50000000", "price": "0.20216000", "time": "2025-07-13T14:36:49.303326Z", "fetched_at": "2025-07-13T14:39:32.183515+00:00", "symbol": "DOGE-USD"}, {"trade_id": 138820954, "side": "sell", "size": "676.00000000", "price": "0.20218000", "time": "2025-07-13T14:36:48.045105Z", "fetched_at": "2025-07-13T14:39:32.183515+00:00", "symbol": "DOGE-USD"}, {"trade_id": 138820953, "side": "buy", "size": "25.10000000", "price": "0.20220000", "time": "2025-07-13T14:36:45.996770Z", "fetched_at": "2025-07-13T14:39:32.183515+00:00", "symbol": "DOGE-USD"}, {"trade_id": 138820952, "side": "sell", "size": "5.50000000", "price": "0.20224000", "time": "2025-07-13T14:36:43.054189Z", "fetched_at": "2025-07-13T14:39:32.183515+00:00", "symbol": "DOGE-USD"}, {"trade_id": 138820951, "side": "sell", "size": "5.50000000", "price": "0.20222000", "time": "2025-07-13T14:36:43.054189Z", "fetched_at": "2025-07-13T14:39:32.183515+00:00", "symbol": "DOGE-USD"}, {"trade_id": 138820950, "side": "sell", "size": "5.50000000", "price": "0.20220000", "time": "2025-07-13T14:36:42.744Z", "fetched_at": "2025-07-13T14:39:32.183515+00:00", "symbol": "DOGE-USD"}, {"trade_id": 138820949, "side": "sell", "size": "5.50000000", "price": "0.20218000", "time": "2025-07-13T14:36:42.550439Z", "fetched_at": "2025-07-13T14:39:32.183515+00:00", "symbol": "DOGE-USD"}, {"trade_id": 138820948, "side": "sell", "size": "750.00000000", "price": "0.20217000", "time": "2025-07-13T14:36:42.550439Z", "fetched_at": "2025-07-13T14:39:32.183515+00:00", "symbol": "DOGE-USD"}, {"trade_id": 138820947, "side": "sell", "size": "5.50000000", "price": "0.20216000", "time": "2025-07-13T14:36:42.550439Z", "fetched_at": "2025-07-13T14:39:32.183515+00:00", "symbol": "DOGE-USD"}, {"trade_id": 138820946, "side": "sell", "size": "5.50000000", "price": "0.20214000", "time": "2025-07-13T14:36:42.550439Z", "fetched_at": "2025-07-13T14:39:32.183515+00:00", "symbol": "DOGE-USD"}, {"trade_id": 138820945, "side": "sell", "size": "5.50000000", "price": "0.20212000", "time": "2025-07-13T14:36:40.795909Z", "fetched_at": "2025-07-13T14:39:32.183515+00:00", "symbol": "DOGE-USD"}, {"trade_id": 138820944, "side": "sell", "size": "5.50000000", "price": "0.20210000", "time": "2025-07-13T14:36:40.520089Z", "fetched_at": "2025-07-13T14:39:32.183515+00:00", "symbol": "DOGE-USD"}, {"trade_id": 138820943, "side": "sell", "size": "5.50000000", "price": "0.20208000", "time": "2025-07-13T14:36:40.394592Z", "fetched_at": "2025-07-13T14:39:32.183515+00:00", "symbol": "DOGE-USD"}, {"trade_id": 138820942, "side": "sell", "size": "5.50000000", "price": "0.20204000", "time": "2025-07-13T14:36:39.745558Z", "fetched_at": "2025-07-13T14:39:32.183515+00:00", "symbol": "DOGE-USD"}, {"trade_id": 138820941, "side": "sell", "size": "5.50000000", "price": "0.20202000", "time": "2025-07-13T14:36:39.696260Z", "fetched_at": "2025-07-13T14:39:32.183515+00:00", "symbol": "DOGE-USD"}, {"trade_id": 138820940, "side": "sell", "size": "5.50000000", "price": "0.20200000", "time": "2025-07-13T14:36:38.762020Z", "fetched_at": "2025-07-13T14:39:32.183515+00:00", "symbol": "DOGE-USD"}, {"trade_id": 138820939, "side": "sell", "size": "5.50000000", "price": "0.20198000", "time": "2025-07-13T14:36:38.665133Z", "fetched_at": "2025-07-13T14:39:32.183515+00:00", "symbol": "DOGE-USD"}, {"trade_id": 138820938, "side": "buy", "size": "172.90000000", "price": "0.20196000", "time": "2025-07-13T14:36:36.850927Z", "fetched_at": "2025-07-13T14:39:32.183515+00:00", "symbol": "DOGE-USD"}, {"trade_id": 138820937, "side": "buy", "size": "372.60000000", "price": "0.20196000", "time": "2025-07-13T14:36:36.002382Z", "fetched_at": "2025-07-13T14:39:32.183515+00:00", "symbol": "DOGE-USD"}, {"trade_id": 138820936, "side": "sell", "size": "2.90000000", "price": "0.20196000", "time": "2025-07-13T14:36:35.721685Z", "fetched_at": "2025-07-13T14:39:32.183515+00:00", "symbol": "DOGE-USD"}, {"trade_id": 138820935, "side": "sell", "size": "19509.60000000", "price": "0.20195000", "time": "2025-07-13T14:36:35.576943Z", "fetched_at": "2025-07-13T14:39:32.183515+00:00", "symbol": "DOGE-USD"}, {"trade_id": 138820934, "side": "sell", "size": "677.10000000", "price": "0.20194000", "time": "2025-07-13T14:36:35.576943Z", "fetched_at": "2025-07-13T14:39:32.183515+00:00", "symbol": "DOGE-USD"}, {"trade_id": 138820933, "side": "buy", "size": "10.10000000", "price": "0.20188000", "time": "2025-07-13T14:36:34.562309Z", "fetched_at": "2025-07-13T14:39:32.183515+00:00", "symbol": "DOGE-USD"}, {"trade_id": 138820932, "side": "sell", "size": "0.30000000", "price": "0.20189000", "time": "2025-07-13T14:36:34.236880Z", "fetched_at": "2025-07-13T14:39:32.183515+00:00", "symbol": "DOGE-USD"}, {"trade_id": 138820931, "side": "buy", "size": "5.50000000", "price": "0.20188000", "time": "2025-07-13T14:36:34.003611Z", "fetched_at": "2025-07-13T14:39:32.183515+00:00", "symbol": "DOGE-USD"}, {"trade_id": 138820930, "side": "buy", "size": "467.80000000", "price": "0.20189000", "time": "2025-07-13T14:36:33.994495Z", "fetched_at": "2025-07-13T14:39:32.183515+00:00", "symbol": "DOGE-USD"}, {"trade_id": 138820929, "side": "buy", "size": "1295.10000000", "price": "0.20190000", "time": "2025-07-13T14:36:33.988962Z", "fetched_at": "2025-07-13T14:39:32.183515+00:00", "symbol": "DOGE-USD"}, {"trade_id": 138820928, "side": "buy", "size": "5.50000000", "price": "0.20190000", "time": "2025-07-13T14:36:33.988962Z", "fetched_at": "2025-07-13T14:39:32.183515+00:00", "symbol": "DOGE-USD"}, {"trade_id": 138820927, "side": "buy", "size": "359.20000000", "price": "0.20190000", "time": "2025-07-13T14:36:33.988962Z", "fetched_at": "2025-07-13T14:39:32.183515+00:00", "symbol": "DOGE-USD"}, {"trade_id": 138820926, "side": "buy", "size": "29.80000000", "price": "0.20191000", "time": "2025-07-13T14:36:33.749169Z", "fetched_at": "2025-07-13T14:39:32.183515+00:00", "symbol": "DOGE-USD"}, {"trade_id": 138820925, "side": "buy", "size": "5.50000000", "price": "0.20192000", "time": "2025-07-13T14:36:33.749169Z", "fetched_at": "2025-07-13T14:39:32.183515+00:00", "symbol": "DOGE-USD"}, {"trade_id": 138820924, "side": "sell", "size": "3.60000000", "price": "0.20193000", "time": "2025-07-13T14:36:32.159714Z", "fetched_at": "2025-07-13T14:39:32.183515+00:00", "symbol": "DOGE-USD"}, {"trade_id": 138820923, "side": "sell", "size": "496.40000000", "price": "0.20193000", "time": "2025-07-13T14:36:32.159714Z", "fetched_at": "2025-07-13T14:39:32.183515+00:00", "symbol": "DOGE-USD"}, {"trade_id": 138820922, "side": "buy", "size": "5.50000000", "price": "0.20194000", "time": "2025-07-13T14:36:31.541946Z", "fetched_at": "2025-07-13T14:39:32.183515+00:00", "symbol": "DOGE-USD"}, {"trade_id": 138820921, "side": "sell", "size": "5.30000000", "price": "0.20195000", "time": "2025-07-13T14:36:31.513711Z", "fetched_at": "2025-07-13T14:39:32.183515+00:00", "symbol": "DOGE-USD"}, {"trade_id": 138820920, "side": "buy", "size": "5.50000000", "price": "0.20196000", "time": "2025-07-13T14:36:30.147361Z", "fetched_at": "2025-07-13T14:39:32.183515+00:00", "symbol": "DOGE-USD"}, {"trade_id": 138820919, "side": "buy", "size": "659.70000000", "price": "0.20197000", "time": "2025-07-13T14:36:30.073875Z", "fetched_at": "2025-07-13T14:39:32.183515+00:00", "symbol": "DOGE-USD"}, {"trade_id": 138820918, "side": "buy", "size": "5.50000000", "price": "0.20198000", "time": "2025-07-13T14:36:30.063720Z", "fetched_at": "2025-07-13T14:39:32.183515+00:00", "symbol": "DOGE-USD"}, {"trade_id": 138820917, "side": "buy", "size": "676.70000000", "price": "0.20199000", "time": "2025-07-13T14:36:30.041171Z", "fetched_at": "2025-07-13T14:39:32.183515+00:00", "symbol": "DOGE-USD"}, {"trade_id": 138820916, "side": "buy", "size": "5077.50000000", "price": "0.20199000", "time": "2025-07-13T14:36:30.028922Z", "fetched_at": "2025-07-13T14:39:32.183515+00:00", "symbol": "DOGE-USD"}, {"trade_id": 138820915, "side": "buy", "size": "5.50000000", "price": "0.20200000", "time": "2025-07-13T14:36:30.020601Z", "fetched_at": "2025-07-13T14:39:32.183515+00:00", "symbol": "DOGE-USD"}, {"trade_id": 138820914, "side": "buy", "size": "68716.10000000", "price": "0.20200000", "time": "2025-07-13T14:36:30.020601Z", "fetched_at": "2025-07-13T14:39:32.183515+00:00", "symbol": "DOGE-USD"}, {"trade_id": 138820913, "side": "buy", "size": "55704.50000000", "price": "0.20200000", "time": "2025-07-13T14:36:30.018984Z", "fetched_at": "2025-07-13T14:39:32.183515+00:00", "symbol": "DOGE-USD"}, {"trade_id": 138820912, "side": "buy", "size": "96092.90000000", "price": "0.20200000", "time": "2025-07-13T14:36:30.018405Z", "fetched_at": "2025-07-13T14:39:32.183515+00:00", "symbol": "DOGE-USD"}, {"trade_id": 138820911, "side": "buy", "size": "19886.30000000", "price": "0.20200000", "time": "2025-07-13T14:36:30.016694Z", "fetched_at": "2025-07-13T14:39:32.183515+00:00", "symbol": "DOGE-USD"}, {"trade_id": 138820910, "side": "buy", "size": "43331.40000000", "price": "0.20200000", "time": "2025-07-13T14:36:30.016390Z", "fetched_at": "2025-07-13T14:39:32.183515+00:00", "symbol": "DOGE-USD"}, {"trade_id": 138820909, "side": "buy", "size": "32376.80000000", "price": "0.20200000", "time": "2025-07-13T14:36:30.016029Z", "fetched_at": "2025-07-13T14:39:32.183515+00:00", "symbol": "DOGE-USD"}, {"trade_id": 138820908, "side": "buy", "size": "635.50000000", "price": "0.20200000", "time": "2025-07-13T14:36:30.016029Z", "fetched_at": "2025-07-13T14:39:32.183515+00:00", "symbol": "DOGE-USD"}, {"trade_id": 138820907, "side": "buy", "size": "15.00000000", "price": "0.20205000", "time": "2025-07-13T14:36:27.932121Z", "fetched_at": "2025-07-13T14:39:32.183515+00:00", "symbol": "DOGE-USD"}, {"trade_id": 138820906, "side": "buy", "size": "10.00000000", "price": "0.20201000", "time": "2025-07-13T14:36:27.496264Z", "fetched_at": "2025-07-13T14:39:32.183515+00:00", "symbol": "DOGE-USD"}, {"trade_id": 138820905, "side": "buy", "size": "172.90000000", "price": "0.20204000", "time": "2025-07-13T14:36:26.458919Z", "fetched_at": "2025-07-13T14:39:32.183515+00:00", "symbol": "DOGE-USD"}, {"trade_id": 138820904, "side": "buy", "size": "167.40000000", "price": "0.20202000", "time": "2025-07-13T14:36:26.160033Z", "fetched_at": "2025-07-13T14:39:32.183515+00:00", "symbol": "DOGE-USD"}, {"trade_id": 138820903, "side": "buy", "size": "5.50000000", "price": "0.20202000", "time": "2025-07-13T14:36:26.160033Z", "fetched_at": "2025-07-13T14:39:32.183515+00:00", "symbol": "DOGE-USD"}, {"trade_id": 138820902, "side": "buy", "size": "172.90000000", "price": "0.20204000", "time": "2025-07-13T14:36:25.721645Z", "fetched_at": "2025-07-13T14:39:32.183515+00:00", "symbol": "DOGE-USD"}, {"trade_id": 138820901, "side": "buy", "size": "172.10000000", "price": "0.20205000", "time": "2025-07-13T14:36:23.640084Z", "fetched_at": "2025-07-13T14:39:32.183515+00:00", "symbol": "DOGE-USD"}, {"trade_id": 138820900, "side": "buy", "size": "5.50000000", "price": "0.20204000", "time": "2025-07-13T14:36:23.447220Z", "fetched_at": "2025-07-13T14:39:32.183515+00:00", "symbol": "DOGE-USD"}, {"trade_id": 138820899, "side": "buy", "size": "30.20000000", "price": "0.20206000", "time": "2025-07-13T14:36:22.162653Z", "fetched_at": "2025-07-13T14:39:32.183515+00:00", "symbol": "DOGE-USD"}, {"trade_id": 138820898, "side": "buy", "size": "646.30000000", "price": "0.20207000", "time": "2025-07-13T14:36:21.588669Z", "fetched_at": "2025-07-13T14:39:32.183515+00:00", "symbol": "DOGE-USD"}, {"trade_id": 138820897, "side": "buy", "size": "5.50000000", "price": "0.20208000", "time": "2025-07-13T14:36:21.588669Z", "fetched_at": "2025-07-13T14:39:32.183515+00:00", "symbol": "DOGE-USD"}, {"trade_id": 138820896, "side": "buy", "size": "5.50000000", "price": "0.20210000", "time": "2025-07-13T14:36:21.588669Z", "fetched_at": "2025-07-13T14:39:32.183515+00:00", "symbol": "DOGE-USD"}, {"trade_id": 138820895, "side": "buy", "size": "676.30000000", "price": "0.20212000", "time": "2025-07-13T14:36:21.360288Z", "fetched_at": "2025-07-13T14:39:32.183515+00:00", "symbol": "DOGE-USD"}, {"trade_id": 138820894, "side": "buy", "size": "101.10000000", "price": "0.20214000", "time": "2025-07-13T14:36:21.110776Z", "fetched_at": "2025-07-13T14:39:32.183515+00:00", "symbol": "DOGE-USD"}, {"trade_id": 138820893, "side": "buy", "size": "101.60000000", "price": "0.20216000", "time": "2025-07-13T14:36:20.952186Z", "fetched_at": "2025-07-13T14:39:32.183515+00:00", "symbol": "DOGE-USD"}, {"trade_id": 138820892, "side": "buy", "size": "101.10000000", "price": "0.20215000", "time": "2025-07-13T14:36:20.291171Z", "fetched_at": "2025-07-13T14:39:32.183515+00:00", "symbol": "DOGE-USD"}, {"trade_id": 138820891, "side": "sell", "size": "2954.40000000", "price": "0.20218000", "time": "2025-07-13T14:36:20.188485Z", "fetched_at": "2025-07-13T14:39:32.183515+00:00", "symbol": "DOGE-USD"}, {"trade_id": 138820890, "side": "sell", "size": "1255.00000000", "price": "0.20218000", "time": "2025-07-13T14:36:20.188485Z", "fetched_at": "2025-07-13T14:39:32.183515+00:00", "symbol": "DOGE-USD"}, {"trade_id": 138820889, "side": "sell", "size": "5.50000000", "price": "0.20218000", "time": "2025-07-13T14:36:20.188485Z", "fetched_at": "2025-07-13T14:39:32.183515+00:00", "symbol": "DOGE-USD"}, {"trade_id": 138820888, "side": "sell", "size": "676.30000000", "price": "0.20217000", "time": "2025-07-13T14:36:20.188485Z", "fetched_at": "2025-07-13T14:39:32.183515+00:00", "symbol": "DOGE-USD"}, {"trade_id": 138820887, "side": "sell", "size": "5.50000000", "price": "0.20216000", "time": "2025-07-13T14:36:20.188485Z", "fetched_at": "2025-07-13T14:39:32.183515+00:00", "symbol": "DOGE-USD"}, {"trade_id": 138820886, "side": "buy", "size": "101.60000000", "price": "0.20215000", "time": "2025-07-13T14:36:20.158193Z", "fetched_at": "2025-07-13T14:39:32.183515+00:00", "symbol": "DOGE-USD"}, {"trade_id": 138820885, "side": "buy", "size": "4.80000000", "price": "0.20215000", "time": "2025-07-13T14:36:19.867461Z", "fetched_at": "2025-07-13T14:39:32.183515+00:00", "symbol": "DOGE-USD"}, {"trade_id": 138820884, "side": "buy", "size": "96.80000000", "price": "0.20215000", "time": "2025-07-13T14:36:19.867461Z", "fetched_at": "2025-07-13T14:39:32.183515+00:00", "symbol": "DOGE-USD"}, {"trade_id": 138820883, "side": "buy", "size": "101.60000000", "price": "0.20215000", "time": "2025-07-13T14:36:19.607651Z", "fetched_at": "2025-07-13T14:39:32.183515+00:00", "symbol": "DOGE-USD"}, {"trade_id": 138820882, "side": "buy", "size": "101.60000000", "price": "0.20215000", "time": "2025-07-13T14:36:19.421982Z", "fetched_at": "2025-07-13T14:39:32.183515+00:00", "symbol": "DOGE-USD"}, {"trade_id": 138820881, "side": "buy", "size": "101.60000000", "price": "0.20215000", "time": "2025-07-13T14:36:19.215322Z", "fetched_at": "2025-07-13T14:39:32.183515+00:00", "symbol": "DOGE-USD"}, {"trade_id": 138820880, "side": "sell", "size": "5.50000000", "price": "0.20212000", "time": "2025-07-13T14:36:19.174958Z", "fetched_at": "2025-07-13T14:39:32.183515+00:00", "symbol": "DOGE-USD"}, {"trade_id": 138820879, "side": "buy", "size": "52.40000000", "price": "0.20211000", "time": "2025-07-13T14:36:18.544142Z", "fetched_at": "2025-07-13T14:39:32.183515+00:00", "symbol": "DOGE-USD"}