[{"trade_id": 138806693, "side": "sell", "size": "5.60000000", "price": "0.19916000", "time": "2025-07-13T12:39:29.381314Z", "fetched_at": "2025-07-13T12:39:32.920671+00:00", "symbol": "DOGE-USD"}, {"trade_id": 138806692, "side": "buy", "size": "823.30000000", "price": "0.19913000", "time": "2025-07-13T12:39:29.327925Z", "fetched_at": "2025-07-13T12:39:32.920671+00:00", "symbol": "DOGE-USD"}, {"trade_id": 138806691, "side": "buy", "size": "50.60000000", "price": "0.19914000", "time": "2025-07-13T12:39:29.327925Z", "fetched_at": "2025-07-13T12:39:32.920671+00:00", "symbol": "DOGE-USD"}, {"trade_id": 138806690, "side": "buy", "size": "1253.80000000", "price": "0.19914000", "time": "2025-07-13T12:39:29.327925Z", "fetched_at": "2025-07-13T12:39:32.920671+00:00", "symbol": "DOGE-USD"}, {"trade_id": 138806689, "side": "buy", "size": "1174.70000000", "price": "0.19914000", "time": "2025-07-13T12:39:29.327925Z", "fetched_at": "2025-07-13T12:39:32.920671+00:00", "symbol": "DOGE-USD"}, {"trade_id": 138806688, "side": "buy", "size": "265.20000000", "price": "0.19915000", "time": "2025-07-13T12:39:29.327925Z", "fetched_at": "2025-07-13T12:39:32.920671+00:00", "symbol": "DOGE-USD"}, {"trade_id": 138806687, "side": "buy", "size": "183.00000000", "price": "0.19915000", "time": "2025-07-13T12:39:29.327925Z", "fetched_at": "2025-07-13T12:39:32.920671+00:00", "symbol": "DOGE-USD"}, {"trade_id": 138806686, "side": "buy", "size": "11.90000000", "price": "0.19915000", "time": "2025-07-13T12:39:29.327925Z", "fetched_at": "2025-07-13T12:39:32.920671+00:00", "symbol": "DOGE-USD"}, {"trade_id": 138806685, "side": "buy", "size": "11.90000000", "price": "0.19915000", "time": "2025-07-13T12:39:29.327925Z", "fetched_at": "2025-07-13T12:39:32.920671+00:00", "symbol": "DOGE-USD"}, {"trade_id": 138806684, "side": "sell", "size": "5.60000000", "price": "0.19914000", "time": "2025-07-13T12:39:28.434986Z", "fetched_at": "2025-07-13T12:39:32.920671+00:00", "symbol": "DOGE-USD"}, {"trade_id": 138806683, "side": "buy", "size": "52.60000000", "price": "0.19913000", "time": "2025-07-13T12:39:28.400982Z", "fetched_at": "2025-07-13T12:39:32.920671+00:00", "symbol": "DOGE-USD"}, {"trade_id": 138806682, "side": "sell", "size": "5.60000000", "price": "0.19912000", "time": "2025-07-13T12:39:28.036180Z", "fetched_at": "2025-07-13T12:39:32.920671+00:00", "symbol": "DOGE-USD"}, {"trade_id": 138806681, "side": "sell", "size": "5.60000000", "price": "0.19910000", "time": "2025-07-13T12:39:27.984627Z", "fetched_at": "2025-07-13T12:39:32.920671+00:00", "symbol": "DOGE-USD"}, {"trade_id": 138806680, "side": "sell", "size": "260.10000000", "price": "0.19908000", "time": "2025-07-13T12:39:27.451002Z", "fetched_at": "2025-07-13T12:39:32.920671+00:00", "symbol": "DOGE-USD"}, {"trade_id": 138806679, "side": "sell", "size": "5.60000000", "price": "0.19908000", "time": "2025-07-13T12:39:27.451002Z", "fetched_at": "2025-07-13T12:39:32.920671+00:00", "symbol": "DOGE-USD"}, {"trade_id": 138806678, "side": "sell", "size": "5.60000000", "price": "0.19906000", "time": "2025-07-13T12:39:26.952319Z", "fetched_at": "2025-07-13T12:39:32.920671+00:00", "symbol": "DOGE-USD"}, {"trade_id": 138806677, "side": "sell", "size": "5.60000000", "price": "0.19904000", "time": "2025-07-13T12:39:26.900877Z", "fetched_at": "2025-07-13T12:39:32.920671+00:00", "symbol": "DOGE-USD"}, {"trade_id": 138806676, "side": "sell", "size": "5.60000000", "price": "0.19902000", "time": "2025-07-13T12:39:26.888293Z", "fetched_at": "2025-07-13T12:39:32.920671+00:00", "symbol": "DOGE-USD"}, {"trade_id": 138806675, "side": "buy", "size": "35.20000000", "price": "0.19900000", "time": "2025-07-13T12:39:26.753208Z", "fetched_at": "2025-07-13T12:39:32.920671+00:00", "symbol": "DOGE-USD"}, {"trade_id": 138806674, "side": "sell", "size": "5.60000000", "price": "0.19900000", "time": "2025-07-13T12:39:26.247380Z", "fetched_at": "2025-07-13T12:39:32.920671+00:00", "symbol": "DOGE-USD"}, {"trade_id": 138806673, "side": "sell", "size": "50.60000000", "price": "0.19899000", "time": "2025-07-13T12:39:25.931134Z", "fetched_at": "2025-07-13T12:39:32.920671+00:00", "symbol": "DOGE-USD"}, {"trade_id": 138806672, "side": "sell", "size": "1175.50000000", "price": "0.19899000", "time": "2025-07-13T12:39:25.931134Z", "fetched_at": "2025-07-13T12:39:32.920671+00:00", "symbol": "DOGE-USD"}, {"trade_id": 138806671, "side": "sell", "size": "1180.60000000", "price": "0.19898000", "time": "2025-07-13T12:39:25.928300Z", "fetched_at": "2025-07-13T12:39:32.920671+00:00", "symbol": "DOGE-USD"}, {"trade_id": 138806670, "side": "sell", "size": "19960.00000000", "price": "0.19896000", "time": "2025-07-13T12:39:25.926077Z", "fetched_at": "2025-07-13T12:39:32.920671+00:00", "symbol": "DOGE-USD"}, {"trade_id": 138806669, "side": "buy", "size": "5.60000000", "price": "0.19896000", "time": "2025-07-13T12:39:24.252083Z", "fetched_at": "2025-07-13T12:39:32.920671+00:00", "symbol": "DOGE-USD"}, {"trade_id": 138806668, "side": "buy", "size": "314.30000000", "price": "0.19897000", "time": "2025-07-13T12:39:19.358375Z", "fetched_at": "2025-07-13T12:39:32.920671+00:00", "symbol": "DOGE-USD"}, {"trade_id": 138806667, "side": "sell", "size": "23.60000000", "price": "0.19898000", "time": "2025-07-13T12:39:17.386076Z", "fetched_at": "2025-07-13T12:39:32.920671+00:00", "symbol": "DOGE-USD"}, {"trade_id": 138806666, "side": "sell", "size": "99.50000000", "price": "0.19899000", "time": "2025-07-13T12:39:15.934175Z", "fetched_at": "2025-07-13T12:39:32.920671+00:00", "symbol": "DOGE-USD"}, {"trade_id": 138806665, "side": "buy", "size": "147.30000000", "price": "0.19898000", "time": "2025-07-13T12:39:14.000990Z", "fetched_at": "2025-07-13T12:39:32.920671+00:00", "symbol": "DOGE-USD"}, {"trade_id": 138806664, "side": "buy", "size": "5.60000000", "price": "0.19898000", "time": "2025-07-13T12:39:14.000990Z", "fetched_at": "2025-07-13T12:39:32.920671+00:00", "symbol": "DOGE-USD"}, {"trade_id": 138806663, "side": "buy", "size": "5.60000000", "price": "0.19900000", "time": "2025-07-13T12:39:14.000990Z", "fetched_at": "2025-07-13T12:39:32.920671+00:00", "symbol": "DOGE-USD"}, {"trade_id": 138806662, "side": "sell", "size": "193.00000000", "price": "0.19901000", "time": "2025-07-13T12:39:13.018727Z", "fetched_at": "2025-07-13T12:39:32.920671+00:00", "symbol": "DOGE-USD"}, {"trade_id": 138806661, "side": "sell", "size": "183.00000000", "price": "0.19901000", "time": "2025-07-13T12:39:13.018727Z", "fetched_at": "2025-07-13T12:39:32.920671+00:00", "symbol": "DOGE-USD"}, {"trade_id": 138806660, "side": "buy", "size": "5.60000000", "price": "0.19902000", "time": "2025-07-13T12:39:12.602108Z", "fetched_at": "2025-07-13T12:39:32.920671+00:00", "symbol": "DOGE-USD"}, {"trade_id": 138806659, "side": "sell", "size": "49.70000000", "price": "0.19903000", "time": "2025-07-13T12:39:07.562983Z", "fetched_at": "2025-07-13T12:39:32.920671+00:00", "symbol": "DOGE-USD"}, {"trade_id": 138806658, "side": "buy", "size": "5.60000000", "price": "0.19904000", "time": "2025-07-13T12:39:06.841353Z", "fetched_at": "2025-07-13T12:39:32.920671+00:00", "symbol": "DOGE-USD"}, {"trade_id": 138806657, "side": "buy", "size": "5.60000000", "price": "0.19906000", "time": "2025-07-13T12:39:06.574467Z", "fetched_at": "2025-07-13T12:39:32.920671+00:00", "symbol": "DOGE-USD"}, {"trade_id": 138806656, "side": "buy", "size": "5.60000000", "price": "0.19908000", "time": "2025-07-13T12:39:05.173021Z", "fetched_at": "2025-07-13T12:39:32.920671+00:00", "symbol": "DOGE-USD"}, {"trade_id": 138806655, "side": "buy", "size": "33.60000000", "price": "0.19911000", "time": "2025-07-13T12:39:01.950235Z", "fetched_at": "2025-07-13T12:39:32.920671+00:00", "symbol": "DOGE-USD"}, {"trade_id": 138806654, "side": "sell", "size": "5.60000000", "price": "0.19912000", "time": "2025-07-13T12:39:01.317234Z", "fetched_at": "2025-07-13T12:39:32.920671+00:00", "symbol": "DOGE-USD"}, {"trade_id": 138806653, "side": "sell", "size": "5.60000000", "price": "0.19910000", "time": "2025-07-13T12:38:59.662483Z", "fetched_at": "2025-07-13T12:39:32.920671+00:00", "symbol": "DOGE-USD"}, {"trade_id": 138806652, "side": "buy", "size": "1563.20000000", "price": "0.19903000", "time": "2025-07-13T12:38:55.627685Z", "fetched_at": "2025-07-13T12:39:32.920671+00:00", "symbol": "DOGE-USD"}, {"trade_id": 138806651, "side": "buy", "size": "50.60000000", "price": "0.19904000", "time": "2025-07-13T12:38:55.627685Z", "fetched_at": "2025-07-13T12:39:32.920671+00:00", "symbol": "DOGE-USD"}, {"trade_id": 138806650, "side": "buy", "size": "1731.70000000", "price": "0.19904000", "time": "2025-07-13T12:38:55.627685Z", "fetched_at": "2025-07-13T12:39:32.920671+00:00", "symbol": "DOGE-USD"}, {"trade_id": 138806649, "side": "buy", "size": "1324.30000000", "price": "0.19904000", "time": "2025-07-13T12:38:55.627685Z", "fetched_at": "2025-07-13T12:39:32.920671+00:00", "symbol": "DOGE-USD"}, {"trade_id": 138806648, "side": "buy", "size": "1410.40000000", "price": "0.19904000", "time": "2025-07-13T12:38:55.627685Z", "fetched_at": "2025-07-13T12:39:32.920671+00:00", "symbol": "DOGE-USD"}, {"trade_id": 138806647, "side": "sell", "size": "5.60000000", "price": "0.19910000", "time": "2025-07-13T12:38:53.902916Z", "fetched_at": "2025-07-13T12:39:32.920671+00:00", "symbol": "DOGE-USD"}, {"trade_id": 138806646, "side": "sell", "size": "5.60000000", "price": "0.19908000", "time": "2025-07-13T12:38:53.188809Z", "fetched_at": "2025-07-13T12:39:32.920671+00:00", "symbol": "DOGE-USD"}, {"trade_id": 138806645, "side": "sell", "size": "5.60000000", "price": "0.19906000", "time": "2025-07-13T12:38:53.140750Z", "fetched_at": "2025-07-13T12:39:32.920671+00:00", "symbol": "DOGE-USD"}, {"trade_id": 138806644, "side": "buy", "size": "1123.40000000", "price": "0.19899000", "time": "2025-07-13T12:38:42.243697Z", "fetched_at": "2025-07-13T12:39:32.920671+00:00", "symbol": "DOGE-USD"}, {"trade_id": 138806643, "side": "buy", "size": "5.60000000", "price": "0.19900000", "time": "2025-07-13T12:38:42.243697Z", "fetched_at": "2025-07-13T12:39:32.920671+00:00", "symbol": "DOGE-USD"}, {"trade_id": 138806642, "side": "buy", "size": "5.60000000", "price": "0.19902000", "time": "2025-07-13T12:38:42.243697Z", "fetched_at": "2025-07-13T12:39:32.920671+00:00", "symbol": "DOGE-USD"}, {"trade_id": 138806641, "side": "sell", "size": "50.60000000", "price": "0.19904000", "time": "2025-07-13T12:38:35.026226Z", "fetched_at": "2025-07-13T12:39:32.920671+00:00", "symbol": "DOGE-USD"}, {"trade_id": 138806640, "side": "sell", "size": "1271.80000000", "price": "0.19903000", "time": "2025-07-13T12:38:35.026226Z", "fetched_at": "2025-07-13T12:39:32.920671+00:00", "symbol": "DOGE-USD"}, {"trade_id": 138806639, "side": "sell", "size": "1284.80000000", "price": "0.19903000", "time": "2025-07-13T12:38:35.026226Z", "fetched_at": "2025-07-13T12:39:32.920671+00:00", "symbol": "DOGE-USD"}, {"trade_id": 138806638, "side": "buy", "size": "5.60000000", "price": "0.19904000", "time": "2025-07-13T12:38:33.436866Z", "fetched_at": "2025-07-13T12:39:32.920671+00:00", "symbol": "DOGE-USD"}, {"trade_id": 138806637, "side": "buy", "size": "5.60000000", "price": "0.19906000", "time": "2025-07-13T12:38:31.206230Z", "fetched_at": "2025-07-13T12:39:32.920671+00:00", "symbol": "DOGE-USD"}, {"trade_id": 138806636, "side": "buy", "size": "50.60000000", "price": "0.19907000", "time": "2025-07-13T12:38:31.206230Z", "fetched_at": "2025-07-13T12:39:32.920671+00:00", "symbol": "DOGE-USD"}, {"trade_id": 138806635, "side": "buy", "size": "5.60000000", "price": "0.19908000", "time": "2025-07-13T12:38:31.206040Z", "fetched_at": "2025-07-13T12:39:32.920671+00:00", "symbol": "DOGE-USD"}, {"trade_id": 138806634, "side": "sell", "size": "4737.90000000", "price": "0.19912000", "time": "2025-07-13T12:38:24.388984Z", "fetched_at": "2025-07-13T12:39:32.920671+00:00", "symbol": "DOGE-USD"}, {"trade_id": 138806633, "side": "sell", "size": "5.60000000", "price": "0.19912000", "time": "2025-07-13T12:38:24.388984Z", "fetched_at": "2025-07-13T12:39:32.920671+00:00", "symbol": "DOGE-USD"}, {"trade_id": 138806632, "side": "sell", "size": "50.60000000", "price": "0.19911000", "time": "2025-07-13T12:38:24.388984Z", "fetched_at": "2025-07-13T12:39:32.920671+00:00", "symbol": "DOGE-USD"}, {"trade_id": 138806631, "side": "buy", "size": "105.80000000", "price": "0.19906000", "time": "2025-07-13T12:38:21.904919Z", "fetched_at": "2025-07-13T12:39:32.920671+00:00", "symbol": "DOGE-USD"}, {"trade_id": 138806630, "side": "buy", "size": "45.00000000", "price": "0.19907000", "time": "2025-07-13T12:38:21.904919Z", "fetched_at": "2025-07-13T12:39:32.920671+00:00", "symbol": "DOGE-USD"}, {"trade_id": 138806629, "side": "sell", "size": "2711.00000000", "price": "0.19912000", "time": "2025-07-13T12:38:16.876967Z", "fetched_at": "2025-07-13T12:39:32.920671+00:00", "symbol": "DOGE-USD"}, {"trade_id": 138806628, "side": "sell", "size": "769.50000000", "price": "0.19912000", "time": "2025-07-13T12:38:16.876967Z", "fetched_at": "2025-07-13T12:39:32.920671+00:00", "symbol": "DOGE-USD"}, {"trade_id": 138806627, "side": "sell", "size": "5.60000000", "price": "0.19912000", "time": "2025-07-13T12:38:16.876967Z", "fetched_at": "2025-07-13T12:39:32.920671+00:00", "symbol": "DOGE-USD"}, {"trade_id": 138806626, "side": "sell", "size": "1345.70000000", "price": "0.19910000", "time": "2025-07-13T12:38:16.876967Z", "fetched_at": "2025-07-13T12:39:32.920671+00:00", "symbol": "DOGE-USD"}, {"trade_id": 138806625, "side": "sell", "size": "5.60000000", "price": "0.19910000", "time": "2025-07-13T12:38:16.876967Z", "fetched_at": "2025-07-13T12:39:32.920671+00:00", "symbol": "DOGE-USD"}, {"trade_id": 138806624, "side": "sell", "size": "1323.70000000", "price": "0.19909000", "time": "2025-07-13T12:38:16.876967Z", "fetched_at": "2025-07-13T12:39:32.920671+00:00", "symbol": "DOGE-USD"}, {"trade_id": 138806623, "side": "sell", "size": "1312.70000000", "price": "0.19909000", "time": "2025-07-13T12:38:16.876967Z", "fetched_at": "2025-07-13T12:39:32.920671+00:00", "symbol": "DOGE-USD"}, {"trade_id": 138806622, "side": "sell", "size": "50.60000000", "price": "0.19908000", "time": "2025-07-13T12:38:16.876967Z", "fetched_at": "2025-07-13T12:39:32.920671+00:00", "symbol": "DOGE-USD"}, {"trade_id": 138806621, "side": "sell", "size": "5.60000000", "price": "0.19908000", "time": "2025-07-13T12:38:16.876967Z", "fetched_at": "2025-07-13T12:39:32.920671+00:00", "symbol": "DOGE-USD"}, {"trade_id": 138806620, "side": "sell", "size": "1424.70000000", "price": "0.19906000", "time": "2025-07-13T12:38:15.088950Z", "fetched_at": "2025-07-13T12:39:32.920671+00:00", "symbol": "DOGE-USD"}, {"trade_id": 138806619, "side": "sell", "size": "1207.80000000", "price": "0.19906000", "time": "2025-07-13T12:38:15.088950Z", "fetched_at": "2025-07-13T12:39:32.920671+00:00", "symbol": "DOGE-USD"}, {"trade_id": 138806618, "side": "sell", "size": "769.50000000", "price": "0.19906000", "time": "2025-07-13T12:38:15.088950Z", "fetched_at": "2025-07-13T12:39:32.920671+00:00", "symbol": "DOGE-USD"}, {"trade_id": 138806617, "side": "sell", "size": "50.60000000", "price": "0.19905000", "time": "2025-07-13T12:38:15.088950Z", "fetched_at": "2025-07-13T12:39:32.920671+00:00", "symbol": "DOGE-USD"}, {"trade_id": 138806616, "side": "sell", "size": "1425.50000000", "price": "0.19905000", "time": "2025-07-13T12:38:15.088950Z", "fetched_at": "2025-07-13T12:39:32.920671+00:00", "symbol": "DOGE-USD"}, {"trade_id": 138806615, "side": "buy", "size": "0.40000000", "price": "0.19906000", "time": "2025-07-13T12:38:08.721881Z", "fetched_at": "2025-07-13T12:39:32.920671+00:00", "symbol": "DOGE-USD"}, {"trade_id": 138806614, "side": "sell", "size": "591.70000000", "price": "0.19905000", "time": "2025-07-13T12:38:03.093321Z", "fetched_at": "2025-07-13T12:39:32.920671+00:00", "symbol": "DOGE-USD"}, {"trade_id": 138806613, "side": "sell", "size": "5.60000000", "price": "0.19904000", "time": "2025-07-13T12:38:02.825358Z", "fetched_at": "2025-07-13T12:39:32.920671+00:00", "symbol": "DOGE-USD"}, {"trade_id": 138806612, "side": "sell", "size": "50.60000000", "price": "0.19900000", "time": "2025-07-13T12:38:01.298100Z", "fetched_at": "2025-07-13T12:39:32.920671+00:00", "symbol": "DOGE-USD"}, {"trade_id": 138806611, "side": "buy", "size": "5.60000000", "price": "0.19900000", "time": "2025-07-13T12:37:59.483377Z", "fetched_at": "2025-07-13T12:39:32.920671+00:00", "symbol": "DOGE-USD"}, {"trade_id": 138806610, "side": "buy", "size": "919.20000000", "price": "0.19900000", "time": "2025-07-13T12:37:59.483377Z", "fetched_at": "2025-07-13T12:39:32.920671+00:00", "symbol": "DOGE-USD"}, {"trade_id": 138806609, "side": "buy", "size": "49231.50000000", "price": "0.19900000", "time": "2025-07-13T12:37:59.042247Z", "fetched_at": "2025-07-13T12:39:32.920671+00:00", "symbol": "DOGE-USD"}, {"trade_id": 138806608, "side": "buy", "size": "5.60000000", "price": "0.19902000", "time": "2025-07-13T12:37:59.042247Z", "fetched_at": "2025-07-13T12:39:32.920671+00:00", "symbol": "DOGE-USD"}, {"trade_id": 138806607, "side": "buy", "size": "5.60000000", "price": "0.19904000", "time": "2025-07-13T12:37:43.915710Z", "fetched_at": "2025-07-13T12:39:32.920671+00:00", "symbol": "DOGE-USD"}, {"trade_id": 138806606, "side": "buy", "size": "5.60000000", "price": "0.19906000", "time": "2025-07-13T12:37:43.882297Z", "fetched_at": "2025-07-13T12:39:32.920671+00:00", "symbol": "DOGE-USD"}, {"trade_id": 138806605, "side": "buy", "size": "5.60000000", "price": "0.19908000", "time": "2025-07-13T12:37:43.842266Z", "fetched_at": "2025-07-13T12:39:32.920671+00:00", "symbol": "DOGE-USD"}, {"trade_id": 138806604, "side": "buy", "size": "5.60000000", "price": "0.19910000", "time": "2025-07-13T12:37:42.066527Z", "fetched_at": "2025-07-13T12:39:32.920671+00:00", "symbol": "DOGE-USD"}, {"trade_id": 138806603, "side": "buy", "size": "5.60000000", "price": "0.19912000", "time": "2025-07-13T12:37:39.029312Z", "fetched_at": "2025-07-13T12:39:32.920671+00:00", "symbol": "DOGE-USD"}, {"trade_id": 138806602, "side": "sell", "size": "5.60000000", "price": "0.19916000", "time": "2025-07-13T12:37:37.606679Z", "fetched_at": "2025-07-13T12:39:32.920671+00:00", "symbol": "DOGE-USD"}, {"trade_id": 138806601, "side": "sell", "size": "18274.80000000", "price": "0.19915000", "time": "2025-07-13T12:37:36.476162Z", "fetched_at": "2025-07-13T12:39:32.920671+00:00", "symbol": "DOGE-USD"}, {"trade_id": 138806600, "side": "sell", "size": "50.60000000", "price": "0.19914000", "time": "2025-07-13T12:37:36.476162Z", "fetched_at": "2025-07-13T12:39:32.920671+00:00", "symbol": "DOGE-USD"}, {"trade_id": 138806599, "side": "sell", "size": "5.60000000", "price": "0.19914000", "time": "2025-07-13T12:37:36.476162Z", "fetched_at": "2025-07-13T12:39:32.920671+00:00", "symbol": "DOGE-USD"}, {"trade_id": 138806598, "side": "sell", "size": "39.10000000", "price": "0.19913000", "time": "2025-07-13T12:37:31.656098Z", "fetched_at": "2025-07-13T12:39:32.920671+00:00", "symbol": "DOGE-USD"}, {"trade_id": 138806597, "side": "sell", "size": "50.60000000", "price": "0.19912000", "time": "2025-07-13T12:37:31.656098Z", "fetched_at": "2025-07-13T12:39:32.920671+00:00", "symbol": "DOGE-USD"}, {"trade_id": 138806596, "side": "sell", "size": "5.60000000", "price": "0.19912000", "time": "2025-07-13T12:37:31.656098Z", "fetched_at": "2025-07-13T12:39:32.920671+00:00", "symbol": "DOGE-USD"}, {"trade_id": 138806595, "side": "sell", "size": "1329.70000000", "price": "0.19910000", "time": "2025-07-13T12:37:27.523596Z", "fetched_at": "2025-07-13T12:39:32.920671+00:00", "symbol": "DOGE-USD"}, {"trade_id": 138806594, "side": "sell", "size": "5.60000000", "price": "0.19910000", "time": "2025-07-13T12:37:27.523596Z", "fetched_at": "2025-07-13T12:39:32.920671+00:00", "symbol": "DOGE-USD"}, {"trade_id": 138806593, "side": "sell", "size": "1294.10000000", "price": "0.19907000", "time": "2025-07-13T12:37:27.523399Z", "fetched_at": "2025-07-13T12:39:32.920671+00:00", "symbol": "DOGE-USD"}, {"trade_id": 138806592, "side": "sell", "size": "1332.30000000", "price": "0.19906000", "time": "2025-07-13T12:37:27.523342Z", "fetched_at": "2025-07-13T12:39:32.920671+00:00", "symbol": "DOGE-USD"}, {"trade_id": 138806591, "side": "sell", "size": "769.50000000", "price": "0.19906000", "time": "2025-07-13T12:37:27.523342Z", "fetched_at": "2025-07-13T12:39:32.920671+00:00", "symbol": "DOGE-USD"}, {"trade_id": 138806590, "side": "sell", "size": "50.60000000", "price": "0.19905000", "time": "2025-07-13T12:37:27.523342Z", "fetched_at": "2025-07-13T12:39:32.920671+00:00", "symbol": "DOGE-USD"}, {"trade_id": 138806589, "side": "buy", "size": "17.30000000", "price": "0.19904000", "time": "2025-07-13T12:37:24.091753Z", "fetched_at": "2025-07-13T12:39:32.920671+00:00", "symbol": "DOGE-USD"}, {"trade_id": 138806588, "side": "buy", "size": "5.60000000", "price": "0.19904000", "time": "2025-07-13T12:37:24.091753Z", "fetched_at": "2025-07-13T12:39:32.920671+00:00", "symbol": "DOGE-USD"}, {"trade_id": 138806587, "side": "sell", "size": "24.90000000", "price": "0.19903000", "time": "2025-07-13T12:37:14.992994Z", "fetched_at": "2025-07-13T12:39:32.920671+00:00", "symbol": "DOGE-USD"}, {"trade_id": 138806586, "side": "buy", "size": "3011.60000000", "price": "0.19904000", "time": "2025-07-13T12:37:14.351383Z", "fetched_at": "2025-07-13T12:39:32.920671+00:00", "symbol": "DOGE-USD"}, {"trade_id": 138806585, "side": "buy", "size": "5.60000000", "price": "0.19904000", "time": "2025-07-13T12:37:14.351383Z", "fetched_at": "2025-07-13T12:39:32.920671+00:00", "symbol": "DOGE-USD"}, {"trade_id": 138806584, "side": "buy", "size": "5.60000000", "price": "0.19906000", "time": "2025-07-13T12:37:14.348552Z", "fetched_at": "2025-07-13T12:39:32.920671+00:00", "symbol": "DOGE-USD"}, {"trade_id": 138806583, "side": "buy", "size": "18276.80000000", "price": "0.19907000", "time": "2025-07-13T12:37:14.348310Z", "fetched_at": "2025-07-13T12:39:32.920671+00:00", "symbol": "DOGE-USD"}, {"trade_id": 138806582, "side": "buy", "size": "50.60000000", "price": "0.19908000", "time": "2025-07-13T12:37:14.348310Z", "fetched_at": "2025-07-13T12:39:32.920671+00:00", "symbol": "DOGE-USD"}, {"trade_id": 138806581, "side": "buy", "size": "5.60000000", "price": "0.19908000", "time": "2025-07-13T12:37:14.348310Z", "fetched_at": "2025-07-13T12:39:32.920671+00:00", "symbol": "DOGE-USD"}, {"trade_id": 138806580, "side": "buy", "size": "5.60000000", "price": "0.19910000", "time": "2025-07-13T12:37:14.348310Z", "fetched_at": "2025-07-13T12:39:32.920671+00:00", "symbol": "DOGE-USD"}, {"trade_id": 138806579, "side": "buy", "size": "5.60000000", "price": "0.19912000", "time": "2025-07-13T12:37:14.346106Z", "fetched_at": "2025-07-13T12:39:32.920671+00:00", "symbol": "DOGE-USD"}, {"trade_id": 138806578, "side": "buy", "size": "5.60000000", "price": "0.19914000", "time": "2025-07-13T12:37:14.288305Z", "fetched_at": "2025-07-13T12:39:32.920671+00:00", "symbol": "DOGE-USD"}, {"trade_id": 138806577, "side": "buy", "size": "5.60000000", "price": "0.19916000", "time": "2025-07-13T12:37:14.036696Z", "fetched_at": "2025-07-13T12:39:32.920671+00:00", "symbol": "DOGE-USD"}, {"trade_id": 138806576, "side": "buy", "size": "35.10000000", "price": "0.19919000", "time": "2025-07-13T12:37:02.526222Z", "fetched_at": "2025-07-13T12:39:32.920671+00:00", "symbol": "DOGE-USD"}, {"trade_id": 138806575, "side": "buy", "size": "221.80000000", "price": "0.19919000", "time": "2025-07-13T12:37:02.357217Z", "fetched_at": "2025-07-13T12:39:32.920671+00:00", "symbol": "DOGE-USD"}, {"trade_id": 138806574, "side": "buy", "size": "50.50000000", "price": "0.19920000", "time": "2025-07-13T12:37:02.357217Z", "fetched_at": "2025-07-13T12:39:32.920671+00:00", "symbol": "DOGE-USD"}, {"trade_id": 138806573, "side": "buy", "size": "5.60000000", "price": "0.19920000", "time": "2025-07-13T12:37:02.357217Z", "fetched_at": "2025-07-13T12:39:32.920671+00:00", "symbol": "DOGE-USD"}, {"trade_id": 138806572, "side": "buy", "size": "5.60000000", "price": "0.19924000", "time": "2025-07-13T12:37:00.942080Z", "fetched_at": "2025-07-13T12:39:32.920671+00:00", "symbol": "DOGE-USD"}, {"trade_id": 138806571, "side": "buy", "size": "5.60000000", "price": "0.19926000", "time": "2025-07-13T12:37:00.688707Z", "fetched_at": "2025-07-13T12:39:32.920671+00:00", "symbol": "DOGE-USD"}, {"trade_id": 138806570, "side": "sell", "size": "1215.70000000", "price": "0.19927000", "time": "2025-07-13T12:36:59.597062Z", "fetched_at": "2025-07-13T12:39:32.920671+00:00", "symbol": "DOGE-USD"}, {"trade_id": 138806569, "side": "sell", "size": "1165.40000000", "price": "0.19927000", "time": "2025-07-13T12:36:59.597062Z", "fetched_at": "2025-07-13T12:39:32.920671+00:00", "symbol": "DOGE-USD"}, {"trade_id": 138806568, "side": "buy", "size": "5.60000000", "price": "0.19928000", "time": "2025-07-13T12:36:59.373102Z", "fetched_at": "2025-07-13T12:39:32.920671+00:00", "symbol": "DOGE-USD"}, {"trade_id": 138806567, "side": "buy", "size": "18289.30000000", "price": "0.19929000", "time": "2025-07-13T12:36:59.360919Z", "fetched_at": "2025-07-13T12:39:32.920671+00:00", "symbol": "DOGE-USD"}, {"trade_id": 138806566, "side": "buy", "size": "2264.00000000", "price": "0.19929000", "time": "2025-07-13T12:36:59.360919Z", "fetched_at": "2025-07-13T12:39:32.920671+00:00", "symbol": "DOGE-USD"}, {"trade_id": 138806565, "side": "buy", "size": "1731.70000000", "price": "0.19929000", "time": "2025-07-13T12:36:59.360919Z", "fetched_at": "2025-07-13T12:39:32.920671+00:00", "symbol": "DOGE-USD"}, {"trade_id": 138806564, "side": "sell", "size": "25.20000000", "price": "0.19935000", "time": "2025-07-13T12:36:56.807765Z", "fetched_at": "2025-07-13T12:39:32.920671+00:00", "symbol": "DOGE-USD"}, {"trade_id": 138806563, "side": "sell", "size": "52.20000000", "price": "0.19935000", "time": "2025-07-13T12:36:54.919455Z", "fetched_at": "2025-07-13T12:39:32.920671+00:00", "symbol": "DOGE-USD"}, {"trade_id": 138806562, "side": "sell", "size": "50.50000000", "price": "0.19927000", "time": "2025-07-13T12:36:54.907489Z", "fetched_at": "2025-07-13T12:39:32.920671+00:00", "symbol": "DOGE-USD"}, {"trade_id": 138806561, "side": "sell", "size": "2500.00000000", "price": "0.19934000", "time": "2025-07-13T12:36:54.893174Z", "fetched_at": "2025-07-13T12:39:32.920671+00:00", "symbol": "DOGE-USD"}, {"trade_id": 138806560, "side": "sell", "size": "5.60000000", "price": "0.19934000", "time": "2025-07-13T12:36:54.893174Z", "fetched_at": "2025-07-13T12:39:32.920671+00:00", "symbol": "DOGE-USD"}, {"trade_id": 138806559, "side": "sell", "size": "52.50000000", "price": "0.19934000", "time": "2025-07-13T12:36:54.893174Z", "fetched_at": "2025-07-13T12:39:32.920671+00:00", "symbol": "DOGE-USD"}, {"trade_id": 138806558, "side": "sell", "size": "5556.30000000", "price": "0.19934000", "time": "2025-07-13T12:36:54.893174Z", "fetched_at": "2025-07-13T12:39:32.920671+00:00", "symbol": "DOGE-USD"}, {"trade_id": 138806557, "side": "sell", "size": "10000.00000000", "price": "0.19933000", "time": "2025-07-13T12:36:54.893174Z", "fetched_at": "2025-07-13T12:39:32.920671+00:00", "symbol": "DOGE-USD"}, {"trade_id": 138806556, "side": "sell", "size": "5000.00000000", "price": "0.19933000", "time": "2025-07-13T12:36:54.893174Z", "fetched_at": "2025-07-13T12:39:32.920671+00:00", "symbol": "DOGE-USD"}, {"trade_id": 138806555, "side": "sell", "size": "2500.00000000", "price": "0.19933000", "time": "2025-07-13T12:36:54.893174Z", "fetched_at": "2025-07-13T12:39:32.920671+00:00", "symbol": "DOGE-USD"}, {"trade_id": 138806554, "side": "sell", "size": "2000.00000000", "price": "0.19933000", "time": "2025-07-13T12:36:54.893174Z", "fetched_at": "2025-07-13T12:39:32.920671+00:00", "symbol": "DOGE-USD"}, {"trade_id": 138806553, "side": "sell", "size": "5422.70000000", "price": "0.19933000", "time": "2025-07-13T12:36:54.893174Z", "fetched_at": "2025-07-13T12:39:32.920671+00:00", "symbol": "DOGE-USD"}, {"trade_id": 138806552, "side": "sell", "size": "3012.50000000", "price": "0.19933000", "time": "2025-07-13T12:36:54.893174Z", "fetched_at": "2025-07-13T12:39:32.920671+00:00", "symbol": "DOGE-USD"}, {"trade_id": 138806551, "side": "sell", "size": "167.80000000", "price": "0.19933000", "time": "2025-07-13T12:36:54.893174Z", "fetched_at": "2025-07-13T12:39:32.920671+00:00", "symbol": "DOGE-USD"}, {"trade_id": 138806550, "side": "sell", "size": "769.50000000", "price": "0.19933000", "time": "2025-07-13T12:36:54.893174Z", "fetched_at": "2025-07-13T12:39:32.920671+00:00", "symbol": "DOGE-USD"}, {"trade_id": 138806549, "side": "sell", "size": "5560.00000000", "price": "0.19933000", "time": "2025-07-13T12:36:54.893174Z", "fetched_at": "2025-07-13T12:39:32.920671+00:00", "symbol": "DOGE-USD"}, {"trade_id": 138806548, "side": "sell", "size": "10000.00000000", "price": "0.19932000", "time": "2025-07-13T12:36:54.892290Z", "fetched_at": "2025-07-13T12:39:32.920671+00:00", "symbol": "DOGE-USD"}, {"trade_id": 138806547, "side": "sell", "size": "2500.00000000", "price": "0.19932000", "time": "2025-07-13T12:36:54.892290Z", "fetched_at": "2025-07-13T12:39:32.920671+00:00", "symbol": "DOGE-USD"}, {"trade_id": 138806546, "side": "sell", "size": "1505.80000000", "price": "0.19932000", "time": "2025-07-13T12:36:54.892290Z", "fetched_at": "2025-07-13T12:39:32.920671+00:00", "symbol": "DOGE-USD"}, {"trade_id": 138806545, "side": "sell", "size": "77.70000000", "price": "0.19932000", "time": "2025-07-13T12:36:54.892290Z", "fetched_at": "2025-07-13T12:39:32.920671+00:00", "symbol": "DOGE-USD"}, {"trade_id": 138806544, "side": "sell", "size": "5.60000000", "price": "0.19932000", "time": "2025-07-13T12:36:54.892290Z", "fetched_at": "2025-07-13T12:39:32.920671+00:00", "symbol": "DOGE-USD"}, {"trade_id": 138806543, "side": "sell", "size": "5567.90000000", "price": "0.19932000", "time": "2025-07-13T12:36:54.892290Z", "fetched_at": "2025-07-13T12:39:32.920671+00:00", "symbol": "DOGE-USD"}, {"trade_id": 138806542, "side": "sell", "size": "177.80000000", "price": "0.19931000", "time": "2025-07-13T12:36:54.884935Z", "fetched_at": "2025-07-13T12:39:32.920671+00:00", "symbol": "DOGE-USD"}, {"trade_id": 138806541, "side": "sell", "size": "5567.90000000", "price": "0.19931000", "time": "2025-07-13T12:36:54.884935Z", "fetched_at": "2025-07-13T12:39:32.920671+00:00", "symbol": "DOGE-USD"}, {"trade_id": 138806540, "side": "sell", "size": "769.50000000", "price": "0.19931000", "time": "2025-07-13T12:36:54.884935Z", "fetched_at": "2025-07-13T12:39:32.920671+00:00", "symbol": "DOGE-USD"}, {"trade_id": 138806539, "side": "sell", "size": "5288.10000000", "price": "0.19930000", "time": "2025-07-13T12:36:54.884935Z", "fetched_at": "2025-07-13T12:39:32.920671+00:00", "symbol": "DOGE-USD"}, {"trade_id": 138806538, "side": "sell", "size": "5.60000000", "price": "0.19930000", "time": "2025-07-13T12:36:54.884935Z", "fetched_at": "2025-07-13T12:39:32.920671+00:00", "symbol": "DOGE-USD"}, {"trade_id": 138806537, "side": "sell", "size": "97.70000000", "price": "0.19930000", "time": "2025-07-13T12:36:54.884935Z", "fetched_at": "2025-07-13T12:39:32.920671+00:00", "symbol": "DOGE-USD"}, {"trade_id": 138806536, "side": "sell", "size": "1987.60000000", "price": "0.19929000", "time": "2025-07-13T12:36:54.884548Z", "fetched_at": "2025-07-13T12:39:32.920671+00:00", "symbol": "DOGE-USD"}, {"trade_id": 138806535, "side": "sell", "size": "1392.90000000", "price": "0.19929000", "time": "2025-07-13T12:36:54.884548Z", "fetched_at": "2025-07-13T12:39:32.920671+00:00", "symbol": "DOGE-USD"}, {"trade_id": 138806534, "side": "sell", "size": "5288.10000000", "price": "0.19929000", "time": "2025-07-13T12:36:54.884548Z", "fetched_at": "2025-07-13T12:39:32.920671+00:00", "symbol": "DOGE-USD"}, {"trade_id": 138806533, "side": "sell", "size": "18310.40000000", "price": "0.19929000", "time": "2025-07-13T12:36:54.884548Z", "fetched_at": "2025-07-13T12:39:32.920671+00:00", "symbol": "DOGE-USD"}, {"trade_id": 138806532, "side": "sell", "size": "67.60000000", "price": "0.19929000", "time": "2025-07-13T12:36:54.884548Z", "fetched_at": "2025-07-13T12:39:32.920671+00:00", "symbol": "DOGE-USD"}, {"trade_id": 138806531, "side": "sell", "size": "769.50000000", "price": "0.19929000", "time": "2025-07-13T12:36:54.884548Z", "fetched_at": "2025-07-13T12:39:32.920671+00:00", "symbol": "DOGE-USD"}, {"trade_id": 138806530, "side": "sell", "size": "3605.50000000", "price": "0.19928000", "time": "2025-07-13T12:36:54.884548Z", "fetched_at": "2025-07-13T12:39:32.920671+00:00", "symbol": "DOGE-USD"}, {"trade_id": 138806529, "side": "sell", "size": "5287.60000000", "price": "0.19928000", "time": "2025-07-13T12:36:54.884548Z", "fetched_at": "2025-07-13T12:39:32.920671+00:00", "symbol": "DOGE-USD"}, {"trade_id": 138806528, "side": "sell", "size": "107.60000000", "price": "0.19928000", "time": "2025-07-13T12:36:54.884548Z", "fetched_at": "2025-07-13T12:39:32.920671+00:00", "symbol": "DOGE-USD"}, {"trade_id": 138806527, "side": "sell", "size": "5.60000000", "price": "0.19928000", "time": "2025-07-13T12:36:54.884548Z", "fetched_at": "2025-07-13T12:39:32.920671+00:00", "symbol": "DOGE-USD"}, {"trade_id": 138806526, "side": "sell", "size": "17.30000000", "price": "0.19927000", "time": "2025-07-13T12:36:54.884548Z", "fetched_at": "2025-07-13T12:39:32.920671+00:00", "symbol": "DOGE-USD"}, {"trade_id": 138806525, "side": "sell", "size": "50.50000000", "price": "0.19926000", "time": "2025-07-13T12:36:54.884548Z", "fetched_at": "2025-07-13T12:39:32.920671+00:00", "symbol": "DOGE-USD"}, {"trade_id": 138806524, "side": "sell", "size": "5.60000000", "price": "0.19926000", "time": "2025-07-13T12:36:54.884548Z", "fetched_at": "2025-07-13T12:39:32.920671+00:00", "symbol": "DOGE-USD"}, {"trade_id": 138806523, "side": "sell", "size": "97.40000000", "price": "0.19926000", "time": "2025-07-13T12:36:54.884548Z", "fetched_at": "2025-07-13T12:39:32.920671+00:00", "symbol": "DOGE-USD"}, {"trade_id": 138806522, "side": "sell", "size": "5.60000000", "price": "0.19924000", "time": "2025-07-13T12:36:54.884548Z", "fetched_at": "2025-07-13T12:39:32.920671+00:00", "symbol": "DOGE-USD"}, {"trade_id": 138806521, "side": "sell", "size": "5.60000000", "price": "0.19922000", "time": "2025-07-13T12:36:50.181814Z", "fetched_at": "2025-07-13T12:39:32.920671+00:00", "symbol": "DOGE-USD"}, {"trade_id": 138806520, "side": "buy", "size": "264.80000000", "price": "0.19918000", "time": "2025-07-13T12:36:44.062929Z", "fetched_at": "2025-07-13T12:39:32.920671+00:00", "symbol": "DOGE-USD"}, {"trade_id": 138806519, "side": "buy", "size": "1228.10000000", "price": "0.19919000", "time": "2025-07-13T12:36:44.062929Z", "fetched_at": "2025-07-13T12:39:32.920671+00:00", "symbol": "DOGE-USD"}, {"trade_id": 138806518, "side": "buy", "size": "50.50000000", "price": "0.19919000", "time": "2025-07-13T12:36:44.062929Z", "fetched_at": "2025-07-13T12:39:32.920671+00:00", "symbol": "DOGE-USD"}, {"trade_id": 138806517, "side": "buy", "size": "1128.70000000", "price": "0.19920000", "time": "2025-07-13T12:36:44.062929Z", "fetched_at": "2025-07-13T12:39:32.920671+00:00", "symbol": "DOGE-USD"}, {"trade_id": 138806516, "side": "buy", "size": "253.60000000", "price": "0.19920000", "time": "2025-07-13T12:36:43.669355Z", "fetched_at": "2025-07-13T12:39:32.920671+00:00", "symbol": "DOGE-USD"}, {"trade_id": 138806515, "side": "sell", "size": "5298.60000000", "price": "0.19922000", "time": "2025-07-13T12:36:41.196570Z", "fetched_at": "2025-07-13T12:39:32.920671+00:00", "symbol": "DOGE-USD"}, {"trade_id": 138806514, "side": "sell", "size": "3584.30000000", "price": "0.19922000", "time": "2025-07-13T12:36:41.196570Z", "fetched_at": "2025-07-13T12:39:32.920671+00:00", "symbol": "DOGE-USD"}, {"trade_id": 138806513, "side": "sell", "size": "1836.40000000", "price": "0.19922000", "time": "2025-07-13T12:36:41.196570Z", "fetched_at": "2025-07-13T12:39:32.920671+00:00", "symbol": "DOGE-USD"}, {"trade_id": 138806512, "side": "sell", "size": "18348.50000000", "price": "0.19922000", "time": "2025-07-13T12:36:41.196570Z", "fetched_at": "2025-07-13T12:39:32.920671+00:00", "symbol": "DOGE-USD"}, {"trade_id": 138806511, "side": "sell", "size": "5.60000000", "price": "0.19922000", "time": "2025-07-13T12:36:41.196570Z", "fetched_at": "2025-07-13T12:39:32.920671+00:00", "symbol": "DOGE-USD"}, {"trade_id": 138806510, "side": "sell", "size": "5.60000000", "price": "0.19920000", "time": "2025-07-13T12:36:41.196570Z", "fetched_at": "2025-07-13T12:39:32.920671+00:00", "symbol": "DOGE-USD"}, {"trade_id": 138806509, "side": "sell", "size": "50.60000000", "price": "0.19919000", "time": "2025-07-13T12:36:41.196570Z", "fetched_at": "2025-07-13T12:39:32.920671+00:00", "symbol": "DOGE-USD"}, {"trade_id": 138806508, "side": "sell", "size": "5.60000000", "price": "0.19918000", "time": "2025-07-13T12:36:41.196570Z", "fetched_at": "2025-07-13T12:39:32.920671+00:00", "symbol": "DOGE-USD"}, {"trade_id": 138806507, "side": "buy", "size": "1203.90000000", "price": "0.19917000", "time": "2025-07-13T12:36:39.043188Z", "fetched_at": "2025-07-13T12:39:32.920671+00:00", "symbol": "DOGE-USD"}, {"trade_id": 138806506, "side": "buy", "size": "1299.40000000", "price": "0.19917000", "time": "2025-07-13T12:36:39.043188Z", "fetched_at": "2025-07-13T12:39:32.920671+00:00", "symbol": "DOGE-USD"}, {"trade_id": 138806505, "side": "buy", "size": "183.00000000", "price": "0.19917000", "time": "2025-07-13T12:36:39.043188Z", "fetched_at": "2025-07-13T12:39:32.920671+00:00", "symbol": "DOGE-USD"}, {"trade_id": 138806504, "side": "buy", "size": "265.20000000", "price": "0.19917000", "time": "2025-07-13T12:36:39.043188Z", "fetched_at": "2025-07-13T12:39:32.920671+00:00", "symbol": "DOGE-USD"}, {"trade_id": 138806503, "side": "sell", "size": "5.60000000", "price": "0.19916000", "time": "2025-07-13T12:36:38.297953Z", "fetched_at": "2025-07-13T12:39:32.920671+00:00", "symbol": "DOGE-USD"}, {"trade_id": 138806502, "side": "sell", "size": "5.60000000", "price": "0.19914000", "time": "2025-07-13T12:36:34.797296Z", "fetched_at": "2025-07-13T12:39:32.920671+00:00", "symbol": "DOGE-USD"}, {"trade_id": 138806501, "side": "buy", "size": "5.60000000", "price": "0.19915000", "time": "2025-07-13T12:36:13.176397Z", "fetched_at": "2025-07-13T12:39:32.920671+00:00", "symbol": "DOGE-USD"}, {"trade_id": 138806500, "side": "sell", "size": "5.60000000", "price": "0.19914000", "time": "2025-07-13T12:36:12.403422Z", "fetched_at": "2025-07-13T12:39:32.920671+00:00", "symbol": "DOGE-USD"}, {"trade_id": 138806499, "side": "sell", "size": "1251.00000000", "price": "0.19912000", "time": "2025-07-13T12:36:11.039090Z", "fetched_at": "2025-07-13T12:39:32.920671+00:00", "symbol": "DOGE-USD"}, {"trade_id": 138806498, "side": "sell", "size": "5.60000000", "price": "0.19912000", "time": "2025-07-13T12:36:11.039090Z", "fetched_at": "2025-07-13T12:39:32.920671+00:00", "symbol": "DOGE-USD"}, {"trade_id": 138806497, "side": "sell", "size": "5.60000000", "price": "0.19910000", "time": "2025-07-13T12:36:11.036392Z", "fetched_at": "2025-07-13T12:39:32.920671+00:00", "symbol": "DOGE-USD"}, {"trade_id": 138806496, "side": "sell", "size": "20.00000000", "price": "0.19907000", "time": "2025-07-13T12:36:08.463123Z", "fetched_at": "2025-07-13T12:39:32.920671+00:00", "symbol": "DOGE-USD"}, {"trade_id": 138806495, "side": "sell", "size": "181.50000000", "price": "0.19910000", "time": "2025-07-13T12:36:06.717444Z", "fetched_at": "2025-07-13T12:39:32.920671+00:00", "symbol": "DOGE-USD"}, {"trade_id": 138806494, "side": "sell", "size": "769.50000000", "price": "0.19910000", "time": "2025-07-13T12:36:06.717444Z", "fetched_at": "2025-07-13T12:39:32.920671+00:00", "symbol": "DOGE-USD"}, {"trade_id": 138806493, "side": "sell", "size": "5.60000000", "price": "0.19910000", "time": "2025-07-13T12:36:06.717444Z", "fetched_at": "2025-07-13T12:39:32.920671+00:00", "symbol": "DOGE-USD"}, {"trade_id": 138806492, "side": "sell", "size": "2755.30000000", "price": "0.19909000", "time": "2025-07-13T12:36:06.717444Z", "fetched_at": "2025-07-13T12:39:32.920671+00:00", "symbol": "DOGE-USD"}, {"trade_id": 138806491, "side": "sell", "size": "5307.60000000", "price": "0.19909000", "time": "2025-07-13T12:36:06.717444Z", "fetched_at": "2025-07-13T12:39:32.920671+00:00", "symbol": "DOGE-USD"}, {"trade_id": 138806490, "side": "sell", "size": "3562.40000000", "price": "0.19908000", "time": "2025-07-13T12:36:06.717444Z", "fetched_at": "2025-07-13T12:39:32.920671+00:00", "symbol": "DOGE-USD"}, {"trade_id": 138806489, "side": "sell", "size": "5293.10000000", "price": "0.19908000", "time": "2025-07-13T12:36:06.717444Z", "fetched_at": "2025-07-13T12:39:32.920671+00:00", "symbol": "DOGE-USD"}, {"trade_id": 138806488, "side": "sell", "size": "769.50000000", "price": "0.19908000", "time": "2025-07-13T12:36:06.717444Z", "fetched_at": "2025-07-13T12:39:32.920671+00:00", "symbol": "DOGE-USD"}, {"trade_id": 138806487, "side": "sell", "size": "50.60000000", "price": "0.19907000", "time": "2025-07-13T12:36:06.717444Z", "fetched_at": "2025-07-13T12:39:32.920671+00:00", "symbol": "DOGE-USD"}, {"trade_id": 138806486, "side": "sell", "size": "20.00000000", "price": "0.19906000", "time": "2025-07-13T12:36:06.717444Z", "fetched_at": "2025-07-13T12:39:32.920671+00:00", "symbol": "DOGE-USD"}, {"trade_id": 138806485, "side": "sell", "size": "1257.10000000", "price": "0.19905000", "time": "2025-07-13T12:36:06.717444Z", "fetched_at": "2025-07-13T12:39:32.920671+00:00", "symbol": "DOGE-USD"}, {"trade_id": 138806484, "side": "buy", "size": "25.70000000", "price": "0.19907000", "time": "2025-07-13T12:35:59.694148Z", "fetched_at": "2025-07-13T12:39:32.920671+00:00", "symbol": "DOGE-USD"}, {"trade_id": 138806483, "side": "sell", "size": "5.60000000", "price": "0.19908000", "time": "2025-07-13T12:35:55.938648Z", "fetched_at": "2025-07-13T12:39:32.920671+00:00", "symbol": "DOGE-USD"}, {"trade_id": 138806482, "side": "sell", "size": "17.60000000", "price": "0.19907000", "time": "2025-07-13T12:35:47.144024Z", "fetched_at": "2025-07-13T12:39:32.920671+00:00", "symbol": "DOGE-USD"}, {"trade_id": 138806481, "side": "sell", "size": "5.60000000", "price": "0.19906000", "time": "2025-07-13T12:35:47.144024Z", "fetched_at": "2025-07-13T12:39:32.920671+00:00", "symbol": "DOGE-USD"}, {"trade_id": 138806480, "side": "sell", "size": "50.60000000", "price": "0.19904000", "time": "2025-07-13T12:35:47.144024Z", "fetched_at": "2025-07-13T12:39:32.920671+00:00", "symbol": "DOGE-USD"}, {"trade_id": 138806479, "side": "sell", "size": "5.60000000", "price": "0.19904000", "time": "2025-07-13T12:35:47.144024Z", "fetched_at": "2025-07-13T12:39:32.920671+00:00", "symbol": "DOGE-USD"}, {"trade_id": 138806478, "side": "sell", "size": "20.10000000", "price": "0.19903000", "time": "2025-07-13T12:35:47.144024Z", "fetched_at": "2025-07-13T12:39:32.920671+00:00", "symbol": "DOGE-USD"}, {"trade_id": 138806477, "side": "sell", "size": "3015.80000000", "price": "0.19902000", "time": "2025-07-13T12:35:42.118596Z", "fetched_at": "2025-07-13T12:39:32.920671+00:00", "symbol": "DOGE-USD"}, {"trade_id": 138806476, "side": "sell", "size": "5.60000000", "price": "0.19902000", "time": "2025-07-13T12:35:42.118596Z", "fetched_at": "2025-07-13T12:39:32.920671+00:00", "symbol": "DOGE-USD"}, {"trade_id": 138806475, "side": "sell", "size": "53.40000000", "price": "0.19898000", "time": "2025-07-13T12:35:42.048476Z", "fetched_at": "2025-07-13T12:39:32.920671+00:00", "symbol": "DOGE-USD"}, {"trade_id": 138806474, "side": "buy", "size": "53.40000000", "price": "0.19897000", "time": "2025-07-13T12:35:37.248680Z", "fetched_at": "2025-07-13T12:39:32.920671+00:00", "symbol": "DOGE-USD"}, {"trade_id": 138806473, "side": "buy", "size": "5.60000000", "price": "0.19898000", "time": "2025-07-13T12:35:37.248680Z", "fetched_at": "2025-07-13T12:39:32.920671+00:00", "symbol": "DOGE-USD"}, {"trade_id": 138806472, "side": "buy", "size": "5.60000000", "price": "0.19900000", "time": "2025-07-13T12:35:36.724149Z", "fetched_at": "2025-07-13T12:39:32.920671+00:00", "symbol": "DOGE-USD"}, {"trade_id": 138806471, "side": "sell", "size": "23.80000000", "price": "0.19901000", "time": "2025-07-13T12:35:35.293458Z", "fetched_at": "2025-07-13T12:39:32.920671+00:00", "symbol": "DOGE-USD"}, {"trade_id": 138806470, "side": "sell", "size": "5.60000000", "price": "0.19908000", "time": "2025-07-13T12:35:27.200207Z", "fetched_at": "2025-07-13T12:39:32.920671+00:00", "symbol": "DOGE-USD"}, {"trade_id": 138806469, "side": "sell", "size": "5.60000000", "price": "0.19906000", "time": "2025-07-13T12:35:27.150906Z", "fetched_at": "2025-07-13T12:39:32.920671+00:00", "symbol": "DOGE-USD"}, {"trade_id": 138806468, "side": "sell", "size": "5.60000000", "price": "0.19904000", "time": "2025-07-13T12:35:26.669316Z", "fetched_at": "2025-07-13T12:39:32.920671+00:00", "symbol": "DOGE-USD"}, {"trade_id": 138806467, "side": "sell", "size": "5.60000000", "price": "0.19902000", "time": "2025-07-13T12:35:24.838563Z", "fetched_at": "2025-07-13T12:39:32.920671+00:00", "symbol": "DOGE-USD"}, {"trade_id": 138806466, "side": "sell", "size": "81.70000000", "price": "0.19901000", "time": "2025-07-13T12:35:24.745774Z", "fetched_at": "2025-07-13T12:39:32.920671+00:00", "symbol": "DOGE-USD"}, {"trade_id": 138806465, "side": "buy", "size": "5.60000000", "price": "0.19896000", "time": "2025-07-13T12:35:09.761585Z", "fetched_at": "2025-07-13T12:39:32.920671+00:00", "symbol": "DOGE-USD"}, {"trade_id": 138806464, "side": "buy", "size": "81.70000000", "price": "0.19896000", "time": "2025-07-13T12:35:09.761585Z", "fetched_at": "2025-07-13T12:39:32.920671+00:00", "symbol": "DOGE-USD"}, {"trade_id": 138806463, "side": "buy", "size": "5.60000000", "price": "0.19898000", "time": "2025-07-13T12:35:09.761585Z", "fetched_at": "2025-07-13T12:39:32.920671+00:00", "symbol": "DOGE-USD"}, {"trade_id": 138806462, "side": "buy", "size": "5.60000000", "price": "0.19900000", "time": "2025-07-13T12:35:09.761585Z", "fetched_at": "2025-07-13T12:39:32.920671+00:00", "symbol": "DOGE-USD"}, {"trade_id": 138806461, "side": "sell", "size": "0.90000000", "price": "0.19901000", "time": "2025-07-13T12:35:09.310439Z", "fetched_at": "2025-07-13T12:39:32.920671+00:00", "symbol": "DOGE-USD"}, {"trade_id": 138806460, "side": "buy", "size": "5.60000000", "price": "0.19902000", "time": "2025-07-13T12:35:09.218548Z", "fetched_at": "2025-07-13T12:39:32.920671+00:00", "symbol": "DOGE-USD"}, {"trade_id": 138806459, "side": "sell", "size": "1172.40000000", "price": "0.19908000", "time": "2025-07-13T12:34:56.760209Z", "fetched_at": "2025-07-13T12:39:32.920671+00:00", "symbol": "DOGE-USD"}, {"trade_id": 138806458, "side": "sell", "size": "18.60000000", "price": "0.19908000", "time": "2025-07-13T12:34:54.180325Z", "fetched_at": "2025-07-13T12:39:32.920671+00:00", "symbol": "DOGE-USD"}, {"trade_id": 138806457, "side": "sell", "size": "5.60000000", "price": "0.19908000", "time": "2025-07-13T12:34:54.180325Z", "fetched_at": "2025-07-13T12:39:32.920671+00:00", "symbol": "DOGE-USD"}, {"trade_id": 138806456, "side": "sell", "size": "5.60000000", "price": "0.19906000", "time": "2025-07-13T12:34:51.210627Z", "fetched_at": "2025-07-13T12:39:32.920671+00:00", "symbol": "DOGE-USD"}, {"trade_id": 138806455, "side": "sell", "size": "5.60000000", "price": "0.19904000", "time": "2025-07-13T12:34:51.170369Z", "fetched_at": "2025-07-13T12:39:32.920671+00:00", "symbol": "DOGE-USD"}, {"trade_id": 138806454, "side": "sell", "size": "5.60000000", "price": "0.19902000", "time": "2025-07-13T12:34:51.075614Z", "fetched_at": "2025-07-13T12:39:32.920671+00:00", "symbol": "DOGE-USD"}, {"trade_id": 138806453, "side": "sell", "size": "5.60000000", "price": "0.19900000", "time": "2025-07-13T12:34:49.883304Z", "fetched_at": "2025-07-13T12:39:32.920671+00:00", "symbol": "DOGE-USD"}, {"trade_id": 138806452, "side": "sell", "size": "5.60000000", "price": "0.19898000", "time": "2025-07-13T12:34:48.020380Z", "fetched_at": "2025-07-13T12:39:32.920671+00:00", "symbol": "DOGE-USD"}, {"trade_id": 138806451, "side": "sell", "size": "5.60000000", "price": "0.19896000", "time": "2025-07-13T12:34:47.985571Z", "fetched_at": "2025-07-13T12:39:32.920671+00:00", "symbol": "DOGE-USD"}, {"trade_id": 138806450, "side": "sell", "size": "5.60000000", "price": "0.19894000", "time": "2025-07-13T12:34:47.934099Z", "fetched_at": "2025-07-13T12:39:32.920671+00:00", "symbol": "DOGE-USD"}, {"trade_id": 138806449, "side": "sell", "size": "5.60000000", "price": "0.19892000", "time": "2025-07-13T12:34:47.387282Z", "fetched_at": "2025-07-13T12:39:32.920671+00:00", "symbol": "DOGE-USD"}, {"trade_id": 138806448, "side": "sell", "size": "125.50000000", "price": "0.19890000", "time": "2025-07-13T12:34:45.969785Z", "fetched_at": "2025-07-13T12:39:32.920671+00:00", "symbol": "DOGE-USD"}, {"trade_id": 138806447, "side": "sell", "size": "5.60000000", "price": "0.19890000", "time": "2025-07-13T12:34:45.969785Z", "fetched_at": "2025-07-13T12:39:32.920671+00:00", "symbol": "DOGE-USD"}, {"trade_id": 138806446, "side": "buy", "size": "51.50000000", "price": "0.19884000", "time": "2025-07-13T12:34:41.735479Z", "fetched_at": "2025-07-13T12:39:32.920671+00:00", "symbol": "DOGE-USD"}, {"trade_id": 138806445, "side": "sell", "size": "5.60000000", "price": "0.19890000", "time": "2025-07-13T12:34:38.947336Z", "fetched_at": "2025-07-13T12:39:32.920671+00:00", "symbol": "DOGE-USD"}, {"trade_id": 138806444, "side": "sell", "size": "5.60000000", "price": "0.19888000", "time": "2025-07-13T12:34:38.907333Z", "fetched_at": "2025-07-13T12:39:32.920671+00:00", "symbol": "DOGE-USD"}, {"trade_id": 138806443, "side": "sell", "size": "5.60000000", "price": "0.19886000", "time": "2025-07-13T12:34:38.745783Z", "fetched_at": "2025-07-13T12:39:32.920671+00:00", "symbol": "DOGE-USD"}, {"trade_id": 138806442, "side": "sell", "size": "5.60000000", "price": "0.19884000", "time": "2025-07-13T12:34:37.746811Z", "fetched_at": "2025-07-13T12:39:32.920671+00:00", "symbol": "DOGE-USD"}, {"trade_id": 138806441, "side": "sell", "size": "3018.40000000", "price": "0.19883000", "time": "2025-07-13T12:34:35.330991Z", "fetched_at": "2025-07-13T12:39:32.920671+00:00", "symbol": "DOGE-USD"}, {"trade_id": 138806440, "side": "sell", "size": "55.30000000", "price": "0.19882000", "time": "2025-07-13T12:34:35.330991Z", "fetched_at": "2025-07-13T12:39:32.920671+00:00", "symbol": "DOGE-USD"}, {"trade_id": 138806439, "side": "buy", "size": "5.60000000", "price": "0.19880000", "time": "2025-07-13T12:34:30.569149Z", "fetched_at": "2025-07-13T12:39:32.920671+00:00", "symbol": "DOGE-USD"}, {"trade_id": 138806438, "side": "buy", "size": "117016.50000000", "price": "0.19880000", "time": "2025-07-13T12:34:30.569149Z", "fetched_at": "2025-07-13T12:39:32.920671+00:00", "symbol": "DOGE-USD"}, {"trade_id": 138806437, "side": "buy", "size": "7501.90000000", "price": "0.19880000", "time": "2025-07-13T12:34:29.821419Z", "fetched_at": "2025-07-13T12:39:32.920671+00:00", "symbol": "DOGE-USD"}, {"trade_id": 138806436, "side": "buy", "size": "8216.70000000", "price": "0.19880000", "time": "2025-07-13T12:34:29.788232Z", "fetched_at": "2025-07-13T12:39:32.920671+00:00", "symbol": "DOGE-USD"}, {"trade_id": 138806435, "side": "buy", "size": "24893.90000000", "price": "0.19880000", "time": "2025-07-13T12:34:29.629640Z", "fetched_at": "2025-07-13T12:39:32.920671+00:00", "symbol": "DOGE-USD"}, {"trade_id": 138806434, "side": "buy", "size": "4474.80000000", "price": "0.19880000", "time": "2025-07-13T12:34:29.056898Z", "fetched_at": "2025-07-13T12:39:32.920671+00:00", "symbol": "DOGE-USD"}, {"trade_id": 138806433, "side": "buy", "size": "3313.20000000", "price": "0.19880000", "time": "2025-07-13T12:34:29.037979Z", "fetched_at": "2025-07-13T12:39:32.920671+00:00", "symbol": "DOGE-USD"}, {"trade_id": 138806432, "side": "buy", "size": "6255.00000000", "price": "0.19880000", "time": "2025-07-13T12:34:29.024732Z", "fetched_at": "2025-07-13T12:39:32.920671+00:00", "symbol": "DOGE-USD"}, {"trade_id": 138806431, "side": "buy", "size": "3316.40000000", "price": "0.19880000", "time": "2025-07-13T12:34:29.000353Z", "fetched_at": "2025-07-13T12:39:32.920671+00:00", "symbol": "DOGE-USD"}, {"trade_id": 138806430, "side": "buy", "size": "4018.10000000", "price": "0.19880000", "time": "2025-07-13T12:34:28.986930Z", "fetched_at": "2025-07-13T12:39:32.920671+00:00", "symbol": "DOGE-USD"}, {"trade_id": 138806429, "side": "buy", "size": "4020.10000000", "price": "0.19880000", "time": "2025-07-13T12:34:28.970501Z", "fetched_at": "2025-07-13T12:39:32.920671+00:00", "symbol": "DOGE-USD"}, {"trade_id": 138806428, "side": "buy", "size": "4522.40000000", "price": "0.19880000", "time": "2025-07-13T12:34:28.954711Z", "fetched_at": "2025-07-13T12:39:32.920671+00:00", "symbol": "DOGE-USD"}, {"trade_id": 138806427, "side": "buy", "size": "4379.30000000", "price": "0.19880000", "time": "2025-07-13T12:34:28.936999Z", "fetched_at": "2025-07-13T12:39:32.920671+00:00", "symbol": "DOGE-USD"}, {"trade_id": 138806426, "side": "buy", "size": "14756.50000000", "price": "0.19880000", "time": "2025-07-13T12:34:28.919360Z", "fetched_at": "2025-07-13T12:39:32.920671+00:00", "symbol": "DOGE-USD"}, {"trade_id": 138806425, "side": "buy", "size": "2896.50000000", "price": "0.19880000", "time": "2025-07-13T12:34:28.899501Z", "fetched_at": "2025-07-13T12:39:32.920671+00:00", "symbol": "DOGE-USD"}, {"trade_id": 138806424, "side": "buy", "size": "32098.90000000", "price": "0.19880000", "time": "2025-07-13T12:34:28.894438Z", "fetched_at": "2025-07-13T12:39:32.920671+00:00", "symbol": "DOGE-USD"}, {"trade_id": 138806423, "side": "buy", "size": "2708.80000000", "price": "0.19880000", "time": "2025-07-13T12:34:28.889492Z", "fetched_at": "2025-07-13T12:39:32.920671+00:00", "symbol": "DOGE-USD"}, {"trade_id": 138806422, "side": "buy", "size": "4968.70000000", "price": "0.19880000", "time": "2025-07-13T12:34:28.878418Z", "fetched_at": "2025-07-13T12:39:32.920671+00:00", "symbol": "DOGE-USD"}, {"trade_id": 138806421, "side": "buy", "size": "4402.50000000", "price": "0.19880000", "time": "2025-07-13T12:34:28.858871Z", "fetched_at": "2025-07-13T12:39:32.920671+00:00", "symbol": "DOGE-USD"}, {"trade_id": 138806420, "side": "buy", "size": "7742.70000000", "price": "0.19880000", "time": "2025-07-13T12:34:28.841917Z", "fetched_at": "2025-07-13T12:39:32.920671+00:00", "symbol": "DOGE-USD"}, {"trade_id": 138806419, "side": "buy", "size": "2820.30000000", "price": "0.19880000", "time": "2025-07-13T12:34:28.825686Z", "fetched_at": "2025-07-13T12:39:32.920671+00:00", "symbol": "DOGE-USD"}, {"trade_id": 138806418, "side": "buy", "size": "2905.60000000", "price": "0.19880000", "time": "2025-07-13T12:34:28.814734Z", "fetched_at": "2025-07-13T12:39:32.920671+00:00", "symbol": "DOGE-USD"}, {"trade_id": 138806417, "side": "buy", "size": "8610.10000000", "price": "0.19880000", "time": "2025-07-13T12:34:28.801426Z", "fetched_at": "2025-07-13T12:39:32.920671+00:00", "symbol": "DOGE-USD"}, {"trade_id": 138806416, "side": "buy", "size": "2714.10000000", "price": "0.19880000", "time": "2025-07-13T12:34:28.689010Z", "fetched_at": "2025-07-13T12:39:32.920671+00:00", "symbol": "DOGE-USD"}, {"trade_id": 138806415, "side": "buy", "size": "2532.30000000", "price": "0.19880000", "time": "2025-07-13T12:34:28.678290Z", "fetched_at": "2025-07-13T12:39:32.920671+00:00", "symbol": "DOGE-USD"}, {"trade_id": 138806414, "side": "buy", "size": "9561.90000000", "price": "0.19880000", "time": "2025-07-13T12:34:28.651485Z", "fetched_at": "2025-07-13T12:39:32.920671+00:00", "symbol": "DOGE-USD"}, {"trade_id": 138806413, "side": "buy", "size": "477.90000000", "price": "0.19880000", "time": "2025-07-13T12:34:28.628940Z", "fetched_at": "2025-07-13T12:39:32.920671+00:00", "symbol": "DOGE-USD"}, {"trade_id": 138806412, "side": "buy", "size": "20194.00000000", "price": "0.19880000", "time": "2025-07-13T12:34:28.618051Z", "fetched_at": "2025-07-13T12:39:32.920671+00:00", "symbol": "DOGE-USD"}, {"trade_id": 138806411, "side": "buy", "size": "12677.20000000", "price": "0.19880000", "time": "2025-07-13T12:34:28.607818Z", "fetched_at": "2025-07-13T12:39:32.920671+00:00", "symbol": "DOGE-USD"}, {"trade_id": 138806410, "side": "buy", "size": "11179.30000000", "price": "0.19880000", "time": "2025-07-13T12:34:28.607501Z", "fetched_at": "2025-07-13T12:39:32.920671+00:00", "symbol": "DOGE-USD"}, {"trade_id": 138806409, "side": "buy", "size": "16574.50000000", "price": "0.19880000", "time": "2025-07-13T12:34:28.607186Z", "fetched_at": "2025-07-13T12:39:32.920671+00:00", "symbol": "DOGE-USD"}, {"trade_id": 138806408, "side": "buy", "size": "25866.80000000", "price": "0.19880000", "time": "2025-07-13T12:34:28.601989Z", "fetched_at": "2025-07-13T12:39:32.920671+00:00", "symbol": "DOGE-USD"}, {"trade_id": 138806407, "side": "buy", "size": "2025.80000000", "price": "0.19880000", "time": "2025-07-13T12:34:28.598381Z", "fetched_at": "2025-07-13T12:39:32.920671+00:00", "symbol": "DOGE-USD"}, {"trade_id": 138806406, "side": "buy", "size": "121584.90000000", "price": "0.19880000", "time": "2025-07-13T12:34:28.594618Z", "fetched_at": "2025-07-13T12:39:32.920671+00:00", "symbol": "DOGE-USD"}, {"trade_id": 138806405, "side": "buy", "size": "108873.10000000", "price": "0.19880000", "time": "2025-07-13T12:34:28.589964Z", "fetched_at": "2025-07-13T12:39:32.920671+00:00", "symbol": "DOGE-USD"}, {"trade_id": 138806404, "side": "buy", "size": "5.60000000", "price": "0.19882000", "time": "2025-07-13T12:34:28.276066Z", "fetched_at": "2025-07-13T12:39:32.920671+00:00", "symbol": "DOGE-USD"}, {"trade_id": 138806403, "side": "buy", "size": "5.60000000", "price": "0.19884000", "time": "2025-07-13T12:34:27.260519Z", "fetched_at": "2025-07-13T12:39:32.920671+00:00", "symbol": "DOGE-USD"}, {"trade_id": 138806402, "side": "buy", "size": "5.60000000", "price": "0.19886000", "time": "2025-07-13T12:34:22.092419Z", "fetched_at": "2025-07-13T12:39:32.920671+00:00", "symbol": "DOGE-USD"}, {"trade_id": 138806401, "side": "buy", "size": "2000.00000000", "price": "0.19887000", "time": "2025-07-13T12:34:21.466381Z", "fetched_at": "2025-07-13T12:39:32.920671+00:00", "symbol": "DOGE-USD"}, {"trade_id": 138806400, "side": "buy", "size": "1689.30000000", "price": "0.19890000", "time": "2025-07-13T12:34:21.466381Z", "fetched_at": "2025-07-13T12:39:32.920671+00:00", "symbol": "DOGE-USD"}, {"trade_id": 138806399, "side": "buy", "size": "183.00000000", "price": "0.19890000", "time": "2025-07-13T12:34:21.464641Z", "fetched_at": "2025-07-13T12:39:32.920671+00:00", "symbol": "DOGE-USD"}, {"trade_id": 138806398, "side": "buy", "size": "127.70000000", "price": "0.19890000", "time": "2025-07-13T12:34:21.464494Z", "fetched_at": "2025-07-13T12:39:32.920671+00:00", "symbol": "DOGE-USD"}, {"trade_id": 138806397, "side": "buy", "size": "55.30000000", "price": "0.19891000", "time": "2025-07-13T12:34:21.464494Z", "fetched_at": "2025-07-13T12:39:32.920671+00:00", "symbol": "DOGE-USD"}, {"trade_id": 138806396, "side": "buy", "size": "3631.80000000", "price": "0.19888000", "time": "2025-07-13T12:34:21.455283Z", "fetched_at": "2025-07-13T12:39:32.920671+00:00", "symbol": "DOGE-USD"}, {"trade_id": 138806395, "side": "buy", "size": "10000.00000000", "price": "0.19888000", "time": "2025-07-13T12:34:21.455283Z", "fetched_at": "2025-07-13T12:39:32.920671+00:00", "symbol": "DOGE-USD"}, {"trade_id": 138806394, "side": "buy", "size": "769.50000000", "price": "0.19888000", "time": "2025-07-13T12:34:21.455283Z", "fetched_at": "2025-07-13T12:39:32.920671+00:00", "symbol": "DOGE-USD"}, {"trade_id": 138806393, "side": "buy", "size": "5.60000000", "price": "0.19888000", "time": "2025-07-13T12:34:21.455283Z", "fetched_at": "2025-07-13T12:39:32.920671+00:00", "symbol": "DOGE-USD"}, {"trade_id": 138806392, "side": "buy", "size": "5.60000000", "price": "0.19890000", "time": "2025-07-13T12:34:21.452051Z", "fetched_at": "2025-07-13T12:39:32.920671+00:00", "symbol": "DOGE-USD"}, {"trade_id": 138806391, "side": "buy", "size": "18512.60000000", "price": "0.19890000", "time": "2025-07-13T12:34:21.452051Z", "fetched_at": "2025-07-13T12:39:32.920671+00:00", "symbol": "DOGE-USD"}, {"trade_id": 138806390, "side": "buy", "size": "55.30000000", "price": "0.19891000", "time": "2025-07-13T12:34:21.452051Z", "fetched_at": "2025-07-13T12:39:32.920671+00:00", "symbol": "DOGE-USD"}, {"trade_id": 138806389, "side": "buy", "size": "654.50000000", "price": "0.19890000", "time": "2025-07-13T12:34:13.204936Z", "fetched_at": "2025-07-13T12:39:32.920671+00:00", "symbol": "DOGE-USD"}, {"trade_id": 138806388, "side": "buy", "size": "5.60000000", "price": "0.19890000", "time": "2025-07-13T12:34:13.204936Z", "fetched_at": "2025-07-13T12:39:32.920671+00:00", "symbol": "DOGE-USD"}, {"trade_id": 138806387, "side": "buy", "size": "55.30000000", "price": "0.19891000", "time": "2025-07-13T12:34:13.204936Z", "fetched_at": "2025-07-13T12:39:32.920671+00:00", "symbol": "DOGE-USD"}, {"trade_id": 138806386, "side": "buy", "size": "125.50000000", "price": "0.19891000", "time": "2025-07-13T12:34:13.204936Z", "fetched_at": "2025-07-13T12:39:32.920671+00:00", "symbol": "DOGE-USD"}, {"trade_id": 138806385, "side": "buy", "size": "1426.80000000", "price": "0.19892000", "time": "2025-07-13T12:34:13.204936Z", "fetched_at": "2025-07-13T12:39:32.920671+00:00", "symbol": "DOGE-USD"}, {"trade_id": 138806384, "side": "buy", "size": "5.60000000", "price": "0.19892000", "time": "2025-07-13T12:34:13.204936Z", "fetched_at": "2025-07-13T12:39:32.920671+00:00", "symbol": "DOGE-USD"}, {"trade_id": 138806383, "side": "buy", "size": "5.60000000", "price": "0.19894000", "time": "2025-07-13T12:34:13.204936Z", "fetched_at": "2025-07-13T12:39:32.920671+00:00", "symbol": "DOGE-USD"}, {"trade_id": 138806382, "side": "buy", "size": "5.60000000", "price": "0.19896000", "time": "2025-07-13T12:34:09.676980Z", "fetched_at": "2025-07-13T12:39:32.920671+00:00", "symbol": "DOGE-USD"}, {"trade_id": 138806381, "side": "buy", "size": "18516.70000000", "price": "0.19897000", "time": "2025-07-13T12:34:07.422989Z", "fetched_at": "2025-07-13T12:39:32.920671+00:00", "symbol": "DOGE-USD"}, {"trade_id": 138806380, "side": "buy", "size": "5.60000000", "price": "0.19898000", "time": "2025-07-13T12:34:07.406116Z", "fetched_at": "2025-07-13T12:39:32.920671+00:00", "symbol": "DOGE-USD"}, {"trade_id": 138806379, "side": "buy", "size": "5.60000000", "price": "0.19900000", "time": "2025-07-13T12:34:07.406116Z", "fetched_at": "2025-07-13T12:39:32.920671+00:00", "symbol": "DOGE-USD"}, {"trade_id": 138806378, "side": "buy", "size": "18560.50000000", "price": "0.19901000", "time": "2025-07-13T12:34:06.934682Z", "fetched_at": "2025-07-13T12:39:32.920671+00:00", "symbol": "DOGE-USD"}, {"trade_id": 138806377, "side": "buy", "size": "5.60000000", "price": "0.19902000", "time": "2025-07-13T12:34:06.934682Z", "fetched_at": "2025-07-13T12:39:32.920671+00:00", "symbol": "DOGE-USD"}, {"trade_id": 138806376, "side": "sell", "size": "212.90000000", "price": "0.19907000", "time": "2025-07-13T12:33:58.245904Z", "fetched_at": "2025-07-13T12:39:32.920671+00:00", "symbol": "DOGE-USD"}, {"trade_id": 138806375, "side": "sell", "size": "19.80000000", "price": "0.19906000", "time": "2025-07-13T12:33:58.245904Z", "fetched_at": "2025-07-13T12:39:32.920671+00:00", "symbol": "DOGE-USD"}, {"trade_id": 138806374, "side": "sell", "size": "5.60000000", "price": "0.19906000", "time": "2025-07-13T12:33:58.245904Z", "fetched_at": "2025-07-13T12:39:32.920671+00:00", "symbol": "DOGE-USD"}, {"trade_id": 138806373, "side": "buy", "size": "1347.20000000", "price": "0.19905000", "time": "2025-07-13T12:33:57.032663Z", "fetched_at": "2025-07-13T12:39:32.920671+00:00", "symbol": "DOGE-USD"}, {"trade_id": 138806372, "side": "buy", "size": "265.20000000", "price": "0.19905000", "time": "2025-07-13T12:33:57.032663Z", "fetched_at": "2025-07-13T12:39:32.920671+00:00", "symbol": "DOGE-USD"}, {"trade_id": 138806371, "side": "buy", "size": "183.00000000", "price": "0.19905000", "time": "2025-07-13T12:33:57.032663Z", "fetched_at": "2025-07-13T12:39:32.920671+00:00", "symbol": "DOGE-USD"}, {"trade_id": 138806370, "side": "buy", "size": "54.70000000", "price": "0.19905000", "time": "2025-07-13T12:33:43.356993Z", "fetched_at": "2025-07-13T12:39:32.920671+00:00", "symbol": "DOGE-USD"}, {"trade_id": 138806369, "side": "sell", "size": "165.30000000", "price": "0.19910000", "time": "2025-07-13T12:33:35.035691Z", "fetched_at": "2025-07-13T12:39:32.920671+00:00", "symbol": "DOGE-USD"}, {"trade_id": 138806368, "side": "sell", "size": "5.60000000", "price": "0.19910000", "time": "2025-07-13T12:33:35.035691Z", "fetched_at": "2025-07-13T12:39:32.920671+00:00", "symbol": "DOGE-USD"}, {"trade_id": 138806367, "side": "sell", "size": "23.50000000", "price": "0.19909000", "time": "2025-07-13T12:33:35.035691Z", "fetched_at": "2025-07-13T12:39:32.920671+00:00", "symbol": "DOGE-USD"}, {"trade_id": 138806366, "side": "sell", "size": "5.60000000", "price": "0.19908000", "time": "2025-07-13T12:33:35.035691Z", "fetched_at": "2025-07-13T12:39:32.920671+00:00", "symbol": "DOGE-USD"}, {"trade_id": 138806365, "side": "buy", "size": "120.00000000", "price": "0.19905000", "time": "2025-07-13T12:33:34.361145Z", "fetched_at": "2025-07-13T12:39:32.920671+00:00", "symbol": "DOGE-USD"}, {"trade_id": 138806364, "side": "buy", "size": "43.70000000", "price": "0.19907000", "time": "2025-07-13T12:33:32.399607Z", "fetched_at": "2025-07-13T12:39:32.920671+00:00", "symbol": "DOGE-USD"}, {"trade_id": 138806363, "side": "sell", "size": "5.60000000", "price": "0.19906000", "time": "2025-07-13T12:33:27.073209Z", "fetched_at": "2025-07-13T12:39:32.920671+00:00", "symbol": "DOGE-USD"}, {"trade_id": 138806362, "side": "sell", "size": "5.60000000", "price": "0.19904000", "time": "2025-07-13T12:33:25.961952Z", "fetched_at": "2025-07-13T12:39:32.920671+00:00", "symbol": "DOGE-USD"}, {"trade_id": 138806361, "side": "sell", "size": "3015.20000000", "price": "0.19903000", "time": "2025-07-13T12:33:25.885084Z", "fetched_at": "2025-07-13T12:39:32.920671+00:00", "symbol": "DOGE-USD"}, {"trade_id": 138806360, "side": "sell", "size": "1219.60000000", "price": "0.19898000", "time": "2025-07-13T12:33:23.657523Z", "fetched_at": "2025-07-13T12:39:32.920671+00:00", "symbol": "DOGE-USD"}, {"trade_id": 138806359, "side": "buy", "size": "78.70000000", "price": "0.19897000", "time": "2025-07-13T12:33:23.190101Z", "fetched_at": "2025-07-13T12:39:32.920671+00:00", "symbol": "DOGE-USD"}, {"trade_id": 138806358, "side": "buy", "size": "5.60000000", "price": "0.19898000", "time": "2025-07-13T12:33:23.190101Z", "fetched_at": "2025-07-13T12:39:32.920671+00:00", "symbol": "DOGE-USD"}, {"trade_id": 138806357, "side": "buy", "size": "642.10000000", "price": "0.19899000", "time": "2025-07-13T12:33:21.718154Z", "fetched_at": "2025-07-13T12:39:32.920671+00:00", "symbol": "DOGE-USD"}, {"trade_id": 138806356, "side": "buy", "size": "1354.20000000", "price": "0.19899000", "time": "2025-07-13T12:33:21.718154Z", "fetched_at": "2025-07-13T12:39:32.920671+00:00", "symbol": "DOGE-USD"}, {"trade_id": 138806355, "side": "buy", "size": "25.90000000", "price": "0.19900000", "time": "2025-07-13T12:33:19.907647Z", "fetched_at": "2025-07-13T12:39:32.920671+00:00", "symbol": "DOGE-USD"}, {"trade_id": 138806354, "side": "buy", "size": "5.60000000", "price": "0.19900000", "time": "2025-07-13T12:33:19.907647Z", "fetched_at": "2025-07-13T12:39:32.920671+00:00", "symbol": "DOGE-USD"}, {"trade_id": 138806353, "side": "buy", "size": "5.60000000", "price": "0.19902000", "time": "2025-07-13T12:33:19.907647Z", "fetched_at": "2025-07-13T12:39:32.920671+00:00", "symbol": "DOGE-USD"}, {"trade_id": 138806352, "side": "buy", "size": "5.60000000", "price": "0.19904000", "time": "2025-07-13T12:33:18.530225Z", "fetched_at": "2025-07-13T12:39:32.920671+00:00", "symbol": "DOGE-USD"}, {"trade_id": 138806351, "side": "sell", "size": "35.60000000", "price": "0.19905000", "time": "2025-07-13T12:33:12.916315Z", "fetched_at": "2025-07-13T12:39:32.920671+00:00", "symbol": "DOGE-USD"}, {"trade_id": 138806350, "side": "sell", "size": "48.40000000", "price": "0.19908000", "time": "2025-07-13T12:33:10.579564Z", "fetched_at": "2025-07-13T12:39:32.920671+00:00", "symbol": "DOGE-USD"}, {"trade_id": 138806349, "side": "sell", "size": "26.20000000", "price": "0.19907000", "time": "2025-07-13T12:33:10.579564Z", "fetched_at": "2025-07-13T12:39:32.920671+00:00", "symbol": "DOGE-USD"}, {"trade_id": 138806348, "side": "sell", "size": "717.10000000", "price": "0.19907000", "time": "2025-07-13T12:33:06.243892Z", "fetched_at": "2025-07-13T12:39:32.920671+00:00", "symbol": "DOGE-USD"}, {"trade_id": 138806347, "side": "sell", "size": "15.40000000", "price": "0.19906000", "time": "2025-07-13T12:33:06.243892Z", "fetched_at": "2025-07-13T12:39:32.920671+00:00", "symbol": "DOGE-USD"}, {"trade_id": 138806346, "side": "buy", "size": "19091.20000000", "price": "0.19906000", "time": "2025-07-13T12:33:03.032452Z", "fetched_at": "2025-07-13T12:39:32.920671+00:00", "symbol": "DOGE-USD"}, {"trade_id": 138806345, "side": "sell", "size": "5.60000000", "price": "0.19912000", "time": "2025-07-13T12:32:58.310488Z", "fetched_at": "2025-07-13T12:39:32.920671+00:00", "symbol": "DOGE-USD"}, {"trade_id": 138806344, "side": "sell", "size": "5.60000000", "price": "0.19910000", "time": "2025-07-13T12:32:58.209735Z", "fetched_at": "2025-07-13T12:39:32.920671+00:00", "symbol": "DOGE-USD"}, {"trade_id": 138806343, "side": "sell", "size": "241.00000000", "price": "0.19908000", "time": "2025-07-13T12:32:58.116508Z", "fetched_at": "2025-07-13T12:39:32.920671+00:00", "symbol": "DOGE-USD"}, {"trade_id": 138806342, "side": "sell", "size": "5.60000000", "price": "0.19908000", "time": "2025-07-13T12:32:58.116508Z", "fetched_at": "2025-07-13T12:39:32.920671+00:00", "symbol": "DOGE-USD"}, {"trade_id": 138806341, "side": "buy", "size": "102.30000000", "price": "0.19907000", "time": "2025-07-13T12:32:57.719007Z", "fetched_at": "2025-07-13T12:39:32.920671+00:00", "symbol": "DOGE-USD"}, {"trade_id": 138806340, "side": "buy", "size": "17.70000000", "price": "0.19907000", "time": "2025-07-13T12:32:57.719007Z", "fetched_at": "2025-07-13T12:39:32.920671+00:00", "symbol": "DOGE-USD"}, {"trade_id": 138806339, "side": "buy", "size": "265.20000000", "price": "0.19907000", "time": "2025-07-13T12:32:57.719007Z", "fetched_at": "2025-07-13T12:39:32.920671+00:00", "symbol": "DOGE-USD"}, {"trade_id": 138806338, "side": "sell", "size": "27.40000000", "price": "0.19907000", "time": "2025-07-13T12:32:57.147636Z", "fetched_at": "2025-07-13T12:39:32.920671+00:00", "symbol": "DOGE-USD"}, {"trade_id": 138806337, "side": "sell", "size": "5.60000000", "price": "0.19906000", "time": "2025-07-13T12:32:57.142621Z", "fetched_at": "2025-07-13T12:39:32.920671+00:00", "symbol": "DOGE-USD"}, {"trade_id": 138806336, "side": "sell", "size": "5.60000000", "price": "0.19904000", "time": "2025-07-13T12:32:55.406660Z", "fetched_at": "2025-07-13T12:39:32.920671+00:00", "symbol": "DOGE-USD"}, {"trade_id": 138806335, "side": "sell", "size": "3015.30000000", "price": "0.19902000", "time": "2025-07-13T12:32:55.075755Z", "fetched_at": "2025-07-13T12:39:32.920671+00:00", "symbol": "DOGE-USD"}, {"trade_id": 138806334, "side": "sell", "size": "5.60000000", "price": "0.19902000", "time": "2025-07-13T12:32:55.075755Z", "fetched_at": "2025-07-13T12:39:32.920671+00:00", "symbol": "DOGE-USD"}, {"trade_id": 138806333, "side": "buy", "size": "204.60000000", "price": "0.19899000", "time": "2025-07-13T12:32:53.694162Z", "fetched_at": "2025-07-13T12:39:32.920671+00:00", "symbol": "DOGE-USD"}, {"trade_id": 138806332, "side": "buy", "size": "121.80000000", "price": "0.19899000", "time": "2025-07-13T12:32:52.815994Z", "fetched_at": "2025-07-13T12:39:32.920671+00:00", "symbol": "DOGE-USD"}, {"trade_id": 138806331, "side": "buy", "size": "35.90000000", "price": "0.19894000", "time": "2025-07-13T12:32:43.156567Z", "fetched_at": "2025-07-13T12:39:32.920671+00:00", "symbol": "DOGE-USD"}, {"trade_id": 138806330, "side": "buy", "size": "5.60000000", "price": "0.19894000", "time": "2025-07-13T12:32:43.156567Z", "fetched_at": "2025-07-13T12:39:32.920671+00:00", "symbol": "DOGE-USD"}, {"trade_id": 138806329, "side": "buy", "size": "5.60000000", "price": "0.19896000", "time": "2025-07-13T12:32:43.108568Z", "fetched_at": "2025-07-13T12:39:32.920671+00:00", "symbol": "DOGE-USD"}, {"trade_id": 138806328, "side": "buy", "size": "19276.90000000", "price": "0.19898000", "time": "2025-07-13T12:32:43.105889Z", "fetched_at": "2025-07-13T12:39:32.920671+00:00", "symbol": "DOGE-USD"}, {"trade_id": 138806327, "side": "sell", "size": "5290.20000000", "price": "0.19899000", "time": "2025-07-13T12:32:37.628868Z", "fetched_at": "2025-07-13T12:39:32.920671+00:00", "symbol": "DOGE-USD"}, {"trade_id": 138806326, "side": "sell", "size": "23.80000000", "price": "0.19898000", "time": "2025-07-13T12:32:37.628868Z", "fetched_at": "2025-07-13T12:39:32.920671+00:00", "symbol": "DOGE-USD"}, {"trade_id": 138806325, "side": "sell", "size": "25.80000000", "price": "0.19895000", "time": "2025-07-13T12:32:32.044445Z", "fetched_at": "2025-07-13T12:39:32.920671+00:00", "symbol": "DOGE-USD"}, {"trade_id": 138806324, "side": "sell", "size": "13374.40000000", "price": "0.19896000", "time": "2025-07-13T12:32:32.036056Z", "fetched_at": "2025-07-13T12:39:32.920671+00:00", "symbol": "DOGE-USD"}, {"trade_id": 138806323, "side": "sell", "size": "5940.10000000", "price": "0.19896000", "time": "2025-07-13T12:32:32.035119Z", "fetched_at": "2025-07-13T12:39:32.920671+00:00", "symbol": "DOGE-USD"}, {"trade_id": 138806322, "side": "sell", "size": "3016.30000000", "price": "0.19895000", "time": "2025-07-13T12:32:32.033971Z", "fetched_at": "2025-07-13T12:39:32.920671+00:00", "symbol": "DOGE-USD"}, {"trade_id": 138806321, "side": "sell", "size": "25.80000000", "price": "0.19894000", "time": "2025-07-13T12:32:32.033971Z", "fetched_at": "2025-07-13T12:39:32.920671+00:00", "symbol": "DOGE-USD"}, {"trade_id": 138806320, "side": "sell", "size": "5510.50000000", "price": "0.19893000", "time": "2025-07-13T12:32:29.345402Z", "fetched_at": "2025-07-13T12:39:32.920671+00:00", "symbol": "DOGE-USD"}, {"trade_id": 138806319, "side": "sell", "size": "13808.20000000", "price": "0.19893000", "time": "2025-07-13T12:32:29.343483Z", "fetched_at": "2025-07-13T12:39:32.920671+00:00", "symbol": "DOGE-USD"}, {"trade_id": 138806318, "side": "sell", "size": "19318.70000000", "price": "0.19890000", "time": "2025-07-13T12:32:29.203392Z", "fetched_at": "2025-07-13T12:39:32.920671+00:00", "symbol": "DOGE-USD"}, {"trade_id": 138806317, "side": "sell", "size": "26.80000000", "price": "0.19889000", "time": "2025-07-13T12:32:29.203392Z", "fetched_at": "2025-07-13T12:39:32.920671+00:00", "symbol": "DOGE-USD"}, {"trade_id": 138806316, "side": "sell", "size": "7946.00000000", "price": "0.19889000", "time": "2025-07-13T12:32:29.160140Z", "fetched_at": "2025-07-13T12:39:32.920671+00:00", "symbol": "DOGE-USD"}, {"trade_id": 138806315, "side": "sell", "size": "26.80000000", "price": "0.19888000", "time": "2025-07-13T12:32:29.160140Z", "fetched_at": "2025-07-13T12:39:32.920671+00:00", "symbol": "DOGE-USD"}, {"trade_id": 138806314, "side": "buy", "size": "4901.90000000", "price": "0.19884000", "time": "2025-07-13T12:32:29.116956Z", "fetched_at": "2025-07-13T12:39:32.920671+00:00", "symbol": "DOGE-USD"}, {"trade_id": 138806313, "side": "buy", "size": "3674.70000000", "price": "0.19884000", "time": "2025-07-13T12:32:29.116956Z", "fetched_at": "2025-07-13T12:39:32.920671+00:00", "symbol": "DOGE-USD"}, {"trade_id": 138806312, "side": "buy", "size": "1173.00000000", "price": "0.19884000", "time": "2025-07-13T12:32:29.116956Z", "fetched_at": "2025-07-13T12:39:32.920671+00:00", "symbol": "DOGE-USD"}, {"trade_id": 138806311, "side": "buy", "size": "38.20000000", "price": "0.19885000", "time": "2025-07-13T12:32:29.116956Z", "fetched_at": "2025-07-13T12:39:32.920671+00:00", "symbol": "DOGE-USD"}, {"trade_id": 138806310, "side": "buy", "size": "265.20000000", "price": "0.19888000", "time": "2025-07-13T12:32:29.116956Z", "fetched_at": "2025-07-13T12:39:32.920671+00:00", "symbol": "DOGE-USD"}, {"trade_id": 138806309, "side": "buy", "size": "114.20000000", "price": "0.19885000", "time": "2025-07-13T12:32:29.047580Z", "fetched_at": "2025-07-13T12:39:32.920671+00:00", "symbol": "DOGE-USD"}, {"trade_id": 138806308, "side": "buy", "size": "1364.30000000", "price": "0.19887000", "time": "2025-07-13T12:32:29.047580Z", "fetched_at": "2025-07-13T12:39:32.920671+00:00", "symbol": "DOGE-USD"}, {"trade_id": 138806307, "side": "buy", "size": "1398.60000000", "price": "0.19888000", "time": "2025-07-13T12:32:29.047580Z", "fetched_at": "2025-07-13T12:39:32.920671+00:00", "symbol": "DOGE-USD"}, {"trade_id": 138806306, "side": "buy", "size": "70.90000000", "price": "0.19889000", "time": "2025-07-13T12:32:29.047580Z", "fetched_at": "2025-07-13T12:39:32.920671+00:00", "symbol": "DOGE-USD"}, {"trade_id": 138806305, "side": "sell", "size": "19307.80000000", "price": "0.19890000", "time": "2025-07-13T12:32:29.015771Z", "fetched_at": "2025-07-13T12:39:32.920671+00:00", "symbol": "DOGE-USD"}, {"trade_id": 138806304, "side": "sell", "size": "28.40000000", "price": "0.19889000", "time": "2025-07-13T12:32:29.015771Z", "fetched_at": "2025-07-13T12:39:32.920671+00:00", "symbol": "DOGE-USD"}, {"trade_id": 138806303, "side": "sell", "size": "19307.80000000", "price": "0.19888000", "time": "2025-07-13T12:32:28.841955Z", "fetched_at": "2025-07-13T12:39:32.920671+00:00", "symbol": "DOGE-USD"}, {"trade_id": 138806302, "side": "sell", "size": "19.60000000", "price": "0.19887000", "time": "2025-07-13T12:32:28.841955Z", "fetched_at": "2025-07-13T12:39:32.920671+00:00", "symbol": "DOGE-USD"}, {"trade_id": 138806301, "side": "buy", "size": "16174.90000000", "price": "0.19880000", "time": "2025-07-13T12:32:28.775663Z", "fetched_at": "2025-07-13T12:39:32.920671+00:00", "symbol": "DOGE-USD"}, {"trade_id": 138806300, "side": "buy", "size": "769.50000000", "price": "0.19882000", "time": "2025-07-13T12:32:28.775663Z", "fetched_at": "2025-07-13T12:39:32.920671+00:00", "symbol": "DOGE-USD"}, {"trade_id": 138806299, "side": "buy", "size": "5.60000000", "price": "0.19884000", "time": "2025-07-13T12:32:28.775663Z", "fetched_at": "2025-07-13T12:39:32.920671+00:00", "symbol": "DOGE-USD"}, {"trade_id": 138806298, "side": "buy", "size": "5.60000000", "price": "0.19888000", "time": "2025-07-13T12:32:28.697234Z", "fetched_at": "2025-07-13T12:39:32.920671+00:00", "symbol": "DOGE-USD"}, {"trade_id": 138806297, "side": "buy", "size": "500.00000000", "price": "0.19890000", "time": "2025-07-13T12:32:28.697234Z", "fetched_at": "2025-07-13T12:39:32.920671+00:00", "symbol": "DOGE-USD"}, {"trade_id": 138806296, "side": "buy", "size": "769.40000000", "price": "0.19889000", "time": "2025-07-13T12:32:28.689450Z", "fetched_at": "2025-07-13T12:39:32.920671+00:00", "symbol": "DOGE-USD"}, {"trade_id": 138806295, "side": "buy", "size": "1381.60000000", "price": "0.19895000", "time": "2025-07-13T12:32:28.687822Z", "fetched_at": "2025-07-13T12:39:32.920671+00:00", "symbol": "DOGE-USD"}, {"trade_id": 138806294, "side": "buy", "size": "241.00000000", "price": "0.19890000", "time": "2025-07-13T12:32:28.687394Z", "fetched_at": "2025-07-13T12:39:32.920671+00:00", "symbol": "DOGE-USD"}, {"trade_id": 138806293, "side": "buy", "size": "39.60000000", "price": "0.19897000", "time": "2025-07-13T12:32:28.686096Z", "fetched_at": "2025-07-13T12:39:32.920671+00:00", "symbol": "DOGE-USD"}, {"trade_id": 138806292, "side": "buy", "size": "3012.90000000", "price": "0.19894000", "time": "2025-07-13T12:32:28.601699Z", "fetched_at": "2025-07-13T12:39:32.920671+00:00", "symbol": "DOGE-USD"}, {"trade_id": 138806291, "side": "buy", "size": "183.00000000", "price": "0.19895000", "time": "2025-07-13T12:32:28.601699Z", "fetched_at": "2025-07-13T12:39:32.920671+00:00", "symbol": "DOGE-USD"}, {"trade_id": 138806290, "side": "buy", "size": "39.60000000", "price": "0.19895000", "time": "2025-07-13T12:32:28.601699Z", "fetched_at": "2025-07-13T12:39:32.920671+00:00", "symbol": "DOGE-USD"}, {"trade_id": 138806289, "side": "buy", "size": "4092.90000000", "price": "0.19898000", "time": "2025-07-13T12:32:28.601699Z", "fetched_at": "2025-07-13T12:39:32.920671+00:00", "symbol": "DOGE-USD"}, {"trade_id": 138806288, "side": "buy", "size": "26991.90000000", "price": "0.19892000", "time": "2025-07-13T12:32:28.596897Z", "fetched_at": "2025-07-13T12:39:32.920671+00:00", "symbol": "DOGE-USD"}, {"trade_id": 138806287, "side": "buy", "size": "5.60000000", "price": "0.19892000", "time": "2025-07-13T12:32:28.596897Z", "fetched_at": "2025-07-13T12:39:32.920671+00:00", "symbol": "DOGE-USD"}, {"trade_id": 138806286, "side": "buy", "size": "769.50000000", "price": "0.19892000", "time": "2025-07-13T12:32:28.596897Z", "fetched_at": "2025-07-13T12:39:32.920671+00:00", "symbol": "DOGE-USD"}, {"trade_id": 138806285, "side": "buy", "size": "5356.70000000", "price": "0.19893000", "time": "2025-07-13T12:32:28.596897Z", "fetched_at": "2025-07-13T12:39:32.920671+00:00", "symbol": "DOGE-USD"}, {"trade_id": 138806284, "side": "buy", "size": "141.90000000", "price": "0.19895000", "time": "2025-07-13T12:32:28.594657Z", "fetched_at": "2025-07-13T12:39:32.920671+00:00", "symbol": "DOGE-USD"}, {"trade_id": 138806283, "side": "buy", "size": "2018.60000000", "price": "0.19894000", "time": "2025-07-13T12:32:28.593390Z", "fetched_at": "2025-07-13T12:39:32.920671+00:00", "symbol": "DOGE-USD"}, {"trade_id": 138806282, "side": "sell", "size": "133.20000000", "price": "0.19897000", "time": "2025-07-13T12:32:28.593104Z", "fetched_at": "2025-07-13T12:39:32.920671+00:00", "symbol": "DOGE-USD"}, {"trade_id": 138806281, "side": "sell", "size": "368.90000000", "price": "0.19896000", "time": "2025-07-13T12:32:28.593104Z", "fetched_at": "2025-07-13T12:39:32.920671+00:00", "symbol": "DOGE-USD"}, {"trade_id": 138806280, "side": "sell", "size": "24.10000000", "price": "0.19896000", "time": "2025-07-13T12:32:28.593043Z", "fetched_at": "2025-07-13T12:39:32.920671+00:00", "symbol": "DOGE-USD"}, {"trade_id": 138806279, "side": "buy", "size": "6672.40000000", "price": "0.19894000", "time": "2025-07-13T12:32:28.586631Z", "fetched_at": "2025-07-13T12:39:32.920671+00:00", "symbol": "DOGE-USD"}, {"trade_id": 138806278, "side": "buy", "size": "769.50000000", "price": "0.19894000", "time": "2025-07-13T12:32:28.586631Z", "fetched_at": "2025-07-13T12:39:32.920671+00:00", "symbol": "DOGE-USD"}, {"trade_id": 138806277, "side": "buy", "size": "3769.60000000", "price": "0.19896000", "time": "2025-07-13T12:32:28.586121Z", "fetched_at": "2025-07-13T12:39:32.920671+00:00", "symbol": "DOGE-USD"}, {"trade_id": 138806276, "side": "buy", "size": "5.60000000", "price": "0.19896000", "time": "2025-07-13T12:32:28.586121Z", "fetched_at": "2025-07-13T12:39:32.920671+00:00", "symbol": "DOGE-USD"}, {"trade_id": 138806275, "side": "buy", "size": "769.50000000", "price": "0.19896000", "time": "2025-07-13T12:32:28.586121Z", "fetched_at": "2025-07-13T12:39:32.920671+00:00", "symbol": "DOGE-USD"}, {"trade_id": 138806274, "side": "buy", "size": "5.60000000", "price": "0.19898000", "time": "2025-07-13T12:32:28.586121Z", "fetched_at": "2025-07-13T12:39:32.920671+00:00", "symbol": "DOGE-USD"}, {"trade_id": 138806273, "side": "buy", "size": "55190.30000000", "price": "0.19898000", "time": "2025-07-13T12:32:28.586121Z", "fetched_at": "2025-07-13T12:39:32.920671+00:00", "symbol": "DOGE-USD"}, {"trade_id": 138806272, "side": "buy", "size": "7629.00000000", "price": "0.19898000", "time": "2025-07-13T12:32:28.583165Z", "fetched_at": "2025-07-13T12:39:32.920671+00:00", "symbol": "DOGE-USD"}, {"trade_id": 138806271, "side": "buy", "size": "769.50000000", "price": "0.19898000", "time": "2025-07-13T12:32:28.583165Z", "fetched_at": "2025-07-13T12:39:32.920671+00:00", "symbol": "DOGE-USD"}, {"trade_id": 138806270, "side": "buy", "size": "47922.20000000", "price": "0.19899000", "time": "2025-07-13T12:32:28.583165Z", "fetched_at": "2025-07-13T12:39:32.920671+00:00", "symbol": "DOGE-USD"}, {"trade_id": 138806269, "side": "buy", "size": "5.60000000", "price": "0.19900000", "time": "2025-07-13T12:32:28.583165Z", "fetched_at": "2025-07-13T12:39:32.920671+00:00", "symbol": "DOGE-USD"}, {"trade_id": 138806268, "side": "buy", "size": "5000.00000000", "price": "0.19901000", "time": "2025-07-13T12:32:28.583165Z", "fetched_at": "2025-07-13T12:39:32.920671+00:00", "symbol": "DOGE-USD"}, {"trade_id": 138806267, "side": "buy", "size": "5354.60000000", "price": "0.19901000", "time": "2025-07-13T12:32:28.583165Z", "fetched_at": "2025-07-13T12:39:32.920671+00:00", "symbol": "DOGE-USD"}, {"trade_id": 138806266, "side": "buy", "size": "769.50000000", "price": "0.19901000", "time": "2025-07-13T12:32:28.583165Z", "fetched_at": "2025-07-13T12:39:32.920671+00:00", "symbol": "DOGE-USD"}, {"trade_id": 138806265, "side": "buy", "size": "5.60000000", "price": "0.19902000", "time": "2025-07-13T12:32:28.583165Z", "fetched_at": "2025-07-13T12:39:32.920671+00:00", "symbol": "DOGE-USD"}, {"trade_id": 138806264, "side": "buy", "size": "769.50000000", "price": "0.19903000", "time": "2025-07-13T12:32:28.583165Z", "fetched_at": "2025-07-13T12:39:32.920671+00:00", "symbol": "DOGE-USD"}, {"trade_id": 138806263, "side": "buy", "size": "14399.30000000", "price": "0.19904000", "time": "2025-07-13T12:32:28.583165Z", "fetched_at": "2025-07-13T12:39:32.920671+00:00", "symbol": "DOGE-USD"}, {"trade_id": 138806262, "side": "buy", "size": "4928.10000000", "price": "0.19904000", "time": "2025-07-13T12:32:28.583040Z", "fetched_at": "2025-07-13T12:39:32.920671+00:00", "symbol": "DOGE-USD"}, {"trade_id": 138806261, "side": "buy", "size": "4191.90000000", "price": "0.19904000", "time": "2025-07-13T12:32:28.583040Z", "fetched_at": "2025-07-13T12:39:32.920671+00:00", "symbol": "DOGE-USD"}, {"trade_id": 138806260, "side": "buy", "size": "5.60000000", "price": "0.19904000", "time": "2025-07-13T12:32:28.583040Z", "fetched_at": "2025-07-13T12:39:32.920671+00:00", "symbol": "DOGE-USD"}, {"trade_id": 138806259, "side": "buy", "size": "2500.00000000", "price": "0.19905000", "time": "2025-07-13T12:32:28.583040Z", "fetched_at": "2025-07-13T12:39:32.920671+00:00", "symbol": "DOGE-USD"}, {"trade_id": 138806258, "side": "buy", "size": "5000.00000000", "price": "0.19905000", "time": "2025-07-13T12:32:28.583040Z", "fetched_at": "2025-07-13T12:39:32.920671+00:00", "symbol": "DOGE-USD"}, {"trade_id": 138806257, "side": "buy", "size": "10000.00000000", "price": "0.19905000", "time": "2025-07-13T12:32:28.583040Z", "fetched_at": "2025-07-13T12:39:32.920671+00:00", "symbol": "DOGE-USD"}, {"trade_id": 138806256, "side": "buy", "size": "1429.40000000", "price": "0.19905000", "time": "2025-07-13T12:32:28.583040Z", "fetched_at": "2025-07-13T12:39:32.920671+00:00", "symbol": "DOGE-USD"}, {"trade_id": 138806255, "side": "buy", "size": "5000.00000000", "price": "0.19905000", "time": "2025-07-13T12:32:28.583040Z", "fetched_at": "2025-07-13T12:39:32.920671+00:00", "symbol": "DOGE-USD"}, {"trade_id": 138806254, "side": "buy", "size": "769.50000000", "price": "0.19905000", "time": "2025-07-13T12:32:28.583040Z", "fetched_at": "2025-07-13T12:39:32.920671+00:00", "symbol": "DOGE-USD"}, {"trade_id": 138806253, "side": "buy", "size": "2000.00000000", "price": "0.19906000", "time": "2025-07-13T12:32:28.582755Z", "fetched_at": "2025-07-13T12:39:32.920671+00:00", "symbol": "DOGE-USD"}, {"trade_id": 138806252, "side": "buy", "size": "5.60000000", "price": "0.19906000", "time": "2025-07-13T12:32:28.582755Z", "fetched_at": "2025-07-13T12:39:32.920671+00:00", "symbol": "DOGE-USD"}, {"trade_id": 138806251, "side": "buy", "size": "5501.20000000", "price": "0.19907000", "time": "2025-07-13T12:32:28.582755Z", "fetched_at": "2025-07-13T12:39:32.920671+00:00", "symbol": "DOGE-USD"}, {"trade_id": 138806250, "side": "buy", "size": "4498.80000000", "price": "0.19907000", "time": "2025-07-13T12:32:28.582016Z", "fetched_at": "2025-07-13T12:39:32.920671+00:00", "symbol": "DOGE-USD"}, {"trade_id": 138806249, "side": "buy", "size": "2500.00000000", "price": "0.19907000", "time": "2025-07-13T12:32:28.582016Z", "fetched_at": "2025-07-13T12:39:32.920671+00:00", "symbol": "DOGE-USD"}, {"trade_id": 138806248, "side": "buy", "size": "3011.60000000", "price": "0.19907000", "time": "2025-07-13T12:32:28.582016Z", "fetched_at": "2025-07-13T12:39:32.920671+00:00", "symbol": "DOGE-USD"}, {"trade_id": 138806247, "side": "buy", "size": "769.50000000", "price": "0.19907000", "time": "2025-07-13T12:32:28.582016Z", "fetched_at": "2025-07-13T12:39:32.920671+00:00", "symbol": "DOGE-USD"}, {"trade_id": 138806246, "side": "buy", "size": "5.60000000", "price": "0.19908000", "time": "2025-07-13T12:32:28.582016Z", "fetched_at": "2025-07-13T12:39:32.920671+00:00", "symbol": "DOGE-USD"}, {"trade_id": 138806245, "side": "buy", "size": "769.50000000", "price": "0.19909000", "time": "2025-07-13T12:32:28.582016Z", "fetched_at": "2025-07-13T12:39:32.920671+00:00", "symbol": "DOGE-USD"}, {"trade_id": 138806244, "side": "buy", "size": "5.60000000", "price": "0.19910000", "time": "2025-07-13T12:32:28.582016Z", "fetched_at": "2025-07-13T12:39:32.920671+00:00", "symbol": "DOGE-USD"}, {"trade_id": 138806243, "side": "buy", "size": "1869.40000000", "price": "0.19912000", "time": "2025-07-13T12:32:28.581524Z", "fetched_at": "2025-07-13T12:39:32.920671+00:00", "symbol": "DOGE-USD"}, {"trade_id": 138806242, "side": "buy", "size": "769.50000000", "price": "0.19912000", "time": "2025-07-13T12:32:28.581524Z", "fetched_at": "2025-07-13T12:39:32.920671+00:00", "symbol": "DOGE-USD"}, {"trade_id": 138806241, "side": "buy", "size": "5.60000000", "price": "0.19912000", "time": "2025-07-13T12:32:28.581524Z", "fetched_at": "2025-07-13T12:39:32.920671+00:00", "symbol": "DOGE-USD"}, {"trade_id": 138806240, "side": "buy", "size": "1400.60000000", "price": "0.19913000", "time": "2025-07-13T12:32:28.581524Z", "fetched_at": "2025-07-13T12:39:32.920671+00:00", "symbol": "DOGE-USD"}, {"trade_id": 138806239, "side": "buy", "size": "39.70000000", "price": "0.19914000", "time": "2025-07-13T12:32:28.581524Z", "fetched_at": "2025-07-13T12:39:32.920671+00:00", "symbol": "DOGE-USD"}, {"trade_id": 138806238, "side": "buy", "size": "5.60000000", "price": "0.19914000", "time": "2025-07-13T12:32:28.581524Z", "fetched_at": "2025-07-13T12:39:32.920671+00:00", "symbol": "DOGE-USD"}, {"trade_id": 138806237, "side": "buy", "size": "5.60000000", "price": "0.19916000", "time": "2025-07-13T12:32:28.581524Z", "fetched_at": "2025-07-13T12:39:32.920671+00:00", "symbol": "DOGE-USD"}, {"trade_id": 138806236, "side": "buy", "size": "5.60000000", "price": "0.19918000", "time": "2025-07-13T12:32:26.664854Z", "fetched_at": "2025-07-13T12:39:32.920671+00:00", "symbol": "DOGE-USD"}, {"trade_id": 138806235, "side": "sell", "size": "67.20000000", "price": "0.19919000", "time": "2025-07-13T12:32:26.563965Z", "fetched_at": "2025-07-13T12:39:32.920671+00:00", "symbol": "DOGE-USD"}, {"trade_id": 138806234, "side": "buy", "size": "203.80000000", "price": "0.19921000", "time": "2025-07-13T12:32:22.050838Z", "fetched_at": "2025-07-13T12:39:32.920671+00:00", "symbol": "DOGE-USD"}, {"trade_id": 138806233, "side": "buy", "size": "55.20000000", "price": "0.19921000", "time": "2025-07-13T12:32:22.050838Z", "fetched_at": "2025-07-13T12:39:32.920671+00:00", "symbol": "DOGE-USD"}, {"trade_id": 138806232, "side": "buy", "size": "1253.80000000", "price": "0.19922000", "time": "2025-07-13T12:32:22.050838Z", "fetched_at": "2025-07-13T12:39:32.920671+00:00", "symbol": "DOGE-USD"}, {"trade_id": 138806231, "side": "buy", "size": "5.60000000", "price": "0.19920000", "time": "2025-07-13T12:32:19.596407Z", "fetched_at": "2025-07-13T12:39:32.920671+00:00", "symbol": "DOGE-USD"}, {"trade_id": 138806230, "side": "buy", "size": "5.60000000", "price": "0.19922000", "time": "2025-07-13T12:32:13.772579Z", "fetched_at": "2025-07-13T12:39:32.920671+00:00", "symbol": "DOGE-USD"}, {"trade_id": 138806229, "side": "buy", "size": "5.60000000", "price": "0.19924000", "time": "2025-07-13T12:32:12.928842Z", "fetched_at": "2025-07-13T12:39:32.920671+00:00", "symbol": "DOGE-USD"}, {"trade_id": 138806228, "side": "buy", "size": "5290.20000000", "price": "0.19925000", "time": "2025-07-13T12:32:10.253655Z", "fetched_at": "2025-07-13T12:39:32.920671+00:00", "symbol": "DOGE-USD"}, {"trade_id": 138806227, "side": "buy", "size": "5.60000000", "price": "0.19926000", "time": "2025-07-13T12:32:10.253655Z", "fetched_at": "2025-07-13T12:39:32.920671+00:00", "symbol": "DOGE-USD"}, {"trade_id": 138806226, "side": "sell", "size": "248.30000000", "price": "0.19929000", "time": "2025-07-13T12:32:03.192385Z", "fetched_at": "2025-07-13T12:39:32.920671+00:00", "symbol": "DOGE-USD"}, {"trade_id": 138806225, "side": "buy", "size": "2755.30000000", "price": "0.19927000", "time": "2025-07-13T12:32:00.023180Z", "fetched_at": "2025-07-13T12:39:32.920671+00:00", "symbol": "DOGE-USD"}, {"trade_id": 138806224, "side": "buy", "size": "55.20000000", "price": "0.19928000", "time": "2025-07-13T12:32:00.023180Z", "fetched_at": "2025-07-13T12:39:32.920671+00:00", "symbol": "DOGE-USD"}, {"trade_id": 138806223, "side": "buy", "size": "5.60000000", "price": "0.19928000", "time": "2025-07-13T12:32:00.023180Z", "fetched_at": "2025-07-13T12:39:32.920671+00:00", "symbol": "DOGE-USD"}, {"trade_id": 138806222, "side": "buy", "size": "5.60000000", "price": "0.19930000", "time": "2025-07-13T12:32:00.023180Z", "fetched_at": "2025-07-13T12:39:32.920671+00:00", "symbol": "DOGE-USD"}, {"trade_id": 138806221, "side": "sell", "size": "565.70000000", "price": "0.19931000", "time": "2025-07-13T12:31:59.778425Z", "fetched_at": "2025-07-13T12:39:32.920671+00:00", "symbol": "DOGE-USD"}, {"trade_id": 138806220, "side": "sell", "size": "5.60000000", "price": "0.19938000", "time": "2025-07-13T12:31:52.729155Z", "fetched_at": "2025-07-13T12:39:32.920671+00:00", "symbol": "DOGE-USD"}, {"trade_id": 138806219, "side": "sell", "size": "5.60000000", "price": "0.19936000", "time": "2025-07-13T12:31:51.254983Z", "fetched_at": "2025-07-13T12:39:32.920671+00:00", "symbol": "DOGE-USD"}, {"trade_id": 138806218, "side": "sell", "size": "1.40000000", "price": "0.19934000", "time": "2025-07-13T12:31:50.435380Z", "fetched_at": "2025-07-13T12:39:32.920671+00:00", "symbol": "DOGE-USD"}, {"trade_id": 138806217, "side": "buy", "size": "19443.80000000", "price": "0.19932000", "time": "2025-07-13T12:31:46.399443Z", "fetched_at": "2025-07-13T12:39:32.920671+00:00", "symbol": "DOGE-USD"}, {"trade_id": 138806216, "side": "buy", "size": "55.20000000", "price": "0.19933000", "time": "2025-07-13T12:31:46.399443Z", "fetched_at": "2025-07-13T12:39:32.920671+00:00", "symbol": "DOGE-USD"}, {"trade_id": 138806215, "side": "sell", "size": "5.60000000", "price": "0.19942000", "time": "2025-07-13T12:31:44.110136Z", "fetched_at": "2025-07-13T12:39:32.920671+00:00", "symbol": "DOGE-USD"}, {"trade_id": 138806214, "side": "sell", "size": "5.60000000", "price": "0.19940000", "time": "2025-07-13T12:31:44.110136Z", "fetched_at": "2025-07-13T12:39:32.920671+00:00", "symbol": "DOGE-USD"}, {"trade_id": 138806213, "side": "sell", "size": "5.60000000", "price": "0.19938000", "time": "2025-07-13T12:31:44.104128Z", "fetched_at": "2025-07-13T12:39:32.920671+00:00", "symbol": "DOGE-USD"}, {"trade_id": 138806212, "side": "sell", "size": "5.60000000", "price": "0.19936000", "time": "2025-07-13T12:31:42.180822Z", "fetched_at": "2025-07-13T12:39:32.920671+00:00", "symbol": "DOGE-USD"}, {"trade_id": 138806211, "side": "sell", "size": "5.60000000", "price": "0.19934000", "time": "2025-07-13T12:31:42.151475Z", "fetched_at": "2025-07-13T12:39:32.920671+00:00", "symbol": "DOGE-USD"}, {"trade_id": 138806210, "side": "sell", "size": "5.60000000", "price": "0.19932000", "time": "2025-07-13T12:31:42.073028Z", "fetched_at": "2025-07-13T12:39:32.920671+00:00", "symbol": "DOGE-USD"}, {"trade_id": 138806209, "side": "sell", "size": "1615.10000000", "price": "0.19925000", "time": "2025-07-13T12:31:40.650851Z", "fetched_at": "2025-07-13T12:39:32.920671+00:00", "symbol": "DOGE-USD"}, {"trade_id": 138806208, "side": "sell", "size": "244.10000000", "price": "0.19925000", "time": "2025-07-13T12:31:40.648520Z", "fetched_at": "2025-07-13T12:39:32.920671+00:00", "symbol": "DOGE-USD"}, {"trade_id": 138806207, "side": "sell", "size": "2878.70000000", "price": "0.19925000", "time": "2025-07-13T12:31:40.648449Z", "fetched_at": "2025-07-13T12:39:32.920671+00:00", "symbol": "DOGE-USD"}, {"trade_id": 138806206, "side": "sell", "size": "5.60000000", "price": "0.19928000", "time": "2025-07-13T12:31:40.642893Z", "fetched_at": "2025-07-13T12:39:32.920671+00:00", "symbol": "DOGE-USD"}, {"trade_id": 138806205, "side": "sell", "size": "5290.40000000", "price": "0.19928000", "time": "2025-07-13T12:31:40.642893Z", "fetched_at": "2025-07-13T12:39:32.920671+00:00", "symbol": "DOGE-USD"}, {"trade_id": 138806204, "side": "sell", "size": "5563.50000000", "price": "0.19928000", "time": "2025-07-13T12:31:40.642893Z", "fetched_at": "2025-07-13T12:39:32.920671+00:00", "symbol": "DOGE-USD"}, {"trade_id": 138806203, "side": "sell", "size": "5563.50000000", "price": "0.19927000", "time": "2025-07-13T12:31:40.641382Z", "fetched_at": "2025-07-13T12:39:32.920671+00:00", "symbol": "DOGE-USD"}, {"trade_id": 138806202, "side": "sell", "size": "1863.20000000", "price": "0.19926000", "time": "2025-07-13T12:31:40.641382Z", "fetched_at": "2025-07-13T12:39:32.920671+00:00", "symbol": "DOGE-USD"}, {"trade_id": 138806201, "side": "sell", "size": "1352.10000000", "price": "0.19926000", "time": "2025-07-13T12:31:40.641382Z", "fetched_at": "2025-07-13T12:39:32.920671+00:00", "symbol": "DOGE-USD"}, {"trade_id": 138806200, "side": "sell", "size": "5.60000000", "price": "0.19926000", "time": "2025-07-13T12:31:40.641382Z", "fetched_at": "2025-07-13T12:39:32.920671+00:00", "symbol": "DOGE-USD"}, {"trade_id": 138806199, "side": "sell", "size": "2000.00000000", "price": "0.19926000", "time": "2025-07-13T12:31:40.641382Z", "fetched_at": "2025-07-13T12:39:32.920671+00:00", "symbol": "DOGE-USD"}, {"trade_id": 138806198, "side": "sell", "size": "769.50000000", "price": "0.19921000", "time": "2025-07-13T12:31:40.641382Z", "fetched_at": "2025-07-13T12:39:32.920671+00:00", "symbol": "DOGE-USD"}, {"trade_id": 138806197, "side": "sell", "size": "5563.50000000", "price": "0.19925000", "time": "2025-07-13T12:31:40.633454Z", "fetched_at": "2025-07-13T12:39:32.920671+00:00", "symbol": "DOGE-USD"}, {"trade_id": 138806196, "side": "sell", "size": "5560.70000000", "price": "0.19924000", "time": "2025-07-13T12:31:40.632330Z", "fetched_at": "2025-07-13T12:39:32.920671+00:00", "symbol": "DOGE-USD"}, {"trade_id": 138806195, "side": "sell", "size": "5.60000000", "price": "0.19924000", "time": "2025-07-13T12:31:40.632330Z", "fetched_at": "2025-07-13T12:39:32.920671+00:00", "symbol": "DOGE-USD"}, {"trade_id": 138806194, "side": "sell", "size": "769.50000000", "price": "0.19924000", "time": "2025-07-13T12:31:40.632330Z", "fetched_at": "2025-07-13T12:39:32.920671+00:00", "symbol": "DOGE-USD"}, {"trade_id": 138806193, "side": "sell", "size": "769.50000000", "price": "0.19922000", "time": "2025-07-13T12:31:40.630712Z", "fetched_at": "2025-07-13T12:39:32.920671+00:00", "symbol": "DOGE-USD"}, {"trade_id": 138806192, "side": "sell", "size": "5.60000000", "price": "0.19922000", "time": "2025-07-13T12:31:40.630712Z", "fetched_at": "2025-07-13T12:39:32.920671+00:00", "symbol": "DOGE-USD"}, {"trade_id": 138806191, "side": "buy", "size": "18756.60000000", "price": "0.19916000", "time": "2025-07-13T12:31:36.616128Z", "fetched_at": "2025-07-13T12:39:32.920671+00:00", "symbol": "DOGE-USD"}, {"trade_id": 138806190, "side": "buy", "size": "5.60000000", "price": "0.19916000", "time": "2025-07-13T12:31:36.616128Z", "fetched_at": "2025-07-13T12:39:32.920671+00:00", "symbol": "DOGE-USD"}