[{"trade_id": 138812392, "side": "buy", "size": "2000.00000000", "price": "0.20093000", "time": "2025-07-13T13:39:21.803129Z", "fetched_at": "2025-07-13T13:39:32.727619+00:00", "symbol": "DOGE-USD"}, {"trade_id": 138812391, "side": "sell", "size": "5.50000000", "price": "0.20094000", "time": "2025-07-13T13:39:19.249208Z", "fetched_at": "2025-07-13T13:39:32.727619+00:00", "symbol": "DOGE-USD"}, {"trade_id": 138812390, "side": "buy", "size": "1762.20000000", "price": "0.20091000", "time": "2025-07-13T13:39:16.374025Z", "fetched_at": "2025-07-13T13:39:32.727619+00:00", "symbol": "DOGE-USD"}, {"trade_id": 138812389, "side": "buy", "size": "1269.70000000", "price": "0.20091000", "time": "2025-07-13T13:39:16.374025Z", "fetched_at": "2025-07-13T13:39:32.727619+00:00", "symbol": "DOGE-USD"}, {"trade_id": 138812388, "side": "buy", "size": "1262.90000000", "price": "0.20092000", "time": "2025-07-13T13:39:16.374025Z", "fetched_at": "2025-07-13T13:39:32.727619+00:00", "symbol": "DOGE-USD"}, {"trade_id": 138812387, "side": "buy", "size": "183.00000000", "price": "0.20093000", "time": "2025-07-13T13:39:16.374025Z", "fetched_at": "2025-07-13T13:39:32.727619+00:00", "symbol": "DOGE-USD"}, {"trade_id": 138812386, "side": "buy", "size": "1397.10000000", "price": "0.20093000", "time": "2025-07-13T13:39:16.374025Z", "fetched_at": "2025-07-13T13:39:32.727619+00:00", "symbol": "DOGE-USD"}, {"trade_id": 138812385, "side": "sell", "size": "5.50000000", "price": "0.20092000", "time": "2025-07-13T13:39:12.825255Z", "fetched_at": "2025-07-13T13:39:32.727619+00:00", "symbol": "DOGE-USD"}, {"trade_id": 138812384, "side": "sell", "size": "3132.60000000", "price": "0.20091000", "time": "2025-07-13T13:39:12.487102Z", "fetched_at": "2025-07-13T13:39:32.727619+00:00", "symbol": "DOGE-USD"}, {"trade_id": 138812383, "side": "sell", "size": "559.60000000", "price": "0.20089000", "time": "2025-07-13T13:39:12.487102Z", "fetched_at": "2025-07-13T13:39:32.727619+00:00", "symbol": "DOGE-USD"}, {"trade_id": 138812382, "side": "buy", "size": "36145.70000000", "price": "0.20086000", "time": "2025-07-13T13:39:08.690312Z", "fetched_at": "2025-07-13T13:39:32.727619+00:00", "symbol": "DOGE-USD"}, {"trade_id": 138812381, "side": "buy", "size": "5000.00000000", "price": "0.20085000", "time": "2025-07-13T13:39:08.689982Z", "fetched_at": "2025-07-13T13:39:32.727619+00:00", "symbol": "DOGE-USD"}, {"trade_id": 138812380, "side": "buy", "size": "2986.50000000", "price": "0.20086000", "time": "2025-07-13T13:39:08.689982Z", "fetched_at": "2025-07-13T13:39:32.727619+00:00", "symbol": "DOGE-USD"}, {"trade_id": 138812379, "side": "buy", "size": "7025.60000000", "price": "0.20087000", "time": "2025-07-13T13:39:08.683770Z", "fetched_at": "2025-07-13T13:39:32.727619+00:00", "symbol": "DOGE-USD"}, {"trade_id": 138812378, "side": "buy", "size": "4535.70000000", "price": "0.20087000", "time": "2025-07-13T13:39:08.683770Z", "fetched_at": "2025-07-13T13:39:32.727619+00:00", "symbol": "DOGE-USD"}, {"trade_id": 138812377, "side": "buy", "size": "9507.00000000", "price": "0.20087000", "time": "2025-07-13T13:39:08.683770Z", "fetched_at": "2025-07-13T13:39:32.727619+00:00", "symbol": "DOGE-USD"}, {"trade_id": 138812376, "side": "buy", "size": "2000.00000000", "price": "0.20089000", "time": "2025-07-13T13:39:08.683375Z", "fetched_at": "2025-07-13T13:39:32.727619+00:00", "symbol": "DOGE-USD"}, {"trade_id": 138812375, "side": "sell", "size": "5.50000000", "price": "0.20090000", "time": "2025-07-13T13:39:05.959801Z", "fetched_at": "2025-07-13T13:39:32.727619+00:00", "symbol": "DOGE-USD"}, {"trade_id": 138812374, "side": "sell", "size": "5.50000000", "price": "0.20088000", "time": "2025-07-13T13:39:04.287856Z", "fetched_at": "2025-07-13T13:39:32.727619+00:00", "symbol": "DOGE-USD"}, {"trade_id": 138812373, "side": "sell", "size": "9641.80000000", "price": "0.20087000", "time": "2025-07-13T13:39:04.269021Z", "fetched_at": "2025-07-13T13:39:32.727619+00:00", "symbol": "DOGE-USD"}, {"trade_id": 138812372, "side": "sell", "size": "2810.90000000", "price": "0.20087000", "time": "2025-07-13T13:39:04.268420Z", "fetched_at": "2025-07-13T13:39:32.727619+00:00", "symbol": "DOGE-USD"}, {"trade_id": 138812371, "side": "sell", "size": "5.50000000", "price": "0.20086000", "time": "2025-07-13T13:39:04.107744Z", "fetched_at": "2025-07-13T13:39:32.727619+00:00", "symbol": "DOGE-USD"}, {"trade_id": 138812370, "side": "sell", "size": "5.50000000", "price": "0.20084000", "time": "2025-07-13T13:39:02.160685Z", "fetched_at": "2025-07-13T13:39:32.727619+00:00", "symbol": "DOGE-USD"}, {"trade_id": 138812369, "side": "sell", "size": "756.30000000", "price": "0.20083000", "time": "2025-07-13T13:39:02.074861Z", "fetched_at": "2025-07-13T13:39:32.727619+00:00", "symbol": "DOGE-USD"}, {"trade_id": 138812368, "side": "sell", "size": "5.50000000", "price": "0.20082000", "time": "2025-07-13T13:39:01.921257Z", "fetched_at": "2025-07-13T13:39:32.727619+00:00", "symbol": "DOGE-USD"}, {"trade_id": 138812367, "side": "sell", "size": "17965.70000000", "price": "0.20081000", "time": "2025-07-13T13:39:01.896571Z", "fetched_at": "2025-07-13T13:39:32.727619+00:00", "symbol": "DOGE-USD"}, {"trade_id": 138812366, "side": "sell", "size": "7214.00000000", "price": "0.20081000", "time": "2025-07-13T13:39:01.896571Z", "fetched_at": "2025-07-13T13:39:32.727619+00:00", "symbol": "DOGE-USD"}, {"trade_id": 138812365, "side": "sell", "size": "3364.50000000", "price": "0.20081000", "time": "2025-07-13T13:39:01.896571Z", "fetched_at": "2025-07-13T13:39:32.727619+00:00", "symbol": "DOGE-USD"}, {"trade_id": 138812364, "side": "sell", "size": "5.50000000", "price": "0.20080000", "time": "2025-07-13T13:39:01.892867Z", "fetched_at": "2025-07-13T13:39:32.727619+00:00", "symbol": "DOGE-USD"}, {"trade_id": 138812363, "side": "sell", "size": "282.40000000", "price": "0.20079000", "time": "2025-07-13T13:39:01.892867Z", "fetched_at": "2025-07-13T13:39:32.727619+00:00", "symbol": "DOGE-USD"}, {"trade_id": 138812362, "side": "sell", "size": "3323.20000000", "price": "0.20078000", "time": "2025-07-13T13:39:01.887459Z", "fetched_at": "2025-07-13T13:39:32.727619+00:00", "symbol": "DOGE-USD"}, {"trade_id": 138812361, "side": "sell", "size": "1994.50000000", "price": "0.20078000", "time": "2025-07-13T13:39:01.884282Z", "fetched_at": "2025-07-13T13:39:32.727619+00:00", "symbol": "DOGE-USD"}, {"trade_id": 138812360, "side": "sell", "size": "5.50000000", "price": "0.20078000", "time": "2025-07-13T13:39:01.884282Z", "fetched_at": "2025-07-13T13:39:32.727619+00:00", "symbol": "DOGE-USD"}, {"trade_id": 138812359, "side": "sell", "size": "3905.80000000", "price": "0.20077000", "time": "2025-07-13T13:39:01.879967Z", "fetched_at": "2025-07-13T13:39:32.727619+00:00", "symbol": "DOGE-USD"}, {"trade_id": 138812358, "side": "sell", "size": "1973.00000000", "price": "0.20077000", "time": "2025-07-13T13:39:01.879967Z", "fetched_at": "2025-07-13T13:39:32.727619+00:00", "symbol": "DOGE-USD"}, {"trade_id": 138812357, "side": "sell", "size": "7992.60000000", "price": "0.20077000", "time": "2025-07-13T13:39:01.879701Z", "fetched_at": "2025-07-13T13:39:32.727619+00:00", "symbol": "DOGE-USD"}, {"trade_id": 138812356, "side": "sell", "size": "5.50000000", "price": "0.20076000", "time": "2025-07-13T13:39:01.879701Z", "fetched_at": "2025-07-13T13:39:32.727619+00:00", "symbol": "DOGE-USD"}, {"trade_id": 138812355, "side": "sell", "size": "5.50000000", "price": "0.20074000", "time": "2025-07-13T13:38:52.444840Z", "fetched_at": "2025-07-13T13:39:32.727619+00:00", "symbol": "DOGE-USD"}, {"trade_id": 138812354, "side": "sell", "size": "5.50000000", "price": "0.20072000", "time": "2025-07-13T13:38:52.397127Z", "fetched_at": "2025-07-13T13:39:32.727619+00:00", "symbol": "DOGE-USD"}, {"trade_id": 138812353, "side": "buy", "size": "119.10000000", "price": "0.20064000", "time": "2025-07-13T13:38:47.826317Z", "fetched_at": "2025-07-13T13:39:32.727619+00:00", "symbol": "DOGE-USD"}, {"trade_id": 138812352, "side": "buy", "size": "5.50000000", "price": "0.20066000", "time": "2025-07-13T13:38:47.826317Z", "fetched_at": "2025-07-13T13:39:32.727619+00:00", "symbol": "DOGE-USD"}, {"trade_id": 138812351, "side": "sell", "size": "5.50000000", "price": "0.20070000", "time": "2025-07-13T13:38:28.647534Z", "fetched_at": "2025-07-13T13:39:32.727619+00:00", "symbol": "DOGE-USD"}, {"trade_id": 138812350, "side": "sell", "size": "5.50000000", "price": "0.20068000", "time": "2025-07-13T13:38:28.508248Z", "fetched_at": "2025-07-13T13:39:32.727619+00:00", "symbol": "DOGE-USD"}, {"trade_id": 138812349, "side": "sell", "size": "5.50000000", "price": "0.20066000", "time": "2025-07-13T13:38:26.588940Z", "fetched_at": "2025-07-13T13:39:32.727619+00:00", "symbol": "DOGE-USD"}, {"trade_id": 138812348, "side": "sell", "size": "1181.70000000", "price": "0.20064000", "time": "2025-07-13T13:38:17.672990Z", "fetched_at": "2025-07-13T13:39:32.727619+00:00", "symbol": "DOGE-USD"}, {"trade_id": 138812347, "side": "sell", "size": "139.30000000", "price": "0.20064000", "time": "2025-07-13T13:38:10.792169Z", "fetched_at": "2025-07-13T13:39:32.727619+00:00", "symbol": "DOGE-USD"}, {"trade_id": 138812346, "side": "sell", "size": "5.50000000", "price": "0.20064000", "time": "2025-07-13T13:38:10.792169Z", "fetched_at": "2025-07-13T13:39:32.727619+00:00", "symbol": "DOGE-USD"}, {"trade_id": 138812345, "side": "sell", "size": "5.50000000", "price": "0.20062000", "time": "2025-07-13T13:38:10.792169Z", "fetched_at": "2025-07-13T13:39:32.727619+00:00", "symbol": "DOGE-USD"}, {"trade_id": 138812344, "side": "buy", "size": "2.30000000", "price": "0.20060000", "time": "2025-07-13T13:38:10.436099Z", "fetched_at": "2025-07-13T13:39:32.727619+00:00", "symbol": "DOGE-USD"}, {"trade_id": 138812343, "side": "sell", "size": "10827.50000000", "price": "0.20060000", "time": "2025-07-13T13:38:09.683946Z", "fetched_at": "2025-07-13T13:39:32.727619+00:00", "symbol": "DOGE-USD"}, {"trade_id": 138812342, "side": "sell", "size": "881.90000000", "price": "0.20060000", "time": "2025-07-13T13:38:04.186835Z", "fetched_at": "2025-07-13T13:39:32.727619+00:00", "symbol": "DOGE-USD"}, {"trade_id": 138812341, "side": "buy", "size": "3235.20000000", "price": "0.20058000", "time": "2025-07-13T13:38:03.771043Z", "fetched_at": "2025-07-13T13:39:32.727619+00:00", "symbol": "DOGE-USD"}, {"trade_id": 138812340, "side": "buy", "size": "5.50000000", "price": "0.20058000", "time": "2025-07-13T13:38:03.771043Z", "fetched_at": "2025-07-13T13:39:32.727619+00:00", "symbol": "DOGE-USD"}, {"trade_id": 138812339, "side": "buy", "size": "4189.10000000", "price": "0.20060000", "time": "2025-07-13T13:38:03.761074Z", "fetched_at": "2025-07-13T13:39:32.727619+00:00", "symbol": "DOGE-USD"}, {"trade_id": 138812338, "side": "buy", "size": "5.50000000", "price": "0.20060000", "time": "2025-07-13T13:38:03.761074Z", "fetched_at": "2025-07-13T13:39:32.727619+00:00", "symbol": "DOGE-USD"}, {"trade_id": 138812337, "side": "buy", "size": "10000.00000000", "price": "0.20061000", "time": "2025-07-13T13:38:03.761074Z", "fetched_at": "2025-07-13T13:39:32.727619+00:00", "symbol": "DOGE-USD"}, {"trade_id": 138812336, "side": "buy", "size": "2000.00000000", "price": "0.20063000", "time": "2025-07-13T13:38:03.758723Z", "fetched_at": "2025-07-13T13:39:32.727619+00:00", "symbol": "DOGE-USD"}, {"trade_id": 138812335, "side": "sell", "size": "1227.40000000", "price": "0.20065000", "time": "2025-07-13T13:37:59.871571Z", "fetched_at": "2025-07-13T13:39:32.727619+00:00", "symbol": "DOGE-USD"}, {"trade_id": 138812334, "side": "sell", "size": "5.50000000", "price": "0.20064000", "time": "2025-07-13T13:37:59.871571Z", "fetched_at": "2025-07-13T13:39:32.727619+00:00", "symbol": "DOGE-USD"}, {"trade_id": 138812333, "side": "sell", "size": "676.00000000", "price": "0.20060000", "time": "2025-07-13T13:37:58.680348Z", "fetched_at": "2025-07-13T13:39:32.727619+00:00", "symbol": "DOGE-USD"}, {"trade_id": 138812332, "side": "buy", "size": "2000.00000000", "price": "0.20058000", "time": "2025-07-13T13:37:57.195381Z", "fetched_at": "2025-07-13T13:39:32.727619+00:00", "symbol": "DOGE-USD"}, {"trade_id": 138812331, "side": "sell", "size": "4486.30000000", "price": "0.20061000", "time": "2025-07-13T13:37:52.784908Z", "fetched_at": "2025-07-13T13:39:32.727619+00:00", "symbol": "DOGE-USD"}, {"trade_id": 138812330, "side": "sell", "size": "5.50000000", "price": "0.20060000", "time": "2025-07-13T13:37:52.781050Z", "fetched_at": "2025-07-13T13:39:32.727619+00:00", "symbol": "DOGE-USD"}, {"trade_id": 138812329, "side": "sell", "size": "857.20000000", "price": "0.20060000", "time": "2025-07-13T13:37:52.781050Z", "fetched_at": "2025-07-13T13:39:32.727619+00:00", "symbol": "DOGE-USD"}, {"trade_id": 138812328, "side": "sell", "size": "205.60000000", "price": "0.20059000", "time": "2025-07-13T13:37:51.366326Z", "fetched_at": "2025-07-13T13:39:32.727619+00:00", "symbol": "DOGE-USD"}, {"trade_id": 138812327, "side": "buy", "size": "1519.10000000", "price": "0.20057000", "time": "2025-07-13T13:37:44.902992Z", "fetched_at": "2025-07-13T13:39:32.727619+00:00", "symbol": "DOGE-USD"}, {"trade_id": 138812326, "side": "buy", "size": "1323.60000000", "price": "0.20059000", "time": "2025-07-13T13:37:44.902992Z", "fetched_at": "2025-07-13T13:39:32.727619+00:00", "symbol": "DOGE-USD"}, {"trade_id": 138812325, "side": "sell", "size": "5.50000000", "price": "0.20056000", "time": "2025-07-13T13:37:43.659933Z", "fetched_at": "2025-07-13T13:39:32.727619+00:00", "symbol": "DOGE-USD"}, {"trade_id": 138812324, "side": "sell", "size": "17444.70000000", "price": "0.20045000", "time": "2025-07-13T13:37:40.419722Z", "fetched_at": "2025-07-13T13:39:32.727619+00:00", "symbol": "DOGE-USD"}, {"trade_id": 138812323, "side": "buy", "size": "5.50000000", "price": "0.20044000", "time": "2025-07-13T13:37:40.181002Z", "fetched_at": "2025-07-13T13:39:32.727619+00:00", "symbol": "DOGE-USD"}, {"trade_id": 138812322, "side": "buy", "size": "5.50000000", "price": "0.20046000", "time": "2025-07-13T13:37:38.014775Z", "fetched_at": "2025-07-13T13:39:32.727619+00:00", "symbol": "DOGE-USD"}, {"trade_id": 138812321, "side": "buy", "size": "5.50000000", "price": "0.20048000", "time": "2025-07-13T13:37:38.014775Z", "fetched_at": "2025-07-13T13:39:32.727619+00:00", "symbol": "DOGE-USD"}, {"trade_id": 138812320, "side": "buy", "size": "5.50000000", "price": "0.20050000", "time": "2025-07-13T13:37:37.562652Z", "fetched_at": "2025-07-13T13:39:32.727619+00:00", "symbol": "DOGE-USD"}, {"trade_id": 138812319, "side": "buy", "size": "5.50000000", "price": "0.20052000", "time": "2025-07-13T13:37:37.562652Z", "fetched_at": "2025-07-13T13:39:32.727619+00:00", "symbol": "DOGE-USD"}, {"trade_id": 138812318, "side": "buy", "size": "5.50000000", "price": "0.20054000", "time": "2025-07-13T13:37:37.148965Z", "fetched_at": "2025-07-13T13:39:32.727619+00:00", "symbol": "DOGE-USD"}, {"trade_id": 138812317, "side": "buy", "size": "5000.00000000", "price": "0.20055000", "time": "2025-07-13T13:37:36.336121Z", "fetched_at": "2025-07-13T13:39:32.727619+00:00", "symbol": "DOGE-USD"}, {"trade_id": 138812316, "side": "buy", "size": "5.50000000", "price": "0.20056000", "time": "2025-07-13T13:37:36.334192Z", "fetched_at": "2025-07-13T13:39:32.727619+00:00", "symbol": "DOGE-USD"}, {"trade_id": 138812315, "side": "buy", "size": "5.50000000", "price": "0.20058000", "time": "2025-07-13T13:37:36.329700Z", "fetched_at": "2025-07-13T13:39:32.727619+00:00", "symbol": "DOGE-USD"}, {"trade_id": 138812314, "side": "buy", "size": "5.50000000", "price": "0.20060000", "time": "2025-07-13T13:37:36.308712Z", "fetched_at": "2025-07-13T13:39:32.727619+00:00", "symbol": "DOGE-USD"}, {"trade_id": 138812313, "side": "buy", "size": "5.50000000", "price": "0.20062000", "time": "2025-07-13T13:37:35.448494Z", "fetched_at": "2025-07-13T13:39:32.727619+00:00", "symbol": "DOGE-USD"}, {"trade_id": 138812312, "side": "buy", "size": "18027.90000000", "price": "0.20064000", "time": "2025-07-13T13:37:30.885245Z", "fetched_at": "2025-07-13T13:39:32.727619+00:00", "symbol": "DOGE-USD"}, {"trade_id": 138812311, "side": "buy", "size": "5.50000000", "price": "0.20064000", "time": "2025-07-13T13:37:30.885245Z", "fetched_at": "2025-07-13T13:39:32.727619+00:00", "symbol": "DOGE-USD"}, {"trade_id": 138812310, "side": "buy", "size": "1781.60000000", "price": "0.20065000", "time": "2025-07-13T13:37:30.884937Z", "fetched_at": "2025-07-13T13:39:32.727619+00:00", "symbol": "DOGE-USD"}, {"trade_id": 138812309, "side": "buy", "size": "14.10000000", "price": "0.20066000", "time": "2025-07-13T13:37:30.884937Z", "fetched_at": "2025-07-13T13:39:32.727619+00:00", "symbol": "DOGE-USD"}, {"trade_id": 138812308, "side": "sell", "size": "23.60000000", "price": "0.20068000", "time": "2025-07-13T13:37:30.828014Z", "fetched_at": "2025-07-13T13:39:32.727619+00:00", "symbol": "DOGE-USD"}, {"trade_id": 138812307, "side": "buy", "size": "2000.00000000", "price": "0.20068000", "time": "2025-07-13T13:37:30.797003Z", "fetched_at": "2025-07-13T13:39:32.727619+00:00", "symbol": "DOGE-USD"}, {"trade_id": 138812306, "side": "buy", "size": "1709.10000000", "price": "0.20066000", "time": "2025-07-13T13:37:28.783195Z", "fetched_at": "2025-07-13T13:39:32.727619+00:00", "symbol": "DOGE-USD"}, {"trade_id": 138812305, "side": "buy", "size": "5.50000000", "price": "0.20066000", "time": "2025-07-13T13:37:28.783195Z", "fetched_at": "2025-07-13T13:39:32.727619+00:00", "symbol": "DOGE-USD"}, {"trade_id": 138812304, "side": "buy", "size": "1414.40000000", "price": "0.20067000", "time": "2025-07-13T13:37:28.783195Z", "fetched_at": "2025-07-13T13:39:32.727619+00:00", "symbol": "DOGE-USD"}, {"trade_id": 138812303, "side": "buy", "size": "10000.00000000", "price": "0.20067000", "time": "2025-07-13T13:37:28.783195Z", "fetched_at": "2025-07-13T13:39:32.727619+00:00", "symbol": "DOGE-USD"}, {"trade_id": 138812302, "side": "buy", "size": "13.60000000", "price": "0.20068000", "time": "2025-07-13T13:37:28.783195Z", "fetched_at": "2025-07-13T13:39:32.727619+00:00", "symbol": "DOGE-USD"}, {"trade_id": 138812301, "side": "buy", "size": "5.50000000", "price": "0.20068000", "time": "2025-07-13T13:37:28.783195Z", "fetched_at": "2025-07-13T13:39:32.727619+00:00", "symbol": "DOGE-USD"}, {"trade_id": 138812300, "side": "buy", "size": "2000.00000000", "price": "0.20069000", "time": "2025-07-13T13:37:28.783195Z", "fetched_at": "2025-07-13T13:39:32.727619+00:00", "symbol": "DOGE-USD"}, {"trade_id": 138812299, "side": "buy", "size": "13.60000000", "price": "0.20070000", "time": "2025-07-13T13:37:28.635471Z", "fetched_at": "2025-07-13T13:39:32.727619+00:00", "symbol": "DOGE-USD"}, {"trade_id": 138812298, "side": "buy", "size": "5.50000000", "price": "0.20070000", "time": "2025-07-13T13:37:28.635471Z", "fetched_at": "2025-07-13T13:39:32.727619+00:00", "symbol": "DOGE-USD"}, {"trade_id": 138812297, "side": "buy", "size": "5000.00000000", "price": "0.20071000", "time": "2025-07-13T13:37:26.649127Z", "fetched_at": "2025-07-13T13:39:32.727619+00:00", "symbol": "DOGE-USD"}, {"trade_id": 138812296, "side": "buy", "size": "5.50000000", "price": "0.20072000", "time": "2025-07-13T13:37:26.649127Z", "fetched_at": "2025-07-13T13:39:32.727619+00:00", "symbol": "DOGE-USD"}, {"trade_id": 138812295, "side": "buy", "size": "17.00000000", "price": "0.20073000", "time": "2025-07-13T13:37:26.649127Z", "fetched_at": "2025-07-13T13:39:32.727619+00:00", "symbol": "DOGE-USD"}, {"trade_id": 138812294, "side": "buy", "size": "5.50000000", "price": "0.20074000", "time": "2025-07-13T13:37:26.526368Z", "fetched_at": "2025-07-13T13:39:32.727619+00:00", "symbol": "DOGE-USD"}, {"trade_id": 138812293, "side": "buy", "size": "5.50000000", "price": "0.20076000", "time": "2025-07-13T13:37:25.879786Z", "fetched_at": "2025-07-13T13:39:32.727619+00:00", "symbol": "DOGE-USD"}, {"trade_id": 138812292, "side": "buy", "size": "10000.00000000", "price": "0.20077000", "time": "2025-07-13T13:37:25.440149Z", "fetched_at": "2025-07-13T13:39:32.727619+00:00", "symbol": "DOGE-USD"}, {"trade_id": 138812291, "side": "buy", "size": "11.60000000", "price": "0.20078000", "time": "2025-07-13T13:37:25.440149Z", "fetched_at": "2025-07-13T13:39:32.727619+00:00", "symbol": "DOGE-USD"}, {"trade_id": 138812290, "side": "buy", "size": "5.50000000", "price": "0.20078000", "time": "2025-07-13T13:37:25.440149Z", "fetched_at": "2025-07-13T13:39:32.727619+00:00", "symbol": "DOGE-USD"}, {"trade_id": 138812289, "side": "buy", "size": "5.50000000", "price": "0.20080000", "time": "2025-07-13T13:37:25.440149Z", "fetched_at": "2025-07-13T13:39:32.727619+00:00", "symbol": "DOGE-USD"}, {"trade_id": 138812288, "side": "buy", "size": "12.10000000", "price": "0.20082000", "time": "2025-07-13T13:37:22.217397Z", "fetched_at": "2025-07-13T13:39:32.727619+00:00", "symbol": "DOGE-USD"}, {"trade_id": 138812287, "side": "buy", "size": "5.50000000", "price": "0.20082000", "time": "2025-07-13T13:37:20.698769Z", "fetched_at": "2025-07-13T13:39:32.727619+00:00", "symbol": "DOGE-USD"}, {"trade_id": 138812286, "side": "buy", "size": "233.30000000", "price": "0.20083000", "time": "2025-07-13T13:37:19.236889Z", "fetched_at": "2025-07-13T13:39:32.727619+00:00", "symbol": "DOGE-USD"}, {"trade_id": 138812285, "side": "buy", "size": "15.60000000", "price": "0.20084000", "time": "2025-07-13T13:37:19.236889Z", "fetched_at": "2025-07-13T13:39:32.727619+00:00", "symbol": "DOGE-USD"}, {"trade_id": 138812284, "side": "sell", "size": "183.00000000", "price": "0.20083000", "time": "2025-07-13T13:37:18.175421Z", "fetched_at": "2025-07-13T13:39:32.727619+00:00", "symbol": "DOGE-USD"}, {"trade_id": 138812283, "side": "sell", "size": "1190.20000000", "price": "0.20083000", "time": "2025-07-13T13:37:18.175421Z", "fetched_at": "2025-07-13T13:39:32.727619+00:00", "symbol": "DOGE-USD"}, {"trade_id": 138812282, "side": "buy", "size": "133.00000000", "price": "0.20082000", "time": "2025-07-13T13:37:12.330330Z", "fetched_at": "2025-07-13T13:39:32.727619+00:00", "symbol": "DOGE-USD"}, {"trade_id": 138812281, "side": "buy", "size": "16.30000000", "price": "0.20083000", "time": "2025-07-13T13:37:12.330330Z", "fetched_at": "2025-07-13T13:39:32.727619+00:00", "symbol": "DOGE-USD"}, {"trade_id": 138812280, "side": "sell", "size": "1258.30000000", "price": "0.20088000", "time": "2025-07-13T13:37:08.201696Z", "fetched_at": "2025-07-13T13:39:32.727619+00:00", "symbol": "DOGE-USD"}, {"trade_id": 138812279, "side": "sell", "size": "482.40000000", "price": "0.20088000", "time": "2025-07-13T13:37:04.767934Z", "fetched_at": "2025-07-13T13:39:32.727619+00:00", "symbol": "DOGE-USD"}, {"trade_id": 138812278, "side": "sell", "size": "5.50000000", "price": "0.20088000", "time": "2025-07-13T13:37:04.767934Z", "fetched_at": "2025-07-13T13:39:32.727619+00:00", "symbol": "DOGE-USD"}, {"trade_id": 138812277, "side": "sell", "size": "5.50000000", "price": "0.20086000", "time": "2025-07-13T13:37:04.767934Z", "fetched_at": "2025-07-13T13:39:32.727619+00:00", "symbol": "DOGE-USD"}, {"trade_id": 138812276, "side": "buy", "size": "62.00000000", "price": "0.20085000", "time": "2025-07-13T13:37:03.164662Z", "fetched_at": "2025-07-13T13:39:32.727619+00:00", "symbol": "DOGE-USD"}, {"trade_id": 138812275, "side": "sell", "size": "5.50000000", "price": "0.20084000", "time": "2025-07-13T13:37:01.057434Z", "fetched_at": "2025-07-13T13:39:32.727619+00:00", "symbol": "DOGE-USD"}, {"trade_id": 138812274, "side": "sell", "size": "5.50000000", "price": "0.20082000", "time": "2025-07-13T13:37:00.218544Z", "fetched_at": "2025-07-13T13:39:32.727619+00:00", "symbol": "DOGE-USD"}, {"trade_id": 138812273, "side": "sell", "size": "5.50000000", "price": "0.20080000", "time": "2025-07-13T13:37:00.122618Z", "fetched_at": "2025-07-13T13:39:32.727619+00:00", "symbol": "DOGE-USD"}, {"trade_id": 138812272, "side": "sell", "size": "7499.00000000", "price": "0.20078000", "time": "2025-07-13T13:36:59.677228Z", "fetched_at": "2025-07-13T13:39:32.727619+00:00", "symbol": "DOGE-USD"}, {"trade_id": 138812271, "side": "sell", "size": "5.50000000", "price": "0.20078000", "time": "2025-07-13T13:36:59.677228Z", "fetched_at": "2025-07-13T13:39:32.727619+00:00", "symbol": "DOGE-USD"}, {"trade_id": 138812270, "side": "sell", "size": "5663.00000000", "price": "0.20077000", "time": "2025-07-13T13:36:59.676942Z", "fetched_at": "2025-07-13T13:39:32.727619+00:00", "symbol": "DOGE-USD"}, {"trade_id": 138812269, "side": "sell", "size": "6789.70000000", "price": "0.20077000", "time": "2025-07-13T13:36:59.676557Z", "fetched_at": "2025-07-13T13:39:32.727619+00:00", "symbol": "DOGE-USD"}, {"trade_id": 138812268, "side": "sell", "size": "5.50000000", "price": "0.20076000", "time": "2025-07-13T13:36:59.676557Z", "fetched_at": "2025-07-13T13:39:32.727619+00:00", "symbol": "DOGE-USD"}, {"trade_id": 138812267, "side": "sell", "size": "344.20000000", "price": "0.20075000", "time": "2025-07-13T13:36:58.416770Z", "fetched_at": "2025-07-13T13:39:32.727619+00:00", "symbol": "DOGE-USD"}, {"trade_id": 138812266, "side": "sell", "size": "5.50000000", "price": "0.20074000", "time": "2025-07-13T13:36:58.212265Z", "fetched_at": "2025-07-13T13:39:32.727619+00:00", "symbol": "DOGE-USD"}, {"trade_id": 138812265, "side": "sell", "size": "7.90000000", "price": "0.20073000", "time": "2025-07-13T13:36:55.009614Z", "fetched_at": "2025-07-13T13:39:32.727619+00:00", "symbol": "DOGE-USD"}, {"trade_id": 138812264, "side": "sell", "size": "5.50000000", "price": "0.20072000", "time": "2025-07-13T13:36:55.009614Z", "fetched_at": "2025-07-13T13:39:32.727619+00:00", "symbol": "DOGE-USD"}, {"trade_id": 138812263, "side": "sell", "size": "10.00000000", "price": "0.20071000", "time": "2025-07-13T13:36:55.009614Z", "fetched_at": "2025-07-13T13:39:32.727619+00:00", "symbol": "DOGE-USD"}, {"trade_id": 138812262, "side": "sell", "size": "9965.60000000", "price": "0.20070000", "time": "2025-07-13T13:36:53.736780Z", "fetched_at": "2025-07-13T13:39:32.727619+00:00", "symbol": "DOGE-USD"}, {"trade_id": 138812261, "side": "sell", "size": "12458.30000000", "price": "0.20070000", "time": "2025-07-13T13:36:53.736780Z", "fetched_at": "2025-07-13T13:39:32.727619+00:00", "symbol": "DOGE-USD"}, {"trade_id": 138812260, "side": "sell", "size": "5.50000000", "price": "0.20070000", "time": "2025-07-13T13:36:53.736780Z", "fetched_at": "2025-07-13T13:39:32.727619+00:00", "symbol": "DOGE-USD"}, {"trade_id": 138812259, "side": "sell", "size": "86.80000000", "price": "0.20067000", "time": "2025-07-13T13:36:50.479799Z", "fetched_at": "2025-07-13T13:39:32.727619+00:00", "symbol": "DOGE-USD"}, {"trade_id": 138812258, "side": "sell", "size": "10.00000000", "price": "0.20066000", "time": "2025-07-13T13:36:50.479799Z", "fetched_at": "2025-07-13T13:39:32.727619+00:00", "symbol": "DOGE-USD"}, {"trade_id": 138812257, "side": "sell", "size": "94.50000000", "price": "0.20065000", "time": "2025-07-13T13:36:49.793666Z", "fetched_at": "2025-07-13T13:39:32.727619+00:00", "symbol": "DOGE-USD"}, {"trade_id": 138812256, "side": "sell", "size": "12460.10000000", "price": "0.20067000", "time": "2025-07-13T13:36:46.050995Z", "fetched_at": "2025-07-13T13:39:32.727619+00:00", "symbol": "DOGE-USD"}, {"trade_id": 138812255, "side": "buy", "size": "10000.00000000", "price": "0.20063000", "time": "2025-07-13T13:36:43.090177Z", "fetched_at": "2025-07-13T13:39:32.727619+00:00", "symbol": "DOGE-USD"}, {"trade_id": 138812254, "side": "buy", "size": "5.50000000", "price": "0.20064000", "time": "2025-07-13T13:36:43.090177Z", "fetched_at": "2025-07-13T13:39:32.727619+00:00", "symbol": "DOGE-USD"}, {"trade_id": 138812253, "side": "buy", "size": "2000.00000000", "price": "0.20065000", "time": "2025-07-13T13:36:43.089029Z", "fetched_at": "2025-07-13T13:39:32.727619+00:00", "symbol": "DOGE-USD"}, {"trade_id": 138812252, "side": "buy", "size": "16.90000000", "price": "0.20066000", "time": "2025-07-13T13:36:43.089029Z", "fetched_at": "2025-07-13T13:39:32.727619+00:00", "symbol": "DOGE-USD"}, {"trade_id": 138812251, "side": "buy", "size": "5.50000000", "price": "0.20066000", "time": "2025-07-13T13:36:43.089029Z", "fetched_at": "2025-07-13T13:39:32.727619+00:00", "symbol": "DOGE-USD"}, {"trade_id": 138812250, "side": "sell", "size": "18045.40000000", "price": "0.20067000", "time": "2025-07-13T13:36:37.028567Z", "fetched_at": "2025-07-13T13:39:32.727619+00:00", "symbol": "DOGE-USD"}, {"trade_id": 138812249, "side": "buy", "size": "5.50000000", "price": "0.20068000", "time": "2025-07-13T13:36:36.393905Z", "fetched_at": "2025-07-13T13:39:32.727619+00:00", "symbol": "DOGE-USD"}, {"trade_id": 138812248, "side": "buy", "size": "2000.00000000", "price": "0.20070000", "time": "2025-07-13T13:36:34.438461Z", "fetched_at": "2025-07-13T13:39:32.727619+00:00", "symbol": "DOGE-USD"}, {"trade_id": 138812247, "side": "buy", "size": "5.50000000", "price": "0.20070000", "time": "2025-07-13T13:36:34.438461Z", "fetched_at": "2025-07-13T13:39:32.727619+00:00", "symbol": "DOGE-USD"}, {"trade_id": 138812246, "side": "buy", "size": "52.10000000", "price": "0.20071000", "time": "2025-07-13T13:36:30.780263Z", "fetched_at": "2025-07-13T13:39:32.727619+00:00", "symbol": "DOGE-USD"}, {"trade_id": 138812245, "side": "sell", "size": "48.00000000", "price": "0.20071000", "time": "2025-07-13T13:36:28.524500Z", "fetched_at": "2025-07-13T13:39:32.727619+00:00", "symbol": "DOGE-USD"}, {"trade_id": 138812244, "side": "sell", "size": "183.00000000", "price": "0.20074000", "time": "2025-07-13T13:36:22.097276Z", "fetched_at": "2025-07-13T13:39:32.727619+00:00", "symbol": "DOGE-USD"}, {"trade_id": 138812243, "side": "buy", "size": "79.70000000", "price": "0.20072000", "time": "2025-07-13T13:36:22.095674Z", "fetched_at": "2025-07-13T13:39:32.727619+00:00", "symbol": "DOGE-USD"}, {"trade_id": 138812242, "side": "buy", "size": "5000.00000000", "price": "0.20071000", "time": "2025-07-13T13:36:22.090927Z", "fetched_at": "2025-07-13T13:39:32.727619+00:00", "symbol": "DOGE-USD"}, {"trade_id": 138812241, "side": "buy", "size": "769.50000000", "price": "0.20072000", "time": "2025-07-13T13:36:22.090927Z", "fetched_at": "2025-07-13T13:39:32.727619+00:00", "symbol": "DOGE-USD"}, {"trade_id": 138812240, "side": "buy", "size": "5.50000000", "price": "0.20072000", "time": "2025-07-13T13:36:22.090927Z", "fetched_at": "2025-07-13T13:39:32.727619+00:00", "symbol": "DOGE-USD"}, {"trade_id": 138812239, "side": "buy", "size": "2289.90000000", "price": "0.20073000", "time": "2025-07-13T13:36:22.090589Z", "fetched_at": "2025-07-13T13:39:32.727619+00:00", "symbol": "DOGE-USD"}, {"trade_id": 138812238, "side": "buy", "size": "201.00000000", "price": "0.20073000", "time": "2025-07-13T13:36:22.089919Z", "fetched_at": "2025-07-13T13:39:32.727619+00:00", "symbol": "DOGE-USD"}, {"trade_id": 138812237, "side": "buy", "size": "2500.00000000", "price": "0.20073000", "time": "2025-07-13T13:36:22.089919Z", "fetched_at": "2025-07-13T13:39:32.727619+00:00", "symbol": "DOGE-USD"}, {"trade_id": 138812236, "side": "buy", "size": "15000.00000000", "price": "0.20073000", "time": "2025-07-13T13:36:22.089919Z", "fetched_at": "2025-07-13T13:39:32.727619+00:00", "symbol": "DOGE-USD"}, {"trade_id": 138812235, "side": "buy", "size": "10000.00000000", "price": "0.20073000", "time": "2025-07-13T13:36:22.089919Z", "fetched_at": "2025-07-13T13:39:32.727619+00:00", "symbol": "DOGE-USD"}, {"trade_id": 138812234, "side": "buy", "size": "10000.00000000", "price": "0.20073000", "time": "2025-07-13T13:36:22.089919Z", "fetched_at": "2025-07-13T13:39:32.727619+00:00", "symbol": "DOGE-USD"}, {"trade_id": 138812233, "side": "buy", "size": "1877.60000000", "price": "0.20073000", "time": "2025-07-13T13:36:22.089919Z", "fetched_at": "2025-07-13T13:39:32.727619+00:00", "symbol": "DOGE-USD"}, {"trade_id": 138812232, "side": "buy", "size": "1493.70000000", "price": "0.20073000", "time": "2025-07-13T13:36:22.089919Z", "fetched_at": "2025-07-13T13:39:32.727619+00:00", "symbol": "DOGE-USD"}, {"trade_id": 138812231, "side": "buy", "size": "1596.80000000", "price": "0.20074000", "time": "2025-07-13T13:36:22.089919Z", "fetched_at": "2025-07-13T13:39:32.727619+00:00", "symbol": "DOGE-USD"}, {"trade_id": 138812230, "side": "buy", "size": "10000.00000000", "price": "0.20074000", "time": "2025-07-13T13:36:22.089919Z", "fetched_at": "2025-07-13T13:39:32.727619+00:00", "symbol": "DOGE-USD"}, {"trade_id": 138812229, "side": "buy", "size": "5.50000000", "price": "0.20074000", "time": "2025-07-13T13:36:22.089919Z", "fetched_at": "2025-07-13T13:39:32.727619+00:00", "symbol": "DOGE-USD"}, {"trade_id": 138812228, "side": "buy", "size": "1323.30000000", "price": "0.20075000", "time": "2025-07-13T13:36:22.089356Z", "fetched_at": "2025-07-13T13:39:32.727619+00:00", "symbol": "DOGE-USD"}, {"trade_id": 138812227, "side": "buy", "size": "2000.00000000", "price": "0.20075000", "time": "2025-07-13T13:36:22.089356Z", "fetched_at": "2025-07-13T13:39:32.727619+00:00", "symbol": "DOGE-USD"}, {"trade_id": 138812226, "side": "buy", "size": "5000.00000000", "price": "0.20075000", "time": "2025-07-13T13:36:22.089356Z", "fetched_at": "2025-07-13T13:39:32.727619+00:00", "symbol": "DOGE-USD"}, {"trade_id": 138812225, "side": "buy", "size": "769.50000000", "price": "0.20076000", "time": "2025-07-13T13:36:22.089024Z", "fetched_at": "2025-07-13T13:39:32.727619+00:00", "symbol": "DOGE-USD"}, {"trade_id": 138812224, "side": "buy", "size": "5.50000000", "price": "0.20076000", "time": "2025-07-13T13:36:22.089024Z", "fetched_at": "2025-07-13T13:39:32.727619+00:00", "symbol": "DOGE-USD"}, {"trade_id": 138812223, "side": "buy", "size": "2204.10000000", "price": "0.20077000", "time": "2025-07-13T13:36:22.088577Z", "fetched_at": "2025-07-13T13:39:32.727619+00:00", "symbol": "DOGE-USD"}, {"trade_id": 138812222, "side": "buy", "size": "3041.90000000", "price": "0.20077000", "time": "2025-07-13T13:36:22.088577Z", "fetched_at": "2025-07-13T13:39:32.727619+00:00", "symbol": "DOGE-USD"}, {"trade_id": 138812221, "side": "buy", "size": "4449.30000000", "price": "0.20078000", "time": "2025-07-13T13:36:22.088433Z", "fetched_at": "2025-07-13T13:39:32.727619+00:00", "symbol": "DOGE-USD"}, {"trade_id": 138812220, "side": "buy", "size": "13453.60000000", "price": "0.20078000", "time": "2025-07-13T13:36:22.088331Z", "fetched_at": "2025-07-13T13:39:32.727619+00:00", "symbol": "DOGE-USD"}, {"trade_id": 138812219, "side": "buy", "size": "5.50000000", "price": "0.20078000", "time": "2025-07-13T13:36:22.088331Z", "fetched_at": "2025-07-13T13:39:32.727619+00:00", "symbol": "DOGE-USD"}, {"trade_id": 138812218, "side": "buy", "size": "4432.30000000", "price": "0.20079000", "time": "2025-07-13T13:36:22.088331Z", "fetched_at": "2025-07-13T13:39:32.727619+00:00", "symbol": "DOGE-USD"}, {"trade_id": 138812217, "side": "buy", "size": "17.00000000", "price": "0.20080000", "time": "2025-07-13T13:36:22.088331Z", "fetched_at": "2025-07-13T13:39:32.727619+00:00", "symbol": "DOGE-USD"}, {"trade_id": 138812216, "side": "buy", "size": "567.70000000", "price": "0.20079000", "time": "2025-07-13T13:36:21.566583Z", "fetched_at": "2025-07-13T13:39:32.727619+00:00", "symbol": "DOGE-USD"}, {"trade_id": 138812215, "side": "buy", "size": "22.80000000", "price": "0.20080000", "time": "2025-07-13T13:36:21.566583Z", "fetched_at": "2025-07-13T13:39:32.727619+00:00", "symbol": "DOGE-USD"}, {"trade_id": 138812214, "side": "buy", "size": "5.50000000", "price": "0.20080000", "time": "2025-07-13T13:36:21.566583Z", "fetched_at": "2025-07-13T13:39:32.727619+00:00", "symbol": "DOGE-USD"}, {"trade_id": 138812213, "side": "buy", "size": "5.50000000", "price": "0.20084000", "time": "2025-07-13T13:36:19.538273Z", "fetched_at": "2025-07-13T13:39:32.727619+00:00", "symbol": "DOGE-USD"}, {"trade_id": 138812212, "side": "buy", "size": "17925.80000000", "price": "0.20085000", "time": "2025-07-13T13:36:18.923764Z", "fetched_at": "2025-07-13T13:39:32.727619+00:00", "symbol": "DOGE-USD"}, {"trade_id": 138812211, "side": "buy", "size": "2987.10000000", "price": "0.20086000", "time": "2025-07-13T13:36:18.878974Z", "fetched_at": "2025-07-13T13:39:32.727619+00:00", "symbol": "DOGE-USD"}, {"trade_id": 138812210, "side": "buy", "size": "23.40000000", "price": "0.20087000", "time": "2025-07-13T13:36:18.878974Z", "fetched_at": "2025-07-13T13:39:32.727619+00:00", "symbol": "DOGE-USD"}, {"trade_id": 138812209, "side": "buy", "size": "5.50000000", "price": "0.20088000", "time": "2025-07-13T13:36:18.878974Z", "fetched_at": "2025-07-13T13:39:32.727619+00:00", "symbol": "DOGE-USD"}, {"trade_id": 138812208, "side": "sell", "size": "10.00000000", "price": "0.20091000", "time": "2025-07-13T13:36:03.888036Z", "fetched_at": "2025-07-13T13:39:32.727619+00:00", "symbol": "DOGE-USD"}, {"trade_id": 138812207, "side": "buy", "size": "30.30000000", "price": "0.20089000", "time": "2025-07-13T13:36:01.588511Z", "fetched_at": "2025-07-13T13:39:32.727619+00:00", "symbol": "DOGE-USD"}, {"trade_id": 138812206, "side": "buy", "size": "30.50000000", "price": "0.20090000", "time": "2025-07-13T13:36:00.583709Z", "fetched_at": "2025-07-13T13:39:32.727619+00:00", "symbol": "DOGE-USD"}, {"trade_id": 138812205, "side": "buy", "size": "12440.90000000", "price": "0.20093000", "time": "2025-07-13T13:35:59.406197Z", "fetched_at": "2025-07-13T13:39:32.727619+00:00", "symbol": "DOGE-USD"}, {"trade_id": 138812204, "side": "buy", "size": "17952.60000000", "price": "0.20093000", "time": "2025-07-13T13:35:59.406197Z", "fetched_at": "2025-07-13T13:39:32.727619+00:00", "symbol": "DOGE-USD"}, {"trade_id": 138812203, "side": "sell", "size": "56.90000000", "price": "0.20094000", "time": "2025-07-13T13:35:58.553185Z", "fetched_at": "2025-07-13T13:39:32.727619+00:00", "symbol": "DOGE-USD"}, {"trade_id": 138812202, "side": "sell", "size": "405.40000000", "price": "0.20094000", "time": "2025-07-13T13:35:53.648205Z", "fetched_at": "2025-07-13T13:39:32.727619+00:00", "symbol": "DOGE-USD"}, {"trade_id": 138812201, "side": "sell", "size": "5.50000000", "price": "0.20094000", "time": "2025-07-13T13:35:53.648205Z", "fetched_at": "2025-07-13T13:39:32.727619+00:00", "symbol": "DOGE-USD"}, {"trade_id": 138812200, "side": "sell", "size": "5.50000000", "price": "0.20092000", "time": "2025-07-13T13:35:53.262170Z", "fetched_at": "2025-07-13T13:39:32.727619+00:00", "symbol": "DOGE-USD"}, {"trade_id": 138812199, "side": "sell", "size": "5314.10000000", "price": "0.20091000", "time": "2025-07-13T13:35:51.485541Z", "fetched_at": "2025-07-13T13:39:32.727619+00:00", "symbol": "DOGE-USD"}, {"trade_id": 138812198, "side": "sell", "size": "5.50000000", "price": "0.20090000", "time": "2025-07-13T13:35:51.448672Z", "fetched_at": "2025-07-13T13:39:32.727619+00:00", "symbol": "DOGE-USD"}, {"trade_id": 138812197, "side": "sell", "size": "5.50000000", "price": "0.20088000", "time": "2025-07-13T13:35:51.287423Z", "fetched_at": "2025-07-13T13:39:32.727619+00:00", "symbol": "DOGE-USD"}, {"trade_id": 138812196, "side": "sell", "size": "5.50000000", "price": "0.20086000", "time": "2025-07-13T13:35:50.568526Z", "fetched_at": "2025-07-13T13:39:32.727619+00:00", "symbol": "DOGE-USD"}, {"trade_id": 138812195, "side": "sell", "size": "1.90000000", "price": "0.20084000", "time": "2025-07-13T13:35:50.410759Z", "fetched_at": "2025-07-13T13:39:32.727619+00:00", "symbol": "DOGE-USD"}, {"trade_id": 138812194, "side": "buy", "size": "41.50000000", "price": "0.20083000", "time": "2025-07-13T13:35:50.334364Z", "fetched_at": "2025-07-13T13:39:32.727619+00:00", "symbol": "DOGE-USD"}, {"trade_id": 138812193, "side": "sell", "size": "2995.00000000", "price": "0.20083000", "time": "2025-07-13T13:35:49.839471Z", "fetched_at": "2025-07-13T13:39:32.727619+00:00", "symbol": "DOGE-USD"}, {"trade_id": 138812192, "side": "sell", "size": "2988.70000000", "price": "0.20083000", "time": "2025-07-13T13:35:49.837664Z", "fetched_at": "2025-07-13T13:39:32.727619+00:00", "symbol": "DOGE-USD"}, {"trade_id": 138812191, "side": "sell", "size": "1923.60000000", "price": "0.20083000", "time": "2025-07-13T13:35:49.832439Z", "fetched_at": "2025-07-13T13:39:32.727619+00:00", "symbol": "DOGE-USD"}, {"trade_id": 138812190, "side": "sell", "size": "1851.40000000", "price": "0.20083000", "time": "2025-07-13T13:35:49.832439Z", "fetched_at": "2025-07-13T13:39:32.727619+00:00", "symbol": "DOGE-USD"}, {"trade_id": 138812189, "side": "sell", "size": "16090.70000000", "price": "0.20083000", "time": "2025-07-13T13:35:49.830746Z", "fetched_at": "2025-07-13T13:39:32.727619+00:00", "symbol": "DOGE-USD"}, {"trade_id": 138812188, "side": "sell", "size": "10.00000000", "price": "0.20083000", "time": "2025-07-13T13:35:49.830746Z", "fetched_at": "2025-07-13T13:39:32.727619+00:00", "symbol": "DOGE-USD"}, {"trade_id": 138812187, "side": "sell", "size": "5402.30000000", "price": "0.20082000", "time": "2025-07-13T13:35:49.830746Z", "fetched_at": "2025-07-13T13:39:32.727619+00:00", "symbol": "DOGE-USD"}, {"trade_id": 138812186, "side": "sell", "size": "25858.50000000", "price": "0.20082000", "time": "2025-07-13T13:35:49.828394Z", "fetched_at": "2025-07-13T13:39:32.727619+00:00", "symbol": "DOGE-USD"}, {"trade_id": 138812185, "side": "sell", "size": "48.40000000", "price": "0.20080000", "time": "2025-07-13T13:35:47.746937Z", "fetched_at": "2025-07-13T13:39:32.727619+00:00", "symbol": "DOGE-USD"}, {"trade_id": 138812184, "side": "buy", "size": "12161.30000000", "price": "0.20081000", "time": "2025-07-13T13:35:46.811752Z", "fetched_at": "2025-07-13T13:39:32.727619+00:00", "symbol": "DOGE-USD"}, {"trade_id": 138812183, "side": "buy", "size": "287.10000000", "price": "0.20081000", "time": "2025-07-13T13:35:46.808452Z", "fetched_at": "2025-07-13T13:39:32.727619+00:00", "symbol": "DOGE-USD"}, {"trade_id": 138812182, "side": "buy", "size": "22.60000000", "price": "0.20082000", "time": "2025-07-13T13:35:46.745924Z", "fetched_at": "2025-07-13T13:39:32.727619+00:00", "symbol": "DOGE-USD"}, {"trade_id": 138812181, "side": "buy", "size": "6.90000000", "price": "0.20082000", "time": "2025-07-13T13:35:41.780529Z", "fetched_at": "2025-07-13T13:39:32.727619+00:00", "symbol": "DOGE-USD"}, {"trade_id": 138812180, "side": "buy", "size": "175.80000000", "price": "0.20081000", "time": "2025-07-13T13:35:40.081278Z", "fetched_at": "2025-07-13T13:39:32.727619+00:00", "symbol": "DOGE-USD"}, {"trade_id": 138812179, "side": "buy", "size": "25.40000000", "price": "0.20082000", "time": "2025-07-13T13:35:40.081278Z", "fetched_at": "2025-07-13T13:39:32.727619+00:00", "symbol": "DOGE-USD"}, {"trade_id": 138812178, "side": "sell", "size": "3.60000000", "price": "0.20084000", "time": "2025-07-13T13:35:38.702400Z", "fetched_at": "2025-07-13T13:39:32.727619+00:00", "symbol": "DOGE-USD"}, {"trade_id": 138812177, "side": "sell", "size": "5.50000000", "price": "0.20082000", "time": "2025-07-13T13:35:38.702400Z", "fetched_at": "2025-07-13T13:39:32.727619+00:00", "symbol": "DOGE-USD"}, {"trade_id": 138812176, "side": "sell", "size": "120.40000000", "price": "0.20078000", "time": "2025-07-13T13:35:37.001863Z", "fetched_at": "2025-07-13T13:39:32.727619+00:00", "symbol": "DOGE-USD"}, {"trade_id": 138812175, "side": "sell", "size": "789.70000000", "price": "0.20078000", "time": "2025-07-13T13:35:36.996811Z", "fetched_at": "2025-07-13T13:39:32.727619+00:00", "symbol": "DOGE-USD"}, {"trade_id": 138812174, "side": "sell", "size": "24.20000000", "price": "0.20078000", "time": "2025-07-13T13:35:36.687749Z", "fetched_at": "2025-07-13T13:39:32.727619+00:00", "symbol": "DOGE-USD"}, {"trade_id": 138812173, "side": "buy", "size": "1090.90000000", "price": "0.20070000", "time": "2025-07-13T13:35:30.921714Z", "fetched_at": "2025-07-13T13:39:32.727619+00:00", "symbol": "DOGE-USD"}, {"trade_id": 138812172, "side": "buy", "size": "5.50000000", "price": "0.20070000", "time": "2025-07-13T13:35:30.921714Z", "fetched_at": "2025-07-13T13:39:32.727619+00:00", "symbol": "DOGE-USD"}, {"trade_id": 138812171, "side": "buy", "size": "1155.80000000", "price": "0.20071000", "time": "2025-07-13T13:35:30.921714Z", "fetched_at": "2025-07-13T13:39:32.727619+00:00", "symbol": "DOGE-USD"}, {"trade_id": 138812170, "side": "buy", "size": "5.50000000", "price": "0.20072000", "time": "2025-07-13T13:35:30.921714Z", "fetched_at": "2025-07-13T13:39:32.727619+00:00", "symbol": "DOGE-USD"}, {"trade_id": 138812169, "side": "buy", "size": "1427.00000000", "price": "0.20073000", "time": "2025-07-13T13:35:30.921714Z", "fetched_at": "2025-07-13T13:39:32.727619+00:00", "symbol": "DOGE-USD"}, {"trade_id": 138812168, "side": "buy", "size": "1323.20000000", "price": "0.20074000", "time": "2025-07-13T13:35:30.921714Z", "fetched_at": "2025-07-13T13:39:32.727619+00:00", "symbol": "DOGE-USD"}, {"trade_id": 138812167, "side": "buy", "size": "10.90000000", "price": "0.20075000", "time": "2025-07-13T13:35:30.921714Z", "fetched_at": "2025-07-13T13:39:32.727619+00:00", "symbol": "DOGE-USD"}, {"trade_id": 138812166, "side": "buy", "size": "5.50000000", "price": "0.20074000", "time": "2025-07-13T13:35:30.028864Z", "fetched_at": "2025-07-13T13:39:32.727619+00:00", "symbol": "DOGE-USD"}, {"trade_id": 138812165, "side": "buy", "size": "5.50000000", "price": "0.20076000", "time": "2025-07-13T13:35:29.956257Z", "fetched_at": "2025-07-13T13:39:32.727619+00:00", "symbol": "DOGE-USD"}, {"trade_id": 138812164, "side": "buy", "size": "3.10000000", "price": "0.20077000", "time": "2025-07-13T13:35:29.822620Z", "fetched_at": "2025-07-13T13:39:32.727619+00:00", "symbol": "DOGE-USD"}, {"trade_id": 138812163, "side": "buy", "size": "247.50000000", "price": "0.20077000", "time": "2025-07-13T13:35:29.822620Z", "fetched_at": "2025-07-13T13:39:32.727619+00:00", "symbol": "DOGE-USD"}, {"trade_id": 138812162, "side": "buy", "size": "5.50000000", "price": "0.20078000", "time": "2025-07-13T13:35:29.822620Z", "fetched_at": "2025-07-13T13:39:32.727619+00:00", "symbol": "DOGE-USD"}, {"trade_id": 138812161, "side": "buy", "size": "3930.20000000", "price": "0.20079000", "time": "2025-07-13T13:35:26.107424Z", "fetched_at": "2025-07-13T13:39:32.727619+00:00", "symbol": "DOGE-USD"}, {"trade_id": 138812160, "side": "buy", "size": "5000.00000000", "price": "0.20079000", "time": "2025-07-13T13:35:26.107424Z", "fetched_at": "2025-07-13T13:39:32.727619+00:00", "symbol": "DOGE-USD"}, {"trade_id": 138812159, "side": "buy", "size": "5.50000000", "price": "0.20080000", "time": "2025-07-13T13:35:26.107424Z", "fetched_at": "2025-07-13T13:39:32.727619+00:00", "symbol": "DOGE-USD"}, {"trade_id": 138812158, "side": "buy", "size": "10.90000000", "price": "0.20082000", "time": "2025-07-13T13:35:26.107424Z", "fetched_at": "2025-07-13T13:39:32.727619+00:00", "symbol": "DOGE-USD"}, {"trade_id": 138812157, "side": "buy", "size": "5.50000000", "price": "0.20082000", "time": "2025-07-13T13:35:26.107424Z", "fetched_at": "2025-07-13T13:39:32.727619+00:00", "symbol": "DOGE-USD"}, {"trade_id": 138812156, "side": "buy", "size": "5.50000000", "price": "0.20084000", "time": "2025-07-13T13:35:26.103808Z", "fetched_at": "2025-07-13T13:39:32.727619+00:00", "symbol": "DOGE-USD"}, {"trade_id": 138812155, "side": "buy", "size": "10.50000000", "price": "0.20085000", "time": "2025-07-13T13:35:26.010483Z", "fetched_at": "2025-07-13T13:39:32.727619+00:00", "symbol": "DOGE-USD"}, {"trade_id": 138812154, "side": "buy", "size": "12444.60000000", "price": "0.20086000", "time": "2025-07-13T13:35:26.009696Z", "fetched_at": "2025-07-13T13:39:32.727619+00:00", "symbol": "DOGE-USD"}, {"trade_id": 138812153, "side": "buy", "size": "5.50000000", "price": "0.20086000", "time": "2025-07-13T13:35:26.009696Z", "fetched_at": "2025-07-13T13:39:32.727619+00:00", "symbol": "DOGE-USD"}, {"trade_id": 138812152, "side": "buy", "size": "5.50000000", "price": "0.20088000", "time": "2025-07-13T13:35:22.532160Z", "fetched_at": "2025-07-13T13:39:32.727619+00:00", "symbol": "DOGE-USD"}, {"trade_id": 138812151, "side": "buy", "size": "5.50000000", "price": "0.20090000", "time": "2025-07-13T13:35:22.455625Z", "fetched_at": "2025-07-13T13:39:32.727619+00:00", "symbol": "DOGE-USD"}, {"trade_id": 138812150, "side": "sell", "size": "241.70000000", "price": "0.20091000", "time": "2025-07-13T13:35:21.325661Z", "fetched_at": "2025-07-13T13:39:32.727619+00:00", "symbol": "DOGE-USD"}, {"trade_id": 138812149, "side": "buy", "size": "12441.50000000", "price": "0.20092000", "time": "2025-07-13T13:35:19.963588Z", "fetched_at": "2025-07-13T13:39:32.727619+00:00", "symbol": "DOGE-USD"}, {"trade_id": 138812148, "side": "buy", "size": "5.50000000", "price": "0.20092000", "time": "2025-07-13T13:35:19.963588Z", "fetched_at": "2025-07-13T13:39:32.727619+00:00", "symbol": "DOGE-USD"}, {"trade_id": 138812147, "side": "buy", "size": "11.10000000", "price": "0.20093000", "time": "2025-07-13T13:35:19.963588Z", "fetched_at": "2025-07-13T13:39:32.727619+00:00", "symbol": "DOGE-USD"}, {"trade_id": 138812146, "side": "buy", "size": "5.50000000", "price": "0.20094000", "time": "2025-07-13T13:35:18.840223Z", "fetched_at": "2025-07-13T13:39:32.727619+00:00", "symbol": "DOGE-USD"}, {"trade_id": 138812145, "side": "buy", "size": "5.50000000", "price": "0.20096000", "time": "2025-07-13T13:35:17.446132Z", "fetched_at": "2025-07-13T13:39:32.727619+00:00", "symbol": "DOGE-USD"}, {"trade_id": 138812144, "side": "sell", "size": "94.40000000", "price": "0.20097000", "time": "2025-07-13T13:35:16.388988Z", "fetched_at": "2025-07-13T13:39:32.727619+00:00", "symbol": "DOGE-USD"}, {"trade_id": 138812143, "side": "buy", "size": "5.50000000", "price": "0.20098000", "time": "2025-07-13T13:35:16.143901Z", "fetched_at": "2025-07-13T13:39:32.727619+00:00", "symbol": "DOGE-USD"}, {"trade_id": 138812142, "side": "buy", "size": "5.50000000", "price": "0.20100000", "time": "2025-07-13T13:35:15.620287Z", "fetched_at": "2025-07-13T13:39:32.727619+00:00", "symbol": "DOGE-USD"}, {"trade_id": 138812141, "side": "sell", "size": "4585.30000000", "price": "0.20108000", "time": "2025-07-13T13:35:15.506375Z", "fetched_at": "2025-07-13T13:39:32.727619+00:00", "symbol": "DOGE-USD"}, {"trade_id": 138812140, "side": "sell", "size": "14599.30000000", "price": "0.20108000", "time": "2025-07-13T13:35:15.506375Z", "fetched_at": "2025-07-13T13:39:32.727619+00:00", "symbol": "DOGE-USD"}, {"trade_id": 138812139, "side": "sell", "size": "2535.20000000", "price": "0.20108000", "time": "2025-07-13T13:35:15.506375Z", "fetched_at": "2025-07-13T13:39:32.727619+00:00", "symbol": "DOGE-USD"}, {"trade_id": 138812138, "side": "sell", "size": "4227.30000000", "price": "0.20107000", "time": "2025-07-13T13:35:15.506375Z", "fetched_at": "2025-07-13T13:39:32.727619+00:00", "symbol": "DOGE-USD"}, {"trade_id": 138812137, "side": "sell", "size": "5516.40000000", "price": "0.20107000", "time": "2025-07-13T13:35:15.506375Z", "fetched_at": "2025-07-13T13:39:32.727619+00:00", "symbol": "DOGE-USD"}, {"trade_id": 138812136, "side": "sell", "size": "3868.10000000", "price": "0.20107000", "time": "2025-07-13T13:35:15.506375Z", "fetched_at": "2025-07-13T13:39:32.727619+00:00", "symbol": "DOGE-USD"}, {"trade_id": 138812135, "side": "sell", "size": "2536.40000000", "price": "0.20107000", "time": "2025-07-13T13:35:15.506375Z", "fetched_at": "2025-07-13T13:39:32.727619+00:00", "symbol": "DOGE-USD"}, {"trade_id": 138812134, "side": "sell", "size": "769.50000000", "price": "0.20107000", "time": "2025-07-13T13:35:15.506375Z", "fetched_at": "2025-07-13T13:39:32.727619+00:00", "symbol": "DOGE-USD"}, {"trade_id": 138812133, "side": "sell", "size": "5511.20000000", "price": "0.20106000", "time": "2025-07-13T13:35:15.506375Z", "fetched_at": "2025-07-13T13:39:32.727619+00:00", "symbol": "DOGE-USD"}, {"trade_id": 138812132, "side": "sell", "size": "3799.90000000", "price": "0.20106000", "time": "2025-07-13T13:35:15.506375Z", "fetched_at": "2025-07-13T13:39:32.727619+00:00", "symbol": "DOGE-USD"}, {"trade_id": 138812131, "side": "sell", "size": "3306.70000000", "price": "0.20105000", "time": "2025-07-13T13:35:15.506375Z", "fetched_at": "2025-07-13T13:39:32.727619+00:00", "symbol": "DOGE-USD"}, {"trade_id": 138812130, "side": "sell", "size": "4227.30000000", "price": "0.20105000", "time": "2025-07-13T13:35:15.506375Z", "fetched_at": "2025-07-13T13:39:32.727619+00:00", "symbol": "DOGE-USD"}, {"trade_id": 138812129, "side": "sell", "size": "769.50000000", "price": "0.20105000", "time": "2025-07-13T13:35:15.506375Z", "fetched_at": "2025-07-13T13:39:32.727619+00:00", "symbol": "DOGE-USD"}, {"trade_id": 138812128, "side": "sell", "size": "1208.80000000", "price": "0.20104000", "time": "2025-07-13T13:35:15.506375Z", "fetched_at": "2025-07-13T13:39:32.727619+00:00", "symbol": "DOGE-USD"}, {"trade_id": 138812127, "side": "sell", "size": "3025.40000000", "price": "0.20104000", "time": "2025-07-13T13:35:15.506375Z", "fetched_at": "2025-07-13T13:39:32.727619+00:00", "symbol": "DOGE-USD"}, {"trade_id": 138812126, "side": "sell", "size": "45.60000000", "price": "0.20103000", "time": "2025-07-13T13:35:15.506375Z", "fetched_at": "2025-07-13T13:39:32.727619+00:00", "symbol": "DOGE-USD"}, {"trade_id": 138812125, "side": "sell", "size": "1221.50000000", "price": "0.20103000", "time": "2025-07-13T13:35:15.506375Z", "fetched_at": "2025-07-13T13:39:32.727619+00:00", "symbol": "DOGE-USD"}, {"trade_id": 138812124, "side": "sell", "size": "1409.90000000", "price": "0.20102000", "time": "2025-07-13T13:35:15.506375Z", "fetched_at": "2025-07-13T13:39:32.727619+00:00", "symbol": "DOGE-USD"}, {"trade_id": 138812123, "side": "sell", "size": "1406.60000000", "price": "0.20101000", "time": "2025-07-13T13:35:15.506375Z", "fetched_at": "2025-07-13T13:39:32.727619+00:00", "symbol": "DOGE-USD"}, {"trade_id": 138812122, "side": "sell", "size": "183.00000000", "price": "0.20101000", "time": "2025-07-13T13:35:15.506375Z", "fetched_at": "2025-07-13T13:39:32.727619+00:00", "symbol": "DOGE-USD"}, {"trade_id": 138812121, "side": "sell", "size": "769.50000000", "price": "0.20101000", "time": "2025-07-13T13:35:15.506375Z", "fetched_at": "2025-07-13T13:39:32.727619+00:00", "symbol": "DOGE-USD"}, {"trade_id": 138812120, "side": "sell", "size": "265.20000000", "price": "0.20101000", "time": "2025-07-13T13:35:15.506375Z", "fetched_at": "2025-07-13T13:39:32.727619+00:00", "symbol": "DOGE-USD"}, {"trade_id": 138812119, "side": "buy", "size": "5.50000000", "price": "0.20102000", "time": "2025-07-13T13:35:14.345492Z", "fetched_at": "2025-07-13T13:39:32.727619+00:00", "symbol": "DOGE-USD"}, {"trade_id": 138812118, "side": "buy", "size": "5.50000000", "price": "0.20104000", "time": "2025-07-13T13:35:14.185965Z", "fetched_at": "2025-07-13T13:39:32.727619+00:00", "symbol": "DOGE-USD"}, {"trade_id": 138812117, "side": "buy", "size": "9946.30000000", "price": "0.20106000", "time": "2025-07-13T13:35:13.897654Z", "fetched_at": "2025-07-13T13:39:32.727619+00:00", "symbol": "DOGE-USD"}, {"trade_id": 138812116, "side": "buy", "size": "18.20000000", "price": "0.20107000", "time": "2025-07-13T13:35:13.897654Z", "fetched_at": "2025-07-13T13:39:32.727619+00:00", "symbol": "DOGE-USD"}, {"trade_id": 138812115, "side": "sell", "size": "2125.50000000", "price": "0.20111000", "time": "2025-07-13T13:35:11.430467Z", "fetched_at": "2025-07-13T13:39:32.727619+00:00", "symbol": "DOGE-USD"}, {"trade_id": 138812114, "side": "sell", "size": "45.60000000", "price": "0.20110000", "time": "2025-07-13T13:35:11.430467Z", "fetched_at": "2025-07-13T13:39:32.727619+00:00", "symbol": "DOGE-USD"}, {"trade_id": 138812113, "side": "sell", "size": "718.90000000", "price": "0.20110000", "time": "2025-07-13T13:35:11.430467Z", "fetched_at": "2025-07-13T13:39:32.727619+00:00", "symbol": "DOGE-USD"}, {"trade_id": 138812112, "side": "sell", "size": "1299.60000000", "price": "0.20109000", "time": "2025-07-13T13:35:11.430467Z", "fetched_at": "2025-07-13T13:39:32.727619+00:00", "symbol": "DOGE-USD"}, {"trade_id": 138812111, "side": "buy", "size": "17921.40000000", "price": "0.20109000", "time": "2025-07-13T13:35:09.421545Z", "fetched_at": "2025-07-13T13:39:32.727619+00:00", "symbol": "DOGE-USD"}, {"trade_id": 138812110, "side": "buy", "size": "15.20000000", "price": "0.20110000", "time": "2025-07-13T13:35:09.421545Z", "fetched_at": "2025-07-13T13:39:32.727619+00:00", "symbol": "DOGE-USD"}, {"trade_id": 138812109, "side": "sell", "size": "5.50000000", "price": "0.20112000", "time": "2025-07-13T13:35:08.507353Z", "fetched_at": "2025-07-13T13:39:32.727619+00:00", "symbol": "DOGE-USD"}, {"trade_id": 138812108, "side": "sell", "size": "45.60000000", "price": "0.20111000", "time": "2025-07-13T13:35:08.505300Z", "fetched_at": "2025-07-13T13:39:32.727619+00:00", "symbol": "DOGE-USD"}, {"trade_id": 138812107, "side": "sell", "size": "5.50000000", "price": "0.20110000", "time": "2025-07-13T13:35:08.505300Z", "fetched_at": "2025-07-13T13:39:32.727619+00:00", "symbol": "DOGE-USD"}, {"trade_id": 138812106, "side": "sell", "size": "5.50000000", "price": "0.20108000", "time": "2025-07-13T13:35:08.500374Z", "fetched_at": "2025-07-13T13:39:32.727619+00:00", "symbol": "DOGE-USD"}, {"trade_id": 138812105, "side": "sell", "size": "5.50000000", "price": "0.20106000", "time": "2025-07-13T13:35:08.099554Z", "fetched_at": "2025-07-13T13:39:32.727619+00:00", "symbol": "DOGE-USD"}, {"trade_id": 138812104, "side": "sell", "size": "0.20000000", "price": "0.20106000", "time": "2025-07-13T13:35:08.099554Z", "fetched_at": "2025-07-13T13:39:32.727619+00:00", "symbol": "DOGE-USD"}, {"trade_id": 138812103, "side": "sell", "size": "5.50000000", "price": "0.20104000", "time": "2025-07-13T13:35:07.334205Z", "fetched_at": "2025-07-13T13:39:32.727619+00:00", "symbol": "DOGE-USD"}, {"trade_id": 138812102, "side": "sell", "size": "5.50000000", "price": "0.20103000", "time": "2025-07-13T13:35:02.377574Z", "fetched_at": "2025-07-13T13:39:32.727619+00:00", "symbol": "DOGE-USD"}, {"trade_id": 138812101, "side": "sell", "size": "518.20000000", "price": "0.20103000", "time": "2025-07-13T13:35:02.372496Z", "fetched_at": "2025-07-13T13:39:32.727619+00:00", "symbol": "DOGE-USD"}, {"trade_id": 138812100, "side": "sell", "size": "0.20000000", "price": "0.20103000", "time": "2025-07-13T13:35:02.372496Z", "fetched_at": "2025-07-13T13:39:32.727619+00:00", "symbol": "DOGE-USD"}, {"trade_id": 138812099, "side": "sell", "size": "19.30000000", "price": "0.20103000", "time": "2025-07-13T13:35:02.372496Z", "fetched_at": "2025-07-13T13:39:32.727619+00:00", "symbol": "DOGE-USD"}, {"trade_id": 138812098, "side": "sell", "size": "5.50000000", "price": "0.20102000", "time": "2025-07-13T13:35:02.372496Z", "fetched_at": "2025-07-13T13:39:32.727619+00:00", "symbol": "DOGE-USD"}, {"trade_id": 138812097, "side": "sell", "size": "5.50000000", "price": "0.20100000", "time": "2025-07-13T13:35:01.557102Z", "fetched_at": "2025-07-13T13:39:32.727619+00:00", "symbol": "DOGE-USD"}, {"trade_id": 138812096, "side": "sell", "size": "1043.50000000", "price": "0.20099000", "time": "2025-07-13T13:34:56.595645Z", "fetched_at": "2025-07-13T13:39:32.727619+00:00", "symbol": "DOGE-USD"}, {"trade_id": 138812095, "side": "sell", "size": "46.20000000", "price": "0.20099000", "time": "2025-07-13T13:34:56.595645Z", "fetched_at": "2025-07-13T13:39:32.727619+00:00", "symbol": "DOGE-USD"}, {"trade_id": 138812094, "side": "sell", "size": "1254.30000000", "price": "0.20098000", "time": "2025-07-13T13:34:56.595645Z", "fetched_at": "2025-07-13T13:39:32.727619+00:00", "symbol": "DOGE-USD"}, {"trade_id": 138812093, "side": "sell", "size": "5.50000000", "price": "0.20098000", "time": "2025-07-13T13:34:56.595645Z", "fetched_at": "2025-07-13T13:39:32.727619+00:00", "symbol": "DOGE-USD"}, {"trade_id": 138812092, "side": "sell", "size": "5.50000000", "price": "0.20096000", "time": "2025-07-13T13:34:56.595645Z", "fetched_at": "2025-07-13T13:39:32.727619+00:00", "symbol": "DOGE-USD"}, {"trade_id": 138812091, "side": "sell", "size": "0.60000000", "price": "0.20094000", "time": "2025-07-13T13:34:55.791226Z", "fetched_at": "2025-07-13T13:39:32.727619+00:00", "symbol": "DOGE-USD"}, {"trade_id": 138812090, "side": "sell", "size": "4.90000000", "price": "0.20094000", "time": "2025-07-13T13:34:54.361072Z", "fetched_at": "2025-07-13T13:39:32.727619+00:00", "symbol": "DOGE-USD"}, {"trade_id": 138812089, "side": "sell", "size": "42.60000000", "price": "0.20093000", "time": "2025-07-13T13:34:53.536319Z", "fetched_at": "2025-07-13T13:39:32.727619+00:00", "symbol": "DOGE-USD"}, {"trade_id": 138812088, "side": "sell", "size": "5.50000000", "price": "0.20092000", "time": "2025-07-13T13:34:53.536319Z", "fetched_at": "2025-07-13T13:39:32.727619+00:00", "symbol": "DOGE-USD"}, {"trade_id": 138812087, "side": "sell", "size": "886.70000000", "price": "0.20091000", "time": "2025-07-13T13:34:52.128551Z", "fetched_at": "2025-07-13T13:39:32.727619+00:00", "symbol": "DOGE-USD"}, {"trade_id": 138812086, "side": "sell", "size": "5.50000000", "price": "0.20090000", "time": "2025-07-13T13:34:48.125500Z", "fetched_at": "2025-07-13T13:39:32.727619+00:00", "symbol": "DOGE-USD"}, {"trade_id": 138812085, "side": "sell", "size": "550.80000000", "price": "0.20089000", "time": "2025-07-13T13:34:46.623391Z", "fetched_at": "2025-07-13T13:39:32.727619+00:00", "symbol": "DOGE-USD"}, {"trade_id": 138812084, "side": "sell", "size": "5.50000000", "price": "0.20088000", "time": "2025-07-13T13:34:46.613240Z", "fetched_at": "2025-07-13T13:39:32.727619+00:00", "symbol": "DOGE-USD"}, {"trade_id": 138812083, "side": "sell", "size": "10.00000000", "price": "0.20084000", "time": "2025-07-13T13:34:46.560027Z", "fetched_at": "2025-07-13T13:39:32.727619+00:00", "symbol": "DOGE-USD"}, {"trade_id": 138812082, "side": "sell", "size": "339.20000000", "price": "0.20086000", "time": "2025-07-13T13:34:38.901693Z", "fetched_at": "2025-07-13T13:39:32.727619+00:00", "symbol": "DOGE-USD"}, {"trade_id": 138812081, "side": "sell", "size": "5.50000000", "price": "0.20086000", "time": "2025-07-13T13:34:38.901693Z", "fetched_at": "2025-07-13T13:39:32.727619+00:00", "symbol": "DOGE-USD"}, {"trade_id": 138812080, "side": "sell", "size": "81.70000000", "price": "0.20086000", "time": "2025-07-13T13:34:38.901693Z", "fetched_at": "2025-07-13T13:39:32.727619+00:00", "symbol": "DOGE-USD"}, {"trade_id": 138812079, "side": "sell", "size": "161.40000000", "price": "0.20085000", "time": "2025-07-13T13:34:38.901693Z", "fetched_at": "2025-07-13T13:39:32.727619+00:00", "symbol": "DOGE-USD"}, {"trade_id": 138812078, "side": "sell", "size": "196.40000000", "price": "0.20084000", "time": "2025-07-13T13:34:38.901693Z", "fetched_at": "2025-07-13T13:39:32.727619+00:00", "symbol": "DOGE-USD"}, {"trade_id": 138812077, "side": "sell", "size": "5.50000000", "price": "0.20084000", "time": "2025-07-13T13:34:38.901693Z", "fetched_at": "2025-07-13T13:39:32.727619+00:00", "symbol": "DOGE-USD"}, {"trade_id": 138812076, "side": "sell", "size": "5.50000000", "price": "0.20082000", "time": "2025-07-13T13:34:36.077260Z", "fetched_at": "2025-07-13T13:39:32.727619+00:00", "symbol": "DOGE-USD"}, {"trade_id": 138812075, "side": "sell", "size": "5.50000000", "price": "0.20080000", "time": "2025-07-13T13:34:35.908311Z", "fetched_at": "2025-07-13T13:39:32.727619+00:00", "symbol": "DOGE-USD"}, {"trade_id": 138812074, "side": "sell", "size": "509.40000000", "price": "0.20079000", "time": "2025-07-13T13:34:30.621903Z", "fetched_at": "2025-07-13T13:39:32.727619+00:00", "symbol": "DOGE-USD"}, {"trade_id": 138812073, "side": "sell", "size": "5.50000000", "price": "0.20078000", "time": "2025-07-13T13:34:30.621903Z", "fetched_at": "2025-07-13T13:39:32.727619+00:00", "symbol": "DOGE-USD"}, {"trade_id": 138812072, "side": "sell", "size": "265.20000000", "price": "0.20073000", "time": "2025-07-13T13:34:29.699120Z", "fetched_at": "2025-07-13T13:39:32.727619+00:00", "symbol": "DOGE-USD"}, {"trade_id": 138812071, "side": "buy", "size": "1135.80000000", "price": "0.20075000", "time": "2025-07-13T13:34:29.690942Z", "fetched_at": "2025-07-13T13:39:32.727619+00:00", "symbol": "DOGE-USD"}, {"trade_id": 138812070, "side": "buy", "size": "24.70000000", "price": "0.20076000", "time": "2025-07-13T13:34:29.690362Z", "fetched_at": "2025-07-13T13:39:32.727619+00:00", "symbol": "DOGE-USD"}, {"trade_id": 138812069, "side": "sell", "size": "35.20000000", "price": "0.20073000", "time": "2025-07-13T13:34:29.502144Z", "fetched_at": "2025-07-13T13:39:32.727619+00:00", "symbol": "DOGE-USD"}, {"trade_id": 138812068, "side": "sell", "size": "789.70000000", "price": "0.20073000", "time": "2025-07-13T13:34:28.883328Z", "fetched_at": "2025-07-13T13:39:32.727619+00:00", "symbol": "DOGE-USD"}, {"trade_id": 138812067, "side": "sell", "size": "49.30000000", "price": "0.20073000", "time": "2025-07-13T13:34:28.421645Z", "fetched_at": "2025-07-13T13:39:32.727619+00:00", "symbol": "DOGE-USD"}, {"trade_id": 138812066, "side": "buy", "size": "220.40000000", "price": "0.20078000", "time": "2025-07-13T13:34:24.588550Z", "fetched_at": "2025-07-13T13:39:32.727619+00:00", "symbol": "DOGE-USD"}, {"trade_id": 138812065, "side": "sell", "size": "5.50000000", "price": "0.20078000", "time": "2025-07-13T13:34:22.099352Z", "fetched_at": "2025-07-13T13:39:32.727619+00:00", "symbol": "DOGE-USD"}, {"trade_id": 138812064, "side": "sell", "size": "16.10000000", "price": "0.20072000", "time": "2025-07-13T13:34:17.871199Z", "fetched_at": "2025-07-13T13:39:32.727619+00:00", "symbol": "DOGE-USD"}, {"trade_id": 138812063, "side": "sell", "size": "5768.00000000", "price": "0.20077000", "time": "2025-07-13T13:34:16.804379Z", "fetched_at": "2025-07-13T13:39:32.727619+00:00", "symbol": "DOGE-USD"}, {"trade_id": 138812062, "side": "sell", "size": "9593.40000000", "price": "0.20076000", "time": "2025-07-13T13:34:16.804379Z", "fetched_at": "2025-07-13T13:39:32.727619+00:00", "symbol": "DOGE-USD"}, {"trade_id": 138812061, "side": "sell", "size": "2971.20000000", "price": "0.20076000", "time": "2025-07-13T13:34:16.804379Z", "fetched_at": "2025-07-13T13:39:32.727619+00:00", "symbol": "DOGE-USD"}, {"trade_id": 138812060, "side": "sell", "size": "3307.50000000", "price": "0.20076000", "time": "2025-07-13T13:34:16.804379Z", "fetched_at": "2025-07-13T13:39:32.727619+00:00", "symbol": "DOGE-USD"}, {"trade_id": 138812059, "side": "sell", "size": "5.50000000", "price": "0.20076000", "time": "2025-07-13T13:34:16.804379Z", "fetched_at": "2025-07-13T13:39:32.727619+00:00", "symbol": "DOGE-USD"}, {"trade_id": 138812058, "side": "sell", "size": "20.00000000", "price": "0.20076000", "time": "2025-07-13T13:34:16.804379Z", "fetched_at": "2025-07-13T13:39:32.727619+00:00", "symbol": "DOGE-USD"}, {"trade_id": 138812057, "side": "sell", "size": "1326.90000000", "price": "0.20074000", "time": "2025-07-13T13:34:16.804379Z", "fetched_at": "2025-07-13T13:39:32.727619+00:00", "symbol": "DOGE-USD"}, {"trade_id": 138812056, "side": "sell", "size": "5.50000000", "price": "0.20074000", "time": "2025-07-13T13:34:16.804379Z", "fetched_at": "2025-07-13T13:39:32.727619+00:00", "symbol": "DOGE-USD"}, {"trade_id": 138812055, "side": "sell", "size": "1212.50000000", "price": "0.20073000", "time": "2025-07-13T13:34:16.804379Z", "fetched_at": "2025-07-13T13:39:32.727619+00:00", "symbol": "DOGE-USD"}, {"trade_id": 138812054, "side": "sell", "size": "236.30000000", "price": "0.20070000", "time": "2025-07-13T13:34:10.458564Z", "fetched_at": "2025-07-13T13:39:32.727619+00:00", "symbol": "DOGE-USD"}, {"trade_id": 138812053, "side": "buy", "size": "21.50000000", "price": "0.20069000", "time": "2025-07-13T13:34:07.563485Z", "fetched_at": "2025-07-13T13:39:32.727619+00:00", "symbol": "DOGE-USD"}, {"trade_id": 138812052, "side": "buy", "size": "20.70000000", "price": "0.20074000", "time": "2025-07-13T13:34:05.548006Z", "fetched_at": "2025-07-13T13:39:32.727619+00:00", "symbol": "DOGE-USD"}, {"trade_id": 138812051, "side": "sell", "size": "443.30000000", "price": "0.20074000", "time": "2025-07-13T13:34:04.983823Z", "fetched_at": "2025-07-13T13:39:32.727619+00:00", "symbol": "DOGE-USD"}, {"trade_id": 138812050, "side": "sell", "size": "5.50000000", "price": "0.20074000", "time": "2025-07-13T13:34:04.983823Z", "fetched_at": "2025-07-13T13:39:32.727619+00:00", "symbol": "DOGE-USD"}, {"trade_id": 138812049, "side": "sell", "size": "2440.30000000", "price": "0.20073000", "time": "2025-07-13T13:34:04.970977Z", "fetched_at": "2025-07-13T13:39:32.727619+00:00", "symbol": "DOGE-USD"}, {"trade_id": 138812048, "side": "sell", "size": "3392.30000000", "price": "0.20072000", "time": "2025-07-13T13:34:04.967850Z", "fetched_at": "2025-07-13T13:39:32.727619+00:00", "symbol": "DOGE-USD"}, {"trade_id": 138812047, "side": "sell", "size": "17953.00000000", "price": "0.20072000", "time": "2025-07-13T13:34:04.967850Z", "fetched_at": "2025-07-13T13:39:32.727619+00:00", "symbol": "DOGE-USD"}, {"trade_id": 138812046, "side": "sell", "size": "5.50000000", "price": "0.20072000", "time": "2025-07-13T13:34:04.967850Z", "fetched_at": "2025-07-13T13:39:32.727619+00:00", "symbol": "DOGE-USD"}, {"trade_id": 138812045, "side": "sell", "size": "769.50000000", "price": "0.20072000", "time": "2025-07-13T13:34:04.967850Z", "fetched_at": "2025-07-13T13:39:32.727619+00:00", "symbol": "DOGE-USD"}, {"trade_id": 138812044, "side": "sell", "size": "46.30000000", "price": "0.20071000", "time": "2025-07-13T13:34:04.967850Z", "fetched_at": "2025-07-13T13:39:32.727619+00:00", "symbol": "DOGE-USD"}, {"trade_id": 138812043, "side": "sell", "size": "552.00000000", "price": "0.20071000", "time": "2025-07-13T13:34:04.967850Z", "fetched_at": "2025-07-13T13:39:32.727619+00:00", "symbol": "DOGE-USD"}, {"trade_id": 138812042, "side": "sell", "size": "10684.80000000", "price": "0.20071000", "time": "2025-07-13T13:34:04.967598Z", "fetched_at": "2025-07-13T13:39:32.727619+00:00", "symbol": "DOGE-USD"}, {"trade_id": 138812041, "side": "sell", "size": "5.50000000", "price": "0.20070000", "time": "2025-07-13T13:34:04.967598Z", "fetched_at": "2025-07-13T13:39:32.727619+00:00", "symbol": "DOGE-USD"}, {"trade_id": 138812040, "side": "sell", "size": "598.30000000", "price": "0.20068000", "time": "2025-07-13T13:34:04.967598Z", "fetched_at": "2025-07-13T13:39:32.727619+00:00", "symbol": "DOGE-USD"}, {"trade_id": 138812039, "side": "sell", "size": "23.60000000", "price": "0.20068000", "time": "2025-07-13T13:34:04.904671Z", "fetched_at": "2025-07-13T13:39:32.727619+00:00", "symbol": "DOGE-USD"}, {"trade_id": 138812038, "side": "sell", "size": "267.80000000", "price": "0.20068000", "time": "2025-07-13T13:34:03.768111Z", "fetched_at": "2025-07-13T13:39:32.727619+00:00", "symbol": "DOGE-USD"}, {"trade_id": 138812037, "side": "sell", "size": "5.50000000", "price": "0.20068000", "time": "2025-07-13T13:34:03.768111Z", "fetched_at": "2025-07-13T13:39:32.727619+00:00", "symbol": "DOGE-USD"}, {"trade_id": 138812036, "side": "sell", "size": "15.80000000", "price": "0.20067000", "time": "2025-07-13T13:33:56.824923Z", "fetched_at": "2025-07-13T13:39:32.727619+00:00", "symbol": "DOGE-USD"}, {"trade_id": 138812035, "side": "sell", "size": "5.50000000", "price": "0.20066000", "time": "2025-07-13T13:33:56.824923Z", "fetched_at": "2025-07-13T13:39:32.727619+00:00", "symbol": "DOGE-USD"}, {"trade_id": 138812034, "side": "buy", "size": "528.90000000", "price": "0.20061000", "time": "2025-07-13T13:33:55.768866Z", "fetched_at": "2025-07-13T13:39:32.727619+00:00", "symbol": "DOGE-USD"}, {"trade_id": 138812033, "side": "buy", "size": "1407.30000000", "price": "0.20062000", "time": "2025-07-13T13:33:55.768866Z", "fetched_at": "2025-07-13T13:39:32.727619+00:00", "symbol": "DOGE-USD"}, {"trade_id": 138812032, "side": "buy", "size": "4737.90000000", "price": "0.20063000", "time": "2025-07-13T13:33:55.768866Z", "fetched_at": "2025-07-13T13:39:32.727619+00:00", "symbol": "DOGE-USD"}, {"trade_id": 138812031, "side": "buy", "size": "391.20000000", "price": "0.20063000", "time": "2025-07-13T13:33:55.768866Z", "fetched_at": "2025-07-13T13:39:32.727619+00:00", "symbol": "DOGE-USD"}, {"trade_id": 138812030, "side": "buy", "size": "391.20000000", "price": "0.20063000", "time": "2025-07-13T13:33:55.768866Z", "fetched_at": "2025-07-13T13:39:32.727619+00:00", "symbol": "DOGE-USD"}, {"trade_id": 138812029, "side": "buy", "size": "14.10000000", "price": "0.20064000", "time": "2025-07-13T13:33:55.768866Z", "fetched_at": "2025-07-13T13:39:32.727619+00:00", "symbol": "DOGE-USD"}, {"trade_id": 138812028, "side": "buy", "size": "254.90000000", "price": "0.20065000", "time": "2025-07-13T13:33:55.768866Z", "fetched_at": "2025-07-13T13:39:32.727619+00:00", "symbol": "DOGE-USD"}, {"trade_id": 138812027, "side": "sell", "size": "5.50000000", "price": "0.20064000", "time": "2025-07-13T13:33:55.395943Z", "fetched_at": "2025-07-13T13:39:32.727619+00:00", "symbol": "DOGE-USD"}, {"trade_id": 138812026, "side": "sell", "size": "5.50000000", "price": "0.20062000", "time": "2025-07-13T13:33:55.206574Z", "fetched_at": "2025-07-13T13:39:32.727619+00:00", "symbol": "DOGE-USD"}, {"trade_id": 138812025, "side": "buy", "size": "0.50000000", "price": "0.20056000", "time": "2025-07-13T13:33:35.416983Z", "fetched_at": "2025-07-13T13:39:32.727619+00:00", "symbol": "DOGE-USD"}, {"trade_id": 138812024, "side": "buy", "size": "5.50000000", "price": "0.20058000", "time": "2025-07-13T13:33:35.416983Z", "fetched_at": "2025-07-13T13:39:32.727619+00:00", "symbol": "DOGE-USD"}, {"trade_id": 138812023, "side": "buy", "size": "20.70000000", "price": "0.20063000", "time": "2025-07-13T13:33:30.368277Z", "fetched_at": "2025-07-13T13:39:32.727619+00:00", "symbol": "DOGE-USD"}, {"trade_id": 138812022, "side": "buy", "size": "264.30000000", "price": "0.20061000", "time": "2025-07-13T13:33:30.159836Z", "fetched_at": "2025-07-13T13:39:32.727619+00:00", "symbol": "DOGE-USD"}, {"trade_id": 138812021, "side": "buy", "size": "980.80000000", "price": "0.20063000", "time": "2025-07-13T13:33:30.159836Z", "fetched_at": "2025-07-13T13:39:32.727619+00:00", "symbol": "DOGE-USD"}, {"trade_id": 138812020, "side": "buy", "size": "254.90000000", "price": "0.20063000", "time": "2025-07-13T13:33:30.159836Z", "fetched_at": "2025-07-13T13:39:32.727619+00:00", "symbol": "DOGE-USD"}, {"trade_id": 138812019, "side": "sell", "size": "637.70000000", "price": "0.20063000", "time": "2025-07-13T13:33:29.488415Z", "fetched_at": "2025-07-13T13:39:32.727619+00:00", "symbol": "DOGE-USD"}, {"trade_id": 138812018, "side": "sell", "size": "46.30000000", "price": "0.20062000", "time": "2025-07-13T13:33:29.488415Z", "fetched_at": "2025-07-13T13:39:32.727619+00:00", "symbol": "DOGE-USD"}, {"trade_id": 138812017, "side": "sell", "size": "5.50000000", "price": "0.20062000", "time": "2025-07-13T13:33:29.488415Z", "fetched_at": "2025-07-13T13:39:32.727619+00:00", "symbol": "DOGE-USD"}, {"trade_id": 138812016, "side": "sell", "size": "5.50000000", "price": "0.20060000", "time": "2025-07-13T13:33:29.426115Z", "fetched_at": "2025-07-13T13:39:32.727619+00:00", "symbol": "DOGE-USD"}, {"trade_id": 138812015, "side": "sell", "size": "374.30000000", "price": "0.20060000", "time": "2025-07-13T13:33:29.426115Z", "fetched_at": "2025-07-13T13:39:32.727619+00:00", "symbol": "DOGE-USD"}, {"trade_id": 138812014, "side": "sell", "size": "5.50000000", "price": "0.20059000", "time": "2025-07-13T13:33:29.304259Z", "fetched_at": "2025-07-13T13:39:32.727619+00:00", "symbol": "DOGE-USD"}, {"trade_id": 138812013, "side": "sell", "size": "652.60000000", "price": "0.20059000", "time": "2025-07-13T13:33:29.207421Z", "fetched_at": "2025-07-13T13:39:32.727619+00:00", "symbol": "DOGE-USD"}, {"trade_id": 138812012, "side": "sell", "size": "5.50000000", "price": "0.20058000", "time": "2025-07-13T13:33:29.207421Z", "fetched_at": "2025-07-13T13:39:32.727619+00:00", "symbol": "DOGE-USD"}, {"trade_id": 138812011, "side": "sell", "size": "5.50000000", "price": "0.20056000", "time": "2025-07-13T13:33:28.238546Z", "fetched_at": "2025-07-13T13:39:32.727619+00:00", "symbol": "DOGE-USD"}, {"trade_id": 138812010, "side": "buy", "size": "76.30000000", "price": "0.20055000", "time": "2025-07-13T13:33:27.022266Z", "fetched_at": "2025-07-13T13:39:32.727619+00:00", "symbol": "DOGE-USD"}, {"trade_id": 138812009, "side": "sell", "size": "5.50000000", "price": "0.20054000", "time": "2025-07-13T13:33:25.814773Z", "fetched_at": "2025-07-13T13:39:32.727619+00:00", "symbol": "DOGE-USD"}, {"trade_id": 138812008, "side": "sell", "size": "118.70000000", "price": "0.20053000", "time": "2025-07-13T13:33:25.374429Z", "fetched_at": "2025-07-13T13:39:32.727619+00:00", "symbol": "DOGE-USD"}, {"trade_id": 138812007, "side": "sell", "size": "665.50000000", "price": "0.20053000", "time": "2025-07-13T13:33:25.374429Z", "fetched_at": "2025-07-13T13:39:32.727619+00:00", "symbol": "DOGE-USD"}, {"trade_id": 138812006, "side": "sell", "size": "5.50000000", "price": "0.20052000", "time": "2025-07-13T13:33:25.374429Z", "fetched_at": "2025-07-13T13:39:32.727619+00:00", "symbol": "DOGE-USD"}, {"trade_id": 138812005, "side": "sell", "size": "5.50000000", "price": "0.20052000", "time": "2025-07-13T13:33:16.295300Z", "fetched_at": "2025-07-13T13:39:32.727619+00:00", "symbol": "DOGE-USD"}, {"trade_id": 138812004, "side": "sell", "size": "132.10000000", "price": "0.20052000", "time": "2025-07-13T13:33:16.295300Z", "fetched_at": "2025-07-13T13:39:32.727619+00:00", "symbol": "DOGE-USD"}, {"trade_id": 138812003, "side": "sell", "size": "186.50000000", "price": "0.20051000", "time": "2025-07-13T13:33:14.104446Z", "fetched_at": "2025-07-13T13:39:32.727619+00:00", "symbol": "DOGE-USD"}, {"trade_id": 138812002, "side": "sell", "size": "5.50000000", "price": "0.20050000", "time": "2025-07-13T13:33:13.459319Z", "fetched_at": "2025-07-13T13:39:32.727619+00:00", "symbol": "DOGE-USD"}, {"trade_id": 138812001, "side": "sell", "size": "47.00000000", "price": "0.20050000", "time": "2025-07-13T13:33:13.459319Z", "fetched_at": "2025-07-13T13:39:32.727619+00:00", "symbol": "DOGE-USD"}, {"trade_id": 138812000, "side": "sell", "size": "16.40000000", "price": "0.20049000", "time": "2025-07-13T13:33:13.447664Z", "fetched_at": "2025-07-13T13:39:32.727619+00:00", "symbol": "DOGE-USD"}, {"trade_id": 138811999, "side": "sell", "size": "130.30000000", "price": "0.20049000", "time": "2025-07-13T13:33:13.438419Z", "fetched_at": "2025-07-13T13:39:32.727619+00:00", "symbol": "DOGE-USD"}, {"trade_id": 138811998, "side": "sell", "size": "5.50000000", "price": "0.20048000", "time": "2025-07-13T13:33:13.438419Z", "fetched_at": "2025-07-13T13:39:32.727619+00:00", "symbol": "DOGE-USD"}, {"trade_id": 138811997, "side": "sell", "size": "57.20000000", "price": "0.20048000", "time": "2025-07-13T13:33:13.438419Z", "fetched_at": "2025-07-13T13:39:32.727619+00:00", "symbol": "DOGE-USD"}, {"trade_id": 138811996, "side": "sell", "size": "42.00000000", "price": "0.20047000", "time": "2025-07-13T13:33:13.119467Z", "fetched_at": "2025-07-13T13:39:32.727619+00:00", "symbol": "DOGE-USD"}, {"trade_id": 138811995, "side": "sell", "size": "5.50000000", "price": "0.20046000", "time": "2025-07-13T13:33:13.107847Z", "fetched_at": "2025-07-13T13:39:32.727619+00:00", "symbol": "DOGE-USD"}, {"trade_id": 138811994, "side": "buy", "size": "5.50000000", "price": "0.20042000", "time": "2025-07-13T13:33:10.656791Z", "fetched_at": "2025-07-13T13:39:32.727619+00:00", "symbol": "DOGE-USD"}, {"trade_id": 138811993, "side": "buy", "size": "4737.90000000", "price": "0.20042000", "time": "2025-07-13T13:33:10.656791Z", "fetched_at": "2025-07-13T13:39:32.727619+00:00", "symbol": "DOGE-USD"}, {"trade_id": 138811992, "side": "buy", "size": "14.20000000", "price": "0.20043000", "time": "2025-07-13T13:33:10.656791Z", "fetched_at": "2025-07-13T13:39:32.727619+00:00", "symbol": "DOGE-USD"}, {"trade_id": 138811991, "side": "buy", "size": "254.90000000", "price": "0.20044000", "time": "2025-07-13T13:33:10.656791Z", "fetched_at": "2025-07-13T13:39:32.727619+00:00", "symbol": "DOGE-USD"}, {"trade_id": 138811990, "side": "sell", "size": "5.50000000", "price": "0.20046000", "time": "2025-07-13T13:33:08.412015Z", "fetched_at": "2025-07-13T13:39:32.727619+00:00", "symbol": "DOGE-USD"}, {"trade_id": 138811989, "side": "sell", "size": "1199.10000000", "price": "0.20045000", "time": "2025-07-13T13:33:01.105746Z", "fetched_at": "2025-07-13T13:39:32.727619+00:00", "symbol": "DOGE-USD"}, {"trade_id": 138811988, "side": "sell", "size": "23.70000000", "price": "0.20045000", "time": "2025-07-13T13:32:58.861446Z", "fetched_at": "2025-07-13T13:39:32.727619+00:00", "symbol": "DOGE-USD"}, {"trade_id": 138811987, "side": "sell", "size": "5.50000000", "price": "0.20044000", "time": "2025-07-13T13:32:56.648085Z", "fetched_at": "2025-07-13T13:39:32.727619+00:00", "symbol": "DOGE-USD"}, {"trade_id": 138811986, "side": "sell", "size": "5.50000000", "price": "0.20042000", "time": "2025-07-13T13:32:56.610983Z", "fetched_at": "2025-07-13T13:39:32.727619+00:00", "symbol": "DOGE-USD"}, {"trade_id": 138811985, "side": "sell", "size": "5.50000000", "price": "0.20040000", "time": "2025-07-13T13:32:55.113660Z", "fetched_at": "2025-07-13T13:39:32.727619+00:00", "symbol": "DOGE-USD"}, {"trade_id": 138811984, "side": "sell", "size": "5.50000000", "price": "0.20038000", "time": "2025-07-13T13:32:55.068493Z", "fetched_at": "2025-07-13T13:39:32.727619+00:00", "symbol": "DOGE-USD"}, {"trade_id": 138811983, "side": "buy", "size": "377.90000000", "price": "0.20037000", "time": "2025-07-13T13:32:54.992568Z", "fetched_at": "2025-07-13T13:39:32.727619+00:00", "symbol": "DOGE-USD"}, {"trade_id": 138811982, "side": "sell", "size": "1162.70000000", "price": "0.20031000", "time": "2025-07-13T13:32:46.470021Z", "fetched_at": "2025-07-13T13:39:32.727619+00:00", "symbol": "DOGE-USD"}, {"trade_id": 138811981, "side": "buy", "size": "5.50000000", "price": "0.20032000", "time": "2025-07-13T13:32:44.907645Z", "fetched_at": "2025-07-13T13:39:32.727619+00:00", "symbol": "DOGE-USD"}, {"trade_id": 138811980, "side": "buy", "size": "1686.40000000", "price": "0.20035000", "time": "2025-07-13T13:32:42.552149Z", "fetched_at": "2025-07-13T13:39:32.727619+00:00", "symbol": "DOGE-USD"}, {"trade_id": 138811979, "side": "sell", "size": "46.40000000", "price": "0.20035000", "time": "2025-07-13T13:32:42.528908Z", "fetched_at": "2025-07-13T13:39:32.727619+00:00", "symbol": "DOGE-USD"}, {"trade_id": 138811978, "side": "sell", "size": "769.50000000", "price": "0.20035000", "time": "2025-07-13T13:32:42.528908Z", "fetched_at": "2025-07-13T13:39:32.727619+00:00", "symbol": "DOGE-USD"}, {"trade_id": 138811977, "side": "sell", "size": "1290.20000000", "price": "0.20034000", "time": "2025-07-13T13:32:42.528908Z", "fetched_at": "2025-07-13T13:39:32.727619+00:00", "symbol": "DOGE-USD"}, {"trade_id": 138811976, "side": "sell", "size": "1186.20000000", "price": "0.20033000", "time": "2025-07-13T13:32:42.528908Z", "fetched_at": "2025-07-13T13:39:32.727619+00:00", "symbol": "DOGE-USD"}, {"trade_id": 138811975, "side": "sell", "size": "47.40000000", "price": "0.20033000", "time": "2025-07-13T13:32:40.953398Z", "fetched_at": "2025-07-13T13:39:32.727619+00:00", "symbol": "DOGE-USD"}, {"trade_id": 138811974, "side": "sell", "size": "145.60000000", "price": "0.20036000", "time": "2025-07-13T13:32:35.148663Z", "fetched_at": "2025-07-13T13:39:32.727619+00:00", "symbol": "DOGE-USD"}, {"trade_id": 138811973, "side": "sell", "size": "69.30000000", "price": "0.20037000", "time": "2025-07-13T13:32:34.244801Z", "fetched_at": "2025-07-13T13:39:32.727619+00:00", "symbol": "DOGE-USD"}, {"trade_id": 138811972, "side": "sell", "size": "5.50000000", "price": "0.20036000", "time": "2025-07-13T13:32:34.244801Z", "fetched_at": "2025-07-13T13:39:32.727619+00:00", "symbol": "DOGE-USD"}, {"trade_id": 138811971, "side": "sell", "size": "719.00000000", "price": "0.20035000", "time": "2025-07-13T13:32:33.507862Z", "fetched_at": "2025-07-13T13:39:32.727619+00:00", "symbol": "DOGE-USD"}, {"trade_id": 138811970, "side": "sell", "size": "236.80000000", "price": "0.20035000", "time": "2025-07-13T13:32:32.836685Z", "fetched_at": "2025-07-13T13:39:32.727619+00:00", "symbol": "DOGE-USD"}, {"trade_id": 138811969, "side": "sell", "size": "5.50000000", "price": "0.20034000", "time": "2025-07-13T13:32:32.498226Z", "fetched_at": "2025-07-13T13:39:32.727619+00:00", "symbol": "DOGE-USD"}, {"trade_id": 138811968, "side": "sell", "size": "5.50000000", "price": "0.20032000", "time": "2025-07-13T13:32:31.569247Z", "fetched_at": "2025-07-13T13:39:32.727619+00:00", "symbol": "DOGE-USD"}, {"trade_id": 138811967, "side": "buy", "size": "1.10000000", "price": "0.20031000", "time": "2025-07-13T13:32:25.613832Z", "fetched_at": "2025-07-13T13:39:32.727619+00:00", "symbol": "DOGE-USD"}, {"trade_id": 138811966, "side": "sell", "size": "4.70000000", "price": "0.20028000", "time": "2025-07-13T13:32:24.716183Z", "fetched_at": "2025-07-13T13:39:32.727619+00:00", "symbol": "DOGE-USD"}, {"trade_id": 138811965, "side": "buy", "size": "141.90000000", "price": "0.20023000", "time": "2025-07-13T13:32:15.546805Z", "fetched_at": "2025-07-13T13:39:32.727619+00:00", "symbol": "DOGE-USD"}, {"trade_id": 138811964, "side": "buy", "size": "1438.80000000", "price": "0.20024000", "time": "2025-07-13T13:32:15.546805Z", "fetched_at": "2025-07-13T13:39:32.727619+00:00", "symbol": "DOGE-USD"}, {"trade_id": 138811963, "side": "buy", "size": "5.50000000", "price": "0.20024000", "time": "2025-07-13T13:32:15.546805Z", "fetched_at": "2025-07-13T13:39:32.727619+00:00", "symbol": "DOGE-USD"}, {"trade_id": 138811962, "side": "buy", "size": "13.00000000", "price": "0.20025000", "time": "2025-07-13T13:32:15.546805Z", "fetched_at": "2025-07-13T13:39:32.727619+00:00", "symbol": "DOGE-USD"}, {"trade_id": 138811961, "side": "buy", "size": "5.50000000", "price": "0.20026000", "time": "2025-07-13T13:32:15.546805Z", "fetched_at": "2025-07-13T13:39:32.727619+00:00", "symbol": "DOGE-USD"}, {"trade_id": 138811960, "side": "buy", "size": "254.90000000", "price": "0.20027000", "time": "2025-07-13T13:32:15.546805Z", "fetched_at": "2025-07-13T13:39:32.727619+00:00", "symbol": "DOGE-USD"}, {"trade_id": 138811959, "side": "sell", "size": "969.50000000", "price": "0.20029000", "time": "2025-07-13T13:32:15.226249Z", "fetched_at": "2025-07-13T13:39:32.727619+00:00", "symbol": "DOGE-USD"}, {"trade_id": 138811958, "side": "buy", "size": "5.50000000", "price": "0.20028000", "time": "2025-07-13T13:32:10.446880Z", "fetched_at": "2025-07-13T13:39:32.727619+00:00", "symbol": "DOGE-USD"}, {"trade_id": 138811957, "side": "buy", "size": "11.50000000", "price": "0.20036000", "time": "2025-07-13T13:32:03.821572Z", "fetched_at": "2025-07-13T13:39:32.727619+00:00", "symbol": "DOGE-USD"}, {"trade_id": 138811956, "side": "buy", "size": "254.90000000", "price": "0.20037000", "time": "2025-07-13T13:32:03.814459Z", "fetched_at": "2025-07-13T13:39:32.727619+00:00", "symbol": "DOGE-USD"}, {"trade_id": 138811955, "side": "buy", "size": "254.90000000", "price": "0.20042000", "time": "2025-07-13T13:32:03.783952Z", "fetched_at": "2025-07-13T13:39:32.727619+00:00", "symbol": "DOGE-USD"}, {"trade_id": 138811954, "side": "sell", "size": "769.50000000", "price": "0.20040000", "time": "2025-07-13T13:32:03.774152Z", "fetched_at": "2025-07-13T13:39:32.727619+00:00", "symbol": "DOGE-USD"}, {"trade_id": 138811953, "side": "sell", "size": "769.50000000", "price": "0.20039000", "time": "2025-07-13T13:32:03.774152Z", "fetched_at": "2025-07-13T13:39:32.727619+00:00", "symbol": "DOGE-USD"}, {"trade_id": 138811952, "side": "buy", "size": "254.90000000", "price": "0.20039000", "time": "2025-07-13T13:32:03.752872Z", "fetched_at": "2025-07-13T13:39:32.727619+00:00", "symbol": "DOGE-USD"}, {"trade_id": 138811951, "side": "buy", "size": "254.90000000", "price": "0.20039000", "time": "2025-07-13T13:32:03.738514Z", "fetched_at": "2025-07-13T13:39:32.727619+00:00", "symbol": "DOGE-USD"}, {"trade_id": 138811950, "side": "sell", "size": "769.50000000", "price": "0.20036000", "time": "2025-07-13T13:32:03.731148Z", "fetched_at": "2025-07-13T13:39:32.727619+00:00", "symbol": "DOGE-USD"}, {"trade_id": 138811949, "side": "sell", "size": "265.20000000", "price": "0.20035000", "time": "2025-07-13T13:32:03.731148Z", "fetched_at": "2025-07-13T13:39:32.727619+00:00", "symbol": "DOGE-USD"}, {"trade_id": 138811948, "side": "buy", "size": "254.90000000", "price": "0.20039000", "time": "2025-07-13T13:32:03.697861Z", "fetched_at": "2025-07-13T13:39:32.727619+00:00", "symbol": "DOGE-USD"}, {"trade_id": 138811947, "side": "sell", "size": "265.20000000", "price": "0.20040000", "time": "2025-07-13T13:32:03.690258Z", "fetched_at": "2025-07-13T13:39:32.727619+00:00", "symbol": "DOGE-USD"}, {"trade_id": 138811946, "side": "sell", "size": "265.20000000", "price": "0.20039000", "time": "2025-07-13T13:32:03.690258Z", "fetched_at": "2025-07-13T13:39:32.727619+00:00", "symbol": "DOGE-USD"}, {"trade_id": 138811945, "side": "sell", "size": "769.50000000", "price": "0.20038000", "time": "2025-07-13T13:32:03.690258Z", "fetched_at": "2025-07-13T13:39:32.727619+00:00", "symbol": "DOGE-USD"}, {"trade_id": 138811944, "side": "sell", "size": "265.20000000", "price": "0.20037000", "time": "2025-07-13T13:32:03.690258Z", "fetched_at": "2025-07-13T13:39:32.727619+00:00", "symbol": "DOGE-USD"}, {"trade_id": 138811943, "side": "sell", "size": "769.50000000", "price": "0.20034000", "time": "2025-07-13T13:32:03.690258Z", "fetched_at": "2025-07-13T13:39:32.727619+00:00", "symbol": "DOGE-USD"}, {"trade_id": 138811942, "side": "sell", "size": "178208.00000000", "price": "0.20020000", "time": "2025-07-13T13:32:03.673072Z", "fetched_at": "2025-07-13T13:39:32.727619+00:00", "symbol": "DOGE-USD"}, {"trade_id": 138811941, "side": "sell", "size": "32454.20000000", "price": "0.20020000", "time": "2025-07-13T13:32:03.672496Z", "fetched_at": "2025-07-13T13:39:32.727619+00:00", "symbol": "DOGE-USD"}, {"trade_id": 138811940, "side": "sell", "size": "2308.50000000", "price": "0.20020000", "time": "2025-07-13T13:32:03.672292Z", "fetched_at": "2025-07-13T13:39:32.727619+00:00", "symbol": "DOGE-USD"}, {"trade_id": 138811939, "side": "sell", "size": "2993.20000000", "price": "0.20020000", "time": "2025-07-13T13:32:03.671007Z", "fetched_at": "2025-07-13T13:39:32.727619+00:00", "symbol": "DOGE-USD"}, {"trade_id": 138811938, "side": "sell", "size": "5045.90000000", "price": "0.20020000", "time": "2025-07-13T13:32:03.670170Z", "fetched_at": "2025-07-13T13:39:32.727619+00:00", "symbol": "DOGE-USD"}, {"trade_id": 138811937, "side": "sell", "size": "3103.90000000", "price": "0.20020000", "time": "2025-07-13T13:32:03.669921Z", "fetched_at": "2025-07-13T13:39:32.727619+00:00", "symbol": "DOGE-USD"}, {"trade_id": 138811936, "side": "sell", "size": "19237.50000000", "price": "0.20020000", "time": "2025-07-13T13:32:03.669896Z", "fetched_at": "2025-07-13T13:39:32.727619+00:00", "symbol": "DOGE-USD"}, {"trade_id": 138811935, "side": "sell", "size": "306328.90000000", "price": "0.20020000", "time": "2025-07-13T13:32:03.669763Z", "fetched_at": "2025-07-13T13:39:32.727619+00:00", "symbol": "DOGE-USD"}, {"trade_id": 138811934, "side": "sell", "size": "8125.30000000", "price": "0.20020000", "time": "2025-07-13T13:32:03.669155Z", "fetched_at": "2025-07-13T13:39:32.727619+00:00", "symbol": "DOGE-USD"}, {"trade_id": 138811933, "side": "sell", "size": "9182.50000000", "price": "0.20020000", "time": "2025-07-13T13:32:03.668994Z", "fetched_at": "2025-07-13T13:39:32.727619+00:00", "symbol": "DOGE-USD"}, {"trade_id": 138811932, "side": "buy", "size": "62437.10000000", "price": "0.20020000", "time": "2025-07-13T13:32:03.662082Z", "fetched_at": "2025-07-13T13:39:32.727619+00:00", "symbol": "DOGE-USD"}, {"trade_id": 138811931, "side": "buy", "size": "80000.00000000", "price": "0.20020000", "time": "2025-07-13T13:32:03.662082Z", "fetched_at": "2025-07-13T13:39:32.727619+00:00", "symbol": "DOGE-USD"}, {"trade_id": 138811930, "side": "buy", "size": "3450.00000000", "price": "0.20020000", "time": "2025-07-13T13:32:03.662082Z", "fetched_at": "2025-07-13T13:39:32.727619+00:00", "symbol": "DOGE-USD"}, {"trade_id": 138811929, "side": "buy", "size": "5790.80000000", "price": "0.20020000", "time": "2025-07-13T13:32:03.662082Z", "fetched_at": "2025-07-13T13:39:32.727619+00:00", "symbol": "DOGE-USD"}, {"trade_id": 138811928, "side": "buy", "size": "769.50000000", "price": "0.20020000", "time": "2025-07-13T13:32:03.662082Z", "fetched_at": "2025-07-13T13:39:32.727619+00:00", "symbol": "DOGE-USD"}, {"trade_id": 138811927, "side": "buy", "size": "5.50000000", "price": "0.20020000", "time": "2025-07-13T13:32:03.662082Z", "fetched_at": "2025-07-13T13:39:32.727619+00:00", "symbol": "DOGE-USD"}, {"trade_id": 138811926, "side": "buy", "size": "48949.90000000", "price": "0.20021000", "time": "2025-07-13T13:32:03.662082Z", "fetched_at": "2025-07-13T13:39:32.727619+00:00", "symbol": "DOGE-USD"}, {"trade_id": 138811925, "side": "buy", "size": "6775.00000000", "price": "0.20021000", "time": "2025-07-13T13:32:03.662082Z", "fetched_at": "2025-07-13T13:39:32.727619+00:00", "symbol": "DOGE-USD"}, {"trade_id": 138811924, "side": "buy", "size": "5790.80000000", "price": "0.20021000", "time": "2025-07-13T13:32:03.662082Z", "fetched_at": "2025-07-13T13:39:32.727619+00:00", "symbol": "DOGE-USD"}, {"trade_id": 138811923, "side": "buy", "size": "24860.20000000", "price": "0.20021000", "time": "2025-07-13T13:32:03.662082Z", "fetched_at": "2025-07-13T13:39:32.727619+00:00", "symbol": "DOGE-USD"}, {"trade_id": 138811922, "side": "buy", "size": "2085.10000000", "price": "0.20021000", "time": "2025-07-13T13:32:03.662082Z", "fetched_at": "2025-07-13T13:39:32.727619+00:00", "symbol": "DOGE-USD"}, {"trade_id": 138811921, "side": "buy", "size": "2051.20000000", "price": "0.20021000", "time": "2025-07-13T13:32:03.662082Z", "fetched_at": "2025-07-13T13:39:32.727619+00:00", "symbol": "DOGE-USD"}, {"trade_id": 138811920, "side": "buy", "size": "4070.50000000", "price": "0.20022000", "time": "2025-07-13T13:32:03.662082Z", "fetched_at": "2025-07-13T13:39:32.727619+00:00", "symbol": "DOGE-USD"}, {"trade_id": 138811919, "side": "buy", "size": "7980.60000000", "price": "0.20022000", "time": "2025-07-13T13:32:03.662082Z", "fetched_at": "2025-07-13T13:39:32.727619+00:00", "symbol": "DOGE-USD"}, {"trade_id": 138811918, "side": "buy", "size": "11951.70000000", "price": "0.20022000", "time": "2025-07-13T13:32:03.662082Z", "fetched_at": "2025-07-13T13:39:32.727619+00:00", "symbol": "DOGE-USD"}, {"trade_id": 138811917, "side": "buy", "size": "2635.00000000", "price": "0.20022000", "time": "2025-07-13T13:32:03.662082Z", "fetched_at": "2025-07-13T13:39:32.727619+00:00", "symbol": "DOGE-USD"}, {"trade_id": 138811916, "side": "buy", "size": "5.50000000", "price": "0.20022000", "time": "2025-07-13T13:32:03.662082Z", "fetched_at": "2025-07-13T13:39:32.727619+00:00", "symbol": "DOGE-USD"}, {"trade_id": 138811915, "side": "buy", "size": "2250.80000000", "price": "0.20023000", "time": "2025-07-13T13:32:03.662082Z", "fetched_at": "2025-07-13T13:39:32.727619+00:00", "symbol": "DOGE-USD"}, {"trade_id": 138811914, "side": "buy", "size": "5787.60000000", "price": "0.20023000", "time": "2025-07-13T13:32:03.662082Z", "fetched_at": "2025-07-13T13:39:32.727619+00:00", "symbol": "DOGE-USD"}, {"trade_id": 138811913, "side": "buy", "size": "2054.70000000", "price": "0.20024000", "time": "2025-07-13T13:32:03.662082Z", "fetched_at": "2025-07-13T13:39:32.727619+00:00", "symbol": "DOGE-USD"}, {"trade_id": 138811912, "side": "buy", "size": "2363.50000000", "price": "0.20024000", "time": "2025-07-13T13:32:03.662082Z", "fetched_at": "2025-07-13T13:39:32.727619+00:00", "symbol": "DOGE-USD"}, {"trade_id": 138811911, "side": "buy", "size": "5.50000000", "price": "0.20024000", "time": "2025-07-13T13:32:03.662082Z", "fetched_at": "2025-07-13T13:39:32.727619+00:00", "symbol": "DOGE-USD"}, {"trade_id": 138811910, "side": "buy", "size": "3461.10000000", "price": "0.20025000", "time": "2025-07-13T13:32:03.662082Z", "fetched_at": "2025-07-13T13:39:32.727619+00:00", "symbol": "DOGE-USD"}, {"trade_id": 138811909, "side": "buy", "size": "3745.30000000", "price": "0.20025000", "time": "2025-07-13T13:32:03.662082Z", "fetched_at": "2025-07-13T13:39:32.727619+00:00", "symbol": "DOGE-USD"}, {"trade_id": 138811908, "side": "buy", "size": "5787.60000000", "price": "0.20025000", "time": "2025-07-13T13:32:03.662082Z", "fetched_at": "2025-07-13T13:39:32.727619+00:00", "symbol": "DOGE-USD"}, {"trade_id": 138811907, "side": "buy", "size": "2825.90000000", "price": "0.20026000", "time": "2025-07-13T13:32:03.662082Z", "fetched_at": "2025-07-13T13:39:32.727619+00:00", "symbol": "DOGE-USD"}, {"trade_id": 138811906, "side": "buy", "size": "2054.70000000", "price": "0.20026000", "time": "2025-07-13T13:32:03.662082Z", "fetched_at": "2025-07-13T13:39:32.727619+00:00", "symbol": "DOGE-USD"}, {"trade_id": 138811905, "side": "buy", "size": "2363.50000000", "price": "0.20026000", "time": "2025-07-13T13:32:03.662082Z", "fetched_at": "2025-07-13T13:39:32.727619+00:00", "symbol": "DOGE-USD"}, {"trade_id": 138811904, "side": "buy", "size": "769.50000000", "price": "0.20026000", "time": "2025-07-13T13:32:03.662082Z", "fetched_at": "2025-07-13T13:39:32.727619+00:00", "symbol": "DOGE-USD"}, {"trade_id": 138811903, "side": "buy", "size": "3.90000000", "price": "0.20026000", "time": "2025-07-13T13:32:03.662082Z", "fetched_at": "2025-07-13T13:39:32.727619+00:00", "symbol": "DOGE-USD"}, {"trade_id": 138811902, "side": "buy", "size": "2993.20000000", "price": "0.20027000", "time": "2025-07-13T13:32:03.662082Z", "fetched_at": "2025-07-13T13:39:32.727619+00:00", "symbol": "DOGE-USD"}, {"trade_id": 138811901, "side": "buy", "size": "12481.50000000", "price": "0.20027000", "time": "2025-07-13T13:32:03.662082Z", "fetched_at": "2025-07-13T13:39:32.727619+00:00", "symbol": "DOGE-USD"}, {"trade_id": 138811900, "side": "buy", "size": "5787.60000000", "price": "0.20027000", "time": "2025-07-13T13:32:03.662082Z", "fetched_at": "2025-07-13T13:39:32.727619+00:00", "symbol": "DOGE-USD"}, {"trade_id": 138811899, "side": "buy", "size": "4172.30000000", "price": "0.20028000", "time": "2025-07-13T13:32:03.662082Z", "fetched_at": "2025-07-13T13:39:32.727619+00:00", "symbol": "DOGE-USD"}, {"trade_id": 138811898, "side": "buy", "size": "5.50000000", "price": "0.20028000", "time": "2025-07-13T13:32:03.662082Z", "fetched_at": "2025-07-13T13:39:32.727619+00:00", "symbol": "DOGE-USD"}, {"trade_id": 138811897, "side": "buy", "size": "24860.20000000", "price": "0.20028000", "time": "2025-07-13T13:32:03.662082Z", "fetched_at": "2025-07-13T13:39:32.727619+00:00", "symbol": "DOGE-USD"}, {"trade_id": 138811896, "side": "buy", "size": "7631.20000000", "price": "0.20028000", "time": "2025-07-13T13:32:03.662082Z", "fetched_at": "2025-07-13T13:39:32.727619+00:00", "symbol": "DOGE-USD"}, {"trade_id": 138811895, "side": "buy", "size": "5775.20000000", "price": "0.20029000", "time": "2025-07-13T13:32:03.662082Z", "fetched_at": "2025-07-13T13:39:32.727619+00:00", "symbol": "DOGE-USD"}, {"trade_id": 138811894, "side": "buy", "size": "14916.10000000", "price": "0.20029000", "time": "2025-07-13T13:32:03.662082Z", "fetched_at": "2025-07-13T13:39:32.727619+00:00", "symbol": "DOGE-USD"}, {"trade_id": 138811893, "side": "buy", "size": "1190.10000000", "price": "0.20030000", "time": "2025-07-13T13:32:03.662082Z", "fetched_at": "2025-07-13T13:39:32.727619+00:00", "symbol": "DOGE-USD"}, {"trade_id": 138811892, "side": "buy", "size": "5321.40000000", "price": "0.20030000", "time": "2025-07-13T13:32:03.662082Z", "fetched_at": "2025-07-13T13:39:32.727619+00:00", "symbol": "DOGE-USD"}, {"trade_id": 138811891, "side": "buy", "size": "5775.20000000", "price": "0.20030000", "time": "2025-07-13T13:32:03.662082Z", "fetched_at": "2025-07-13T13:39:32.727619+00:00", "symbol": "DOGE-USD"}, {"trade_id": 138811890, "side": "buy", "size": "3191.00000000", "price": "0.20030000", "time": "2025-07-13T13:32:03.662082Z", "fetched_at": "2025-07-13T13:39:32.727619+00:00", "symbol": "DOGE-USD"}, {"trade_id": 138811889, "side": "buy", "size": "5.50000000", "price": "0.20030000", "time": "2025-07-13T13:32:03.662082Z", "fetched_at": "2025-07-13T13:39:32.727619+00:00", "symbol": "DOGE-USD"}