[{"trade_id": 138804310, "side": "sell", "size": "145.50000000", "price": "0.19842000", "time": "2025-07-13T11:46:07.452954Z", "fetched_at": "2025-07-13T11:46:16.072685+00:00", "symbol": "DOGE-USD"}, {"trade_id": 138804309, "side": "sell", "size": "50.40000000", "price": "0.19841000", "time": "2025-07-13T11:46:07.452954Z", "fetched_at": "2025-07-13T11:46:16.072685+00:00", "symbol": "DOGE-USD"}, {"trade_id": 138804308, "side": "sell", "size": "5.60000000", "price": "0.19842000", "time": "2025-07-13T11:46:04.180929Z", "fetched_at": "2025-07-13T11:46:16.072685+00:00", "symbol": "DOGE-USD"}, {"trade_id": 138804307, "side": "sell", "size": "5.60000000", "price": "0.19840000", "time": "2025-07-13T11:46:04.068772Z", "fetched_at": "2025-07-13T11:46:16.072685+00:00", "symbol": "DOGE-USD"}, {"trade_id": 138804306, "side": "buy", "size": "899.00000000", "price": "0.19839000", "time": "2025-07-13T11:45:59.979719Z", "fetched_at": "2025-07-13T11:46:16.072685+00:00", "symbol": "DOGE-USD"}, {"trade_id": 138804305, "side": "buy", "size": "1165.30000000", "price": "0.19839000", "time": "2025-07-13T11:45:59.979719Z", "fetched_at": "2025-07-13T11:46:16.072685+00:00", "symbol": "DOGE-USD"}, {"trade_id": 138804304, "side": "buy", "size": "440.40000000", "price": "0.19839000", "time": "2025-07-13T11:45:59.979719Z", "fetched_at": "2025-07-13T11:46:16.072685+00:00", "symbol": "DOGE-USD"}, {"trade_id": 138804303, "side": "buy", "size": "265.20000000", "price": "0.19839000", "time": "2025-07-13T11:45:59.979719Z", "fetched_at": "2025-07-13T11:46:16.072685+00:00", "symbol": "DOGE-USD"}, {"trade_id": 138804302, "side": "buy", "size": "254.90000000", "price": "0.19839000", "time": "2025-07-13T11:45:59.979719Z", "fetched_at": "2025-07-13T11:46:16.072685+00:00", "symbol": "DOGE-USD"}, {"trade_id": 138804301, "side": "sell", "size": "50.50000000", "price": "0.19836000", "time": "2025-07-13T11:45:55.749194Z", "fetched_at": "2025-07-13T11:46:16.072685+00:00", "symbol": "DOGE-USD"}, {"trade_id": 138804300, "side": "buy", "size": "3933.40000000", "price": "0.19831000", "time": "2025-07-13T11:45:50.806991Z", "fetched_at": "2025-07-13T11:46:16.072685+00:00", "symbol": "DOGE-USD"}, {"trade_id": 138804299, "side": "buy", "size": "2717.50000000", "price": "0.19831000", "time": "2025-07-13T11:45:50.806991Z", "fetched_at": "2025-07-13T11:46:16.072685+00:00", "symbol": "DOGE-USD"}, {"trade_id": 138804298, "side": "buy", "size": "2000.00000000", "price": "0.19836000", "time": "2025-07-13T11:45:50.806991Z", "fetched_at": "2025-07-13T11:46:16.072685+00:00", "symbol": "DOGE-USD"}, {"trade_id": 138804297, "side": "buy", "size": "7282.50000000", "price": "0.19831000", "time": "2025-07-13T11:45:50.806200Z", "fetched_at": "2025-07-13T11:46:16.072685+00:00", "symbol": "DOGE-USD"}, {"trade_id": 138804296, "side": "buy", "size": "769.50000000", "price": "0.19831000", "time": "2025-07-13T11:45:50.806200Z", "fetched_at": "2025-07-13T11:46:16.072685+00:00", "symbol": "DOGE-USD"}, {"trade_id": 138804295, "side": "buy", "size": "2000.00000000", "price": "0.19832000", "time": "2025-07-13T11:45:50.806200Z", "fetched_at": "2025-07-13T11:46:16.072685+00:00", "symbol": "DOGE-USD"}, {"trade_id": 138804294, "side": "buy", "size": "5.60000000", "price": "0.19832000", "time": "2025-07-13T11:45:50.806200Z", "fetched_at": "2025-07-13T11:46:16.072685+00:00", "symbol": "DOGE-USD"}, {"trade_id": 138804293, "side": "buy", "size": "1816.30000000", "price": "0.19833000", "time": "2025-07-13T11:45:50.806200Z", "fetched_at": "2025-07-13T11:46:16.072685+00:00", "symbol": "DOGE-USD"}, {"trade_id": 138804292, "side": "buy", "size": "769.50000000", "price": "0.19833000", "time": "2025-07-13T11:45:50.806200Z", "fetched_at": "2025-07-13T11:46:16.072685+00:00", "symbol": "DOGE-USD"}, {"trade_id": 138804291, "side": "buy", "size": "1313.60000000", "price": "0.19834000", "time": "2025-07-13T11:45:50.806200Z", "fetched_at": "2025-07-13T11:46:16.072685+00:00", "symbol": "DOGE-USD"}, {"trade_id": 138804290, "side": "buy", "size": "5.60000000", "price": "0.19834000", "time": "2025-07-13T11:45:50.806200Z", "fetched_at": "2025-07-13T11:46:16.072685+00:00", "symbol": "DOGE-USD"}, {"trade_id": 138804289, "side": "buy", "size": "50.50000000", "price": "0.19836000", "time": "2025-07-13T11:45:50.803408Z", "fetched_at": "2025-07-13T11:46:16.072685+00:00", "symbol": "DOGE-USD"}, {"trade_id": 138804288, "side": "buy", "size": "5.60000000", "price": "0.19836000", "time": "2025-07-13T11:45:50.803408Z", "fetched_at": "2025-07-13T11:46:16.072685+00:00", "symbol": "DOGE-USD"}, {"trade_id": 138804287, "side": "buy", "size": "5.60000000", "price": "0.19838000", "time": "2025-07-13T11:45:50.803408Z", "fetched_at": "2025-07-13T11:46:16.072685+00:00", "symbol": "DOGE-USD"}, {"trade_id": 138804286, "side": "buy", "size": "5.60000000", "price": "0.19840000", "time": "2025-07-13T11:45:50.803408Z", "fetched_at": "2025-07-13T11:46:16.072685+00:00", "symbol": "DOGE-USD"}, {"trade_id": 138804285, "side": "buy", "size": "5.60000000", "price": "0.19842000", "time": "2025-07-13T11:45:46.858356Z", "fetched_at": "2025-07-13T11:46:16.072685+00:00", "symbol": "DOGE-USD"}, {"trade_id": 138804284, "side": "buy", "size": "5.60000000", "price": "0.19844000", "time": "2025-07-13T11:45:41.857676Z", "fetched_at": "2025-07-13T11:46:16.072685+00:00", "symbol": "DOGE-USD"}, {"trade_id": 138804283, "side": "buy", "size": "7.30000000", "price": "0.19846000", "time": "2025-07-13T11:45:39.385265Z", "fetched_at": "2025-07-13T11:46:16.072685+00:00", "symbol": "DOGE-USD"}, {"trade_id": 138804282, "side": "buy", "size": "5.60000000", "price": "0.19846000", "time": "2025-07-13T11:45:39.385265Z", "fetched_at": "2025-07-13T11:46:16.072685+00:00", "symbol": "DOGE-USD"}, {"trade_id": 138804281, "side": "buy", "size": "5.60000000", "price": "0.19848000", "time": "2025-07-13T11:45:37.591887Z", "fetched_at": "2025-07-13T11:46:16.072685+00:00", "symbol": "DOGE-USD"}, {"trade_id": 138804280, "side": "buy", "size": "5.60000000", "price": "0.19850000", "time": "2025-07-13T11:45:37.479745Z", "fetched_at": "2025-07-13T11:46:16.072685+00:00", "symbol": "DOGE-USD"}, {"trade_id": 138804279, "side": "buy", "size": "17865.10000000", "price": "0.19851000", "time": "2025-07-13T11:45:33.788387Z", "fetched_at": "2025-07-13T11:46:16.072685+00:00", "symbol": "DOGE-USD"}, {"trade_id": 138804278, "side": "buy", "size": "50.40000000", "price": "0.19852000", "time": "2025-07-13T11:45:33.788387Z", "fetched_at": "2025-07-13T11:46:16.072685+00:00", "symbol": "DOGE-USD"}, {"trade_id": 138804277, "side": "buy", "size": "5.60000000", "price": "0.19852000", "time": "2025-07-13T11:45:33.788387Z", "fetched_at": "2025-07-13T11:46:16.072685+00:00", "symbol": "DOGE-USD"}, {"trade_id": 138804276, "side": "buy", "size": "5.60000000", "price": "0.19854000", "time": "2025-07-13T11:45:33.788387Z", "fetched_at": "2025-07-13T11:46:16.072685+00:00", "symbol": "DOGE-USD"}, {"trade_id": 138804275, "side": "buy", "size": "402.80000000", "price": "0.19855000", "time": "2025-07-13T11:45:25.091027Z", "fetched_at": "2025-07-13T11:46:16.072685+00:00", "symbol": "DOGE-USD"}, {"trade_id": 138804274, "side": "buy", "size": "7.40000000", "price": "0.19859000", "time": "2025-07-13T11:45:19.731044Z", "fetched_at": "2025-07-13T11:46:16.072685+00:00", "symbol": "DOGE-USD"}, {"trade_id": 138804273, "side": "buy", "size": "477.40000000", "price": "0.19853000", "time": "2025-07-13T11:45:10.087131Z", "fetched_at": "2025-07-13T11:46:16.072685+00:00", "symbol": "DOGE-USD"}, {"trade_id": 138804272, "side": "buy", "size": "1889.80000000", "price": "0.19853000", "time": "2025-07-13T11:45:10.087131Z", "fetched_at": "2025-07-13T11:46:16.072685+00:00", "symbol": "DOGE-USD"}, {"trade_id": 138804271, "side": "buy", "size": "1384.60000000", "price": "0.19853000", "time": "2025-07-13T11:45:10.087131Z", "fetched_at": "2025-07-13T11:46:16.072685+00:00", "symbol": "DOGE-USD"}, {"trade_id": 138804270, "side": "buy", "size": "39.50000000", "price": "0.19854000", "time": "2025-07-13T11:45:10.087131Z", "fetched_at": "2025-07-13T11:46:16.072685+00:00", "symbol": "DOGE-USD"}, {"trade_id": 138804269, "side": "buy", "size": "5.60000000", "price": "0.19854000", "time": "2025-07-13T11:45:10.087131Z", "fetched_at": "2025-07-13T11:46:16.072685+00:00", "symbol": "DOGE-USD"}, {"trade_id": 138804268, "side": "buy", "size": "1163.10000000", "price": "0.19855000", "time": "2025-07-13T11:45:10.087131Z", "fetched_at": "2025-07-13T11:46:16.072685+00:00", "symbol": "DOGE-USD"}, {"trade_id": 138804267, "side": "buy", "size": "440.40000000", "price": "0.19856000", "time": "2025-07-13T11:45:10.087131Z", "fetched_at": "2025-07-13T11:46:16.072685+00:00", "symbol": "DOGE-USD"}, {"trade_id": 138804266, "side": "sell", "size": "48.40000000", "price": "0.19858000", "time": "2025-07-13T11:45:02.577949Z", "fetched_at": "2025-07-13T11:46:16.072685+00:00", "symbol": "DOGE-USD"}, {"trade_id": 138804265, "side": "sell", "size": "50.40000000", "price": "0.19858000", "time": "2025-07-13T11:45:02.577949Z", "fetched_at": "2025-07-13T11:46:16.072685+00:00", "symbol": "DOGE-USD"}, {"trade_id": 138804264, "side": "sell", "size": "24.40000000", "price": "0.19855000", "time": "2025-07-13T11:44:40.414425Z", "fetched_at": "2025-07-13T11:46:16.072685+00:00", "symbol": "DOGE-USD"}, {"trade_id": 138804263, "side": "buy", "size": "50.40000000", "price": "0.19856000", "time": "2025-07-13T11:44:30.656878Z", "fetched_at": "2025-07-13T11:46:16.072685+00:00", "symbol": "DOGE-USD"}, {"trade_id": 138804262, "side": "buy", "size": "5258.20000000", "price": "0.19856000", "time": "2025-07-13T11:44:30.652762Z", "fetched_at": "2025-07-13T11:46:16.072685+00:00", "symbol": "DOGE-USD"}, {"trade_id": 138804261, "side": "buy", "size": "5.60000000", "price": "0.19856000", "time": "2025-07-13T11:44:30.652762Z", "fetched_at": "2025-07-13T11:46:16.072685+00:00", "symbol": "DOGE-USD"}, {"trade_id": 138804260, "side": "buy", "size": "50.40000000", "price": "0.19857000", "time": "2025-07-13T11:44:30.652762Z", "fetched_at": "2025-07-13T11:46:16.072685+00:00", "symbol": "DOGE-USD"}, {"trade_id": 138804259, "side": "buy", "size": "5.60000000", "price": "0.19858000", "time": "2025-07-13T11:44:30.652762Z", "fetched_at": "2025-07-13T11:46:16.072685+00:00", "symbol": "DOGE-USD"}, {"trade_id": 138804258, "side": "buy", "size": "5.60000000", "price": "0.19860000", "time": "2025-07-13T11:44:27.373253Z", "fetched_at": "2025-07-13T11:46:16.072685+00:00", "symbol": "DOGE-USD"}, {"trade_id": 138804257, "side": "buy", "size": "5.60000000", "price": "0.19862000", "time": "2025-07-13T11:44:27.367841Z", "fetched_at": "2025-07-13T11:46:16.072685+00:00", "symbol": "DOGE-USD"}, {"trade_id": 138804256, "side": "buy", "size": "5.60000000", "price": "0.19864000", "time": "2025-07-13T11:44:26.120862Z", "fetched_at": "2025-07-13T11:46:16.072685+00:00", "symbol": "DOGE-USD"}, {"trade_id": 138804255, "side": "buy", "size": "37.00000000", "price": "0.19867000", "time": "2025-07-13T11:44:15.079706Z", "fetched_at": "2025-07-13T11:46:16.072685+00:00", "symbol": "DOGE-USD"}, {"trade_id": 138804254, "side": "sell", "size": "69.20000000", "price": "0.19868000", "time": "2025-07-13T11:44:13.869831Z", "fetched_at": "2025-07-13T11:46:16.072685+00:00", "symbol": "DOGE-USD"}, {"trade_id": 138804253, "side": "sell", "size": "5.60000000", "price": "0.19868000", "time": "2025-07-13T11:44:13.869831Z", "fetched_at": "2025-07-13T11:46:16.072685+00:00", "symbol": "DOGE-USD"}, {"trade_id": 138804252, "side": "sell", "size": "5.60000000", "price": "0.19866000", "time": "2025-07-13T11:44:12.275067Z", "fetched_at": "2025-07-13T11:46:16.072685+00:00", "symbol": "DOGE-USD"}, {"trade_id": 138804251, "side": "sell", "size": "5.60000000", "price": "0.19864000", "time": "2025-07-13T11:44:09.306836Z", "fetched_at": "2025-07-13T11:46:16.072685+00:00", "symbol": "DOGE-USD"}, {"trade_id": 138804250, "side": "sell", "size": "5.60000000", "price": "0.19862000", "time": "2025-07-13T11:44:09.006747Z", "fetched_at": "2025-07-13T11:46:16.072685+00:00", "symbol": "DOGE-USD"}, {"trade_id": 138804249, "side": "sell", "size": "5.60000000", "price": "0.19860000", "time": "2025-07-13T11:43:39.624668Z", "fetched_at": "2025-07-13T11:46:16.072685+00:00", "symbol": "DOGE-USD"}, {"trade_id": 138804248, "side": "sell", "size": "3022.10000000", "price": "0.19859000", "time": "2025-07-13T11:43:39.591708Z", "fetched_at": "2025-07-13T11:46:16.072685+00:00", "symbol": "DOGE-USD"}, {"trade_id": 138804247, "side": "sell", "size": "12132.70000000", "price": "0.19859000", "time": "2025-07-13T11:43:39.585177Z", "fetched_at": "2025-07-13T11:46:16.072685+00:00", "symbol": "DOGE-USD"}, {"trade_id": 138804246, "side": "sell", "size": "5777.80000000", "price": "0.19859000", "time": "2025-07-13T11:43:39.585004Z", "fetched_at": "2025-07-13T11:46:16.072685+00:00", "symbol": "DOGE-USD"}, {"trade_id": 138804245, "side": "sell", "size": "50.40000000", "price": "0.19858000", "time": "2025-07-13T11:43:39.585004Z", "fetched_at": "2025-07-13T11:46:16.072685+00:00", "symbol": "DOGE-USD"}, {"trade_id": 138804244, "side": "sell", "size": "149.10000000", "price": "0.19857000", "time": "2025-07-13T11:43:26.072836Z", "fetched_at": "2025-07-13T11:46:16.072685+00:00", "symbol": "DOGE-USD"}, {"trade_id": 138804243, "side": "sell", "size": "50.40000000", "price": "0.19856000", "time": "2025-07-13T11:43:26.072836Z", "fetched_at": "2025-07-13T11:46:16.072685+00:00", "symbol": "DOGE-USD"}, {"trade_id": 138804242, "side": "sell", "size": "1190.00000000", "price": "0.19857000", "time": "2025-07-13T11:43:23.607543Z", "fetched_at": "2025-07-13T11:46:16.072685+00:00", "symbol": "DOGE-USD"}, {"trade_id": 138804241, "side": "sell", "size": "50.40000000", "price": "0.19857000", "time": "2025-07-13T11:43:23.607543Z", "fetched_at": "2025-07-13T11:46:16.072685+00:00", "symbol": "DOGE-USD"}, {"trade_id": 138804240, "side": "sell", "size": "153.30000000", "price": "0.19856000", "time": "2025-07-13T11:43:19.686178Z", "fetched_at": "2025-07-13T11:46:16.072685+00:00", "symbol": "DOGE-USD"}, {"trade_id": 138804239, "side": "buy", "size": "382.30000000", "price": "0.19854000", "time": "2025-07-13T11:43:19.517313Z", "fetched_at": "2025-07-13T11:46:16.072685+00:00", "symbol": "DOGE-USD"}, {"trade_id": 138804238, "side": "buy", "size": "397.80000000", "price": "0.19854000", "time": "2025-07-13T11:43:19.517313Z", "fetched_at": "2025-07-13T11:46:16.072685+00:00", "symbol": "DOGE-USD"}, {"trade_id": 138804237, "side": "buy", "size": "752.50000000", "price": "0.19854000", "time": "2025-07-13T11:43:19.517168Z", "fetched_at": "2025-07-13T11:46:16.072685+00:00", "symbol": "DOGE-USD"}, {"trade_id": 138804236, "side": "buy", "size": "397.80000000", "price": "0.19855000", "time": "2025-07-13T11:43:19.517168Z", "fetched_at": "2025-07-13T11:46:16.072685+00:00", "symbol": "DOGE-USD"}, {"trade_id": 138804235, "side": "buy", "size": "769.50000000", "price": "0.19855000", "time": "2025-07-13T11:43:19.517168Z", "fetched_at": "2025-07-13T11:46:16.072685+00:00", "symbol": "DOGE-USD"}, {"trade_id": 138804234, "side": "sell", "size": "189.30000000", "price": "0.19855000", "time": "2025-07-13T11:43:19.461654Z", "fetched_at": "2025-07-13T11:46:16.072685+00:00", "symbol": "DOGE-USD"}, {"trade_id": 138804233, "side": "sell", "size": "769.50000000", "price": "0.19854000", "time": "2025-07-13T11:43:19.461654Z", "fetched_at": "2025-07-13T11:46:16.072685+00:00", "symbol": "DOGE-USD"}, {"trade_id": 138804232, "side": "sell", "size": "50.40000000", "price": "0.19854000", "time": "2025-07-13T11:43:19.461654Z", "fetched_at": "2025-07-13T11:46:16.072685+00:00", "symbol": "DOGE-USD"}, {"trade_id": 138804231, "side": "buy", "size": "50.40000000", "price": "0.19854000", "time": "2025-07-13T11:43:19.391897Z", "fetched_at": "2025-07-13T11:46:16.072685+00:00", "symbol": "DOGE-USD"}, {"trade_id": 138804230, "side": "buy", "size": "5408.60000000", "price": "0.19851000", "time": "2025-07-13T11:43:19.382101Z", "fetched_at": "2025-07-13T11:46:16.072685+00:00", "symbol": "DOGE-USD"}, {"trade_id": 138804229, "side": "buy", "size": "2982.50000000", "price": "0.19851000", "time": "2025-07-13T11:43:19.382101Z", "fetched_at": "2025-07-13T11:46:16.072685+00:00", "symbol": "DOGE-USD"}, {"trade_id": 138804228, "side": "buy", "size": "1748.70000000", "price": "0.19851000", "time": "2025-07-13T11:43:19.382101Z", "fetched_at": "2025-07-13T11:46:16.072685+00:00", "symbol": "DOGE-USD"}, {"trade_id": 138804227, "side": "buy", "size": "769.50000000", "price": "0.19852000", "time": "2025-07-13T11:43:19.382101Z", "fetched_at": "2025-07-13T11:46:16.072685+00:00", "symbol": "DOGE-USD"}, {"trade_id": 138804226, "side": "buy", "size": "50.40000000", "price": "0.19855000", "time": "2025-07-13T11:43:19.373850Z", "fetched_at": "2025-07-13T11:46:16.072685+00:00", "symbol": "DOGE-USD"}, {"trade_id": 138804225, "side": "sell", "size": "1698.30000000", "price": "0.19858000", "time": "2025-07-13T11:43:19.289065Z", "fetched_at": "2025-07-13T11:46:16.072685+00:00", "symbol": "DOGE-USD"}, {"trade_id": 138804224, "side": "sell", "size": "50.40000000", "price": "0.19857000", "time": "2025-07-13T11:43:19.289065Z", "fetched_at": "2025-07-13T11:46:16.072685+00:00", "symbol": "DOGE-USD"}, {"trade_id": 138804223, "side": "buy", "size": "5.60000000", "price": "0.19850000", "time": "2025-07-13T11:43:19.246507Z", "fetched_at": "2025-07-13T11:46:16.072685+00:00", "symbol": "DOGE-USD"}, {"trade_id": 138804222, "side": "buy", "size": "50.40000000", "price": "0.19855000", "time": "2025-07-13T11:43:19.246014Z", "fetched_at": "2025-07-13T11:46:16.072685+00:00", "symbol": "DOGE-USD"}, {"trade_id": 138804221, "side": "buy", "size": "149.40000000", "price": "0.19852000", "time": "2025-07-13T11:43:19.240352Z", "fetched_at": "2025-07-13T11:46:16.072685+00:00", "symbol": "DOGE-USD"}, {"trade_id": 138804220, "side": "buy", "size": "1765.70000000", "price": "0.19852000", "time": "2025-07-13T11:43:19.240352Z", "fetched_at": "2025-07-13T11:46:16.072685+00:00", "symbol": "DOGE-USD"}, {"trade_id": 138804219, "side": "buy", "size": "1893.50000000", "price": "0.19852000", "time": "2025-07-13T11:43:19.240352Z", "fetched_at": "2025-07-13T11:46:16.072685+00:00", "symbol": "DOGE-USD"}, {"trade_id": 138804218, "side": "buy", "size": "5.60000000", "price": "0.19852000", "time": "2025-07-13T11:43:19.240352Z", "fetched_at": "2025-07-13T11:46:16.072685+00:00", "symbol": "DOGE-USD"}, {"trade_id": 138804217, "side": "buy", "size": "1748.70000000", "price": "0.19852000", "time": "2025-07-13T11:43:19.240352Z", "fetched_at": "2025-07-13T11:46:16.072685+00:00", "symbol": "DOGE-USD"}, {"trade_id": 138804216, "side": "buy", "size": "769.50000000", "price": "0.19853000", "time": "2025-07-13T11:43:19.240352Z", "fetched_at": "2025-07-13T11:46:16.072685+00:00", "symbol": "DOGE-USD"}, {"trade_id": 138804215, "side": "buy", "size": "13911.80000000", "price": "0.19854000", "time": "2025-07-13T11:43:19.240352Z", "fetched_at": "2025-07-13T11:46:16.072685+00:00", "symbol": "DOGE-USD"}, {"trade_id": 138804214, "side": "buy", "size": "3968.80000000", "price": "0.19854000", "time": "2025-07-13T11:43:19.240258Z", "fetched_at": "2025-07-13T11:46:16.072685+00:00", "symbol": "DOGE-USD"}, {"trade_id": 138804213, "side": "buy", "size": "5.60000000", "price": "0.19854000", "time": "2025-07-13T11:43:19.240258Z", "fetched_at": "2025-07-13T11:46:16.072685+00:00", "symbol": "DOGE-USD"}, {"trade_id": 138804212, "side": "buy", "size": "50.40000000", "price": "0.19855000", "time": "2025-07-13T11:43:19.240258Z", "fetched_at": "2025-07-13T11:46:16.072685+00:00", "symbol": "DOGE-USD"}, {"trade_id": 138804211, "side": "sell", "size": "5.60000000", "price": "0.19858000", "time": "2025-07-13T11:43:11.788226Z", "fetched_at": "2025-07-13T11:46:16.072685+00:00", "symbol": "DOGE-USD"}, {"trade_id": 138804210, "side": "sell", "size": "241.00000000", "price": "0.19856000", "time": "2025-07-13T11:43:11.545878Z", "fetched_at": "2025-07-13T11:46:16.072685+00:00", "symbol": "DOGE-USD"}, {"trade_id": 138804209, "side": "sell", "size": "5.60000000", "price": "0.19856000", "time": "2025-07-13T11:43:11.545878Z", "fetched_at": "2025-07-13T11:46:16.072685+00:00", "symbol": "DOGE-USD"}, {"trade_id": 138804208, "side": "sell", "size": "5.60000000", "price": "0.19854000", "time": "2025-07-13T11:43:07.681162Z", "fetched_at": "2025-07-13T11:46:16.072685+00:00", "symbol": "DOGE-USD"}, {"trade_id": 138804207, "side": "sell", "size": "50.40000000", "price": "0.19853000", "time": "2025-07-13T11:43:03.553944Z", "fetched_at": "2025-07-13T11:46:16.072685+00:00", "symbol": "DOGE-USD"}, {"trade_id": 138804206, "side": "sell", "size": "455.20000000", "price": "0.19853000", "time": "2025-07-13T11:43:03.553944Z", "fetched_at": "2025-07-13T11:46:16.072685+00:00", "symbol": "DOGE-USD"}, {"trade_id": 138804205, "side": "sell", "size": "5.60000000", "price": "0.19852000", "time": "2025-07-13T11:43:03.548176Z", "fetched_at": "2025-07-13T11:46:16.072685+00:00", "symbol": "DOGE-USD"}, {"trade_id": 138804204, "side": "sell", "size": "6425.10000000", "price": "0.19848000", "time": "2025-07-13T11:43:02.079600Z", "fetched_at": "2025-07-13T11:46:16.072685+00:00", "symbol": "DOGE-USD"}, {"trade_id": 138804203, "side": "sell", "size": "3023.80000000", "price": "0.19847000", "time": "2025-07-13T11:42:54.288998Z", "fetched_at": "2025-07-13T11:46:16.072685+00:00", "symbol": "DOGE-USD"}, {"trade_id": 138804202, "side": "buy", "size": "6.10000000", "price": "0.19848000", "time": "2025-07-13T11:42:45.358169Z", "fetched_at": "2025-07-13T11:46:16.072685+00:00", "symbol": "DOGE-USD"}, {"trade_id": 138804201, "side": "buy", "size": "5.60000000", "price": "0.19848000", "time": "2025-07-13T11:42:45.358169Z", "fetched_at": "2025-07-13T11:46:16.072685+00:00", "symbol": "DOGE-USD"}, {"trade_id": 138804200, "side": "sell", "size": "50.40000000", "price": "0.19852000", "time": "2025-07-13T11:42:34.259336Z", "fetched_at": "2025-07-13T11:46:16.072685+00:00", "symbol": "DOGE-USD"}, {"trade_id": 138804199, "side": "sell", "size": "3023.40000000", "price": "0.19852000", "time": "2025-07-13T11:42:34.259071Z", "fetched_at": "2025-07-13T11:46:16.072685+00:00", "symbol": "DOGE-USD"}, {"trade_id": 138804198, "side": "sell", "size": "5299.00000000", "price": "0.19852000", "time": "2025-07-13T11:42:34.259071Z", "fetched_at": "2025-07-13T11:46:16.072685+00:00", "symbol": "DOGE-USD"}, {"trade_id": 138804197, "side": "sell", "size": "5.60000000", "price": "0.19852000", "time": "2025-07-13T11:42:34.259071Z", "fetched_at": "2025-07-13T11:46:16.072685+00:00", "symbol": "DOGE-USD"}, {"trade_id": 138804196, "side": "sell", "size": "17942.90000000", "price": "0.19851000", "time": "2025-07-13T11:42:34.249522Z", "fetched_at": "2025-07-13T11:46:16.072685+00:00", "symbol": "DOGE-USD"}, {"trade_id": 138804195, "side": "sell", "size": "50.40000000", "price": "0.19850000", "time": "2025-07-13T11:42:34.244352Z", "fetched_at": "2025-07-13T11:46:16.072685+00:00", "symbol": "DOGE-USD"}, {"trade_id": 138804194, "side": "sell", "size": "17947.10000000", "price": "0.19850000", "time": "2025-07-13T11:42:31.292995Z", "fetched_at": "2025-07-13T11:46:16.072685+00:00", "symbol": "DOGE-USD"}, {"trade_id": 138804193, "side": "sell", "size": "5.60000000", "price": "0.19850000", "time": "2025-07-13T11:42:31.292995Z", "fetched_at": "2025-07-13T11:46:16.072685+00:00", "symbol": "DOGE-USD"}, {"trade_id": 138804192, "side": "sell", "size": "50.40000000", "price": "0.19846000", "time": "2025-07-13T11:42:28.427083Z", "fetched_at": "2025-07-13T11:46:16.072685+00:00", "symbol": "DOGE-USD"}, {"trade_id": 138804191, "side": "sell", "size": "3024.20000000", "price": "0.19846000", "time": "2025-07-13T11:42:28.426237Z", "fetched_at": "2025-07-13T11:46:16.072685+00:00", "symbol": "DOGE-USD"}, {"trade_id": 138804190, "side": "sell", "size": "5000.00000000", "price": "0.19846000", "time": "2025-07-13T11:42:28.417190Z", "fetched_at": "2025-07-13T11:46:16.072685+00:00", "symbol": "DOGE-USD"}, {"trade_id": 138804189, "side": "sell", "size": "2500.00000000", "price": "0.19846000", "time": "2025-07-13T11:42:28.417190Z", "fetched_at": "2025-07-13T11:46:16.072685+00:00", "symbol": "DOGE-USD"}, {"trade_id": 138804188, "side": "sell", "size": "605.10000000", "price": "0.19845000", "time": "2025-07-13T11:42:28.415766Z", "fetched_at": "2025-07-13T11:46:16.072685+00:00", "symbol": "DOGE-USD"}, {"trade_id": 138804187, "side": "sell", "size": "7422.90000000", "price": "0.19845000", "time": "2025-07-13T11:42:28.414484Z", "fetched_at": "2025-07-13T11:46:16.072685+00:00", "symbol": "DOGE-USD"}, {"trade_id": 138804186, "side": "sell", "size": "9908.40000000", "price": "0.19845000", "time": "2025-07-13T11:42:28.414083Z", "fetched_at": "2025-07-13T11:46:16.072685+00:00", "symbol": "DOGE-USD"}, {"trade_id": 138804185, "side": "sell", "size": "9013.10000000", "price": "0.19844000", "time": "2025-07-13T11:42:28.413632Z", "fetched_at": "2025-07-13T11:46:16.072685+00:00", "symbol": "DOGE-USD"}, {"trade_id": 138804184, "side": "sell", "size": "1748.70000000", "price": "0.19844000", "time": "2025-07-13T11:42:28.413632Z", "fetched_at": "2025-07-13T11:46:16.072685+00:00", "symbol": "DOGE-USD"}, {"trade_id": 138804183, "side": "sell", "size": "50.40000000", "price": "0.19843000", "time": "2025-07-13T11:42:28.413632Z", "fetched_at": "2025-07-13T11:46:16.072685+00:00", "symbol": "DOGE-USD"}, {"trade_id": 138804182, "side": "sell", "size": "50.40000000", "price": "0.19841000", "time": "2025-07-13T11:42:25.085744Z", "fetched_at": "2025-07-13T11:46:16.072685+00:00", "symbol": "DOGE-USD"}, {"trade_id": 138804181, "side": "buy", "size": "24.10000000", "price": "0.19846000", "time": "2025-07-13T11:42:24.964968Z", "fetched_at": "2025-07-13T11:46:16.072685+00:00", "symbol": "DOGE-USD"}, {"trade_id": 138804180, "side": "buy", "size": "3023.30000000", "price": "0.19843000", "time": "2025-07-13T11:42:24.964524Z", "fetched_at": "2025-07-13T11:46:16.072685+00:00", "symbol": "DOGE-USD"}, {"trade_id": 138804179, "side": "buy", "size": "3553.10000000", "price": "0.19838000", "time": "2025-07-13T11:42:24.962794Z", "fetched_at": "2025-07-13T11:46:16.072685+00:00", "symbol": "DOGE-USD"}, {"trade_id": 138804178, "side": "buy", "size": "4662.50000000", "price": "0.19838000", "time": "2025-07-13T11:42:24.962794Z", "fetched_at": "2025-07-13T11:46:16.072685+00:00", "symbol": "DOGE-USD"}, {"trade_id": 138804177, "side": "buy", "size": "5.60000000", "price": "0.19838000", "time": "2025-07-13T11:42:24.962794Z", "fetched_at": "2025-07-13T11:46:16.072685+00:00", "symbol": "DOGE-USD"}, {"trade_id": 138804176, "side": "buy", "size": "34797.90000000", "price": "0.19838000", "time": "2025-07-13T11:42:24.962794Z", "fetched_at": "2025-07-13T11:46:16.072685+00:00", "symbol": "DOGE-USD"}, {"trade_id": 138804175, "side": "buy", "size": "769.50000000", "price": "0.19839000", "time": "2025-07-13T11:42:24.962794Z", "fetched_at": "2025-07-13T11:46:16.072685+00:00", "symbol": "DOGE-USD"}, {"trade_id": 138804174, "side": "buy", "size": "2500.00000000", "price": "0.19840000", "time": "2025-07-13T11:42:24.961517Z", "fetched_at": "2025-07-13T11:46:16.072685+00:00", "symbol": "DOGE-USD"}, {"trade_id": 138804173, "side": "buy", "size": "5.60000000", "price": "0.19840000", "time": "2025-07-13T11:42:24.961517Z", "fetched_at": "2025-07-13T11:46:16.072685+00:00", "symbol": "DOGE-USD"}, {"trade_id": 138804172, "side": "buy", "size": "769.50000000", "price": "0.19841000", "time": "2025-07-13T11:42:24.961181Z", "fetched_at": "2025-07-13T11:46:16.072685+00:00", "symbol": "DOGE-USD"}, {"trade_id": 138804171, "side": "buy", "size": "10000.00000000", "price": "0.19842000", "time": "2025-07-13T11:42:24.961024Z", "fetched_at": "2025-07-13T11:46:16.072685+00:00", "symbol": "DOGE-USD"}, {"trade_id": 138804170, "side": "buy", "size": "3974.60000000", "price": "0.19842000", "time": "2025-07-13T11:42:24.961024Z", "fetched_at": "2025-07-13T11:46:16.072685+00:00", "symbol": "DOGE-USD"}, {"trade_id": 138804169, "side": "buy", "size": "2000.00000000", "price": "0.19842000", "time": "2025-07-13T11:42:24.961024Z", "fetched_at": "2025-07-13T11:46:16.072685+00:00", "symbol": "DOGE-USD"}, {"trade_id": 138804168, "side": "buy", "size": "5.60000000", "price": "0.19842000", "time": "2025-07-13T11:42:24.961024Z", "fetched_at": "2025-07-13T11:46:16.072685+00:00", "symbol": "DOGE-USD"}, {"trade_id": 138804167, "side": "buy", "size": "17851.40000000", "price": "0.19843000", "time": "2025-07-13T11:42:24.960976Z", "fetched_at": "2025-07-13T11:46:16.072685+00:00", "symbol": "DOGE-USD"}, {"trade_id": 138804166, "side": "buy", "size": "5.60000000", "price": "0.19844000", "time": "2025-07-13T11:42:24.960213Z", "fetched_at": "2025-07-13T11:46:16.072685+00:00", "symbol": "DOGE-USD"}, {"trade_id": 138804165, "side": "buy", "size": "1350.40000000", "price": "0.19845000", "time": "2025-07-13T11:42:24.960213Z", "fetched_at": "2025-07-13T11:46:16.072685+00:00", "symbol": "DOGE-USD"}, {"trade_id": 138804164, "side": "buy", "size": "1864.50000000", "price": "0.19845000", "time": "2025-07-13T11:42:24.960213Z", "fetched_at": "2025-07-13T11:46:16.072685+00:00", "symbol": "DOGE-USD"}, {"trade_id": 138804163, "side": "buy", "size": "24.10000000", "price": "0.19846000", "time": "2025-07-13T11:42:24.960213Z", "fetched_at": "2025-07-13T11:46:16.072685+00:00", "symbol": "DOGE-USD"}, {"trade_id": 138804162, "side": "buy", "size": "5.60000000", "price": "0.19846000", "time": "2025-07-13T11:42:24.960213Z", "fetched_at": "2025-07-13T11:46:16.072685+00:00", "symbol": "DOGE-USD"}, {"trade_id": 138804161, "side": "buy", "size": "5.60000000", "price": "0.19848000", "time": "2025-07-13T11:42:24.960213Z", "fetched_at": "2025-07-13T11:46:16.072685+00:00", "symbol": "DOGE-USD"}, {"trade_id": 138804160, "side": "buy", "size": "5.60000000", "price": "0.19850000", "time": "2025-07-13T11:42:24.960213Z", "fetched_at": "2025-07-13T11:46:16.072685+00:00", "symbol": "DOGE-USD"}, {"trade_id": 138804159, "side": "buy", "size": "5.60000000", "price": "0.19852000", "time": "2025-07-13T11:42:15.049260Z", "fetched_at": "2025-07-13T11:46:16.072685+00:00", "symbol": "DOGE-USD"}, {"trade_id": 138804158, "side": "buy", "size": "7110.50000000", "price": "0.19854000", "time": "2025-07-13T11:42:14.754190Z", "fetched_at": "2025-07-13T11:46:16.072685+00:00", "symbol": "DOGE-USD"}, {"trade_id": 138804157, "side": "buy", "size": "10740.90000000", "price": "0.19854000", "time": "2025-07-13T11:42:14.753743Z", "fetched_at": "2025-07-13T11:46:16.072685+00:00", "symbol": "DOGE-USD"}, {"trade_id": 138804156, "side": "buy", "size": "5.60000000", "price": "0.19854000", "time": "2025-07-13T11:42:14.753743Z", "fetched_at": "2025-07-13T11:46:16.072685+00:00", "symbol": "DOGE-USD"}, {"trade_id": 138804155, "side": "buy", "size": "50.40000000", "price": "0.19855000", "time": "2025-07-13T11:42:14.753743Z", "fetched_at": "2025-07-13T11:46:16.072685+00:00", "symbol": "DOGE-USD"}, {"trade_id": 138804154, "side": "buy", "size": "5.60000000", "price": "0.19856000", "time": "2025-07-13T11:42:14.753743Z", "fetched_at": "2025-07-13T11:46:16.072685+00:00", "symbol": "DOGE-USD"}, {"trade_id": 138804153, "side": "buy", "size": "5.60000000", "price": "0.19858000", "time": "2025-07-13T11:42:14.753743Z", "fetched_at": "2025-07-13T11:46:16.072685+00:00", "symbol": "DOGE-USD"}, {"trade_id": 138804152, "side": "buy", "size": "5.60000000", "price": "0.19860000", "time": "2025-07-13T11:42:14.284499Z", "fetched_at": "2025-07-13T11:46:16.072685+00:00", "symbol": "DOGE-USD"}, {"trade_id": 138804151, "side": "sell", "size": "2449.60000000", "price": "0.19865000", "time": "2025-07-13T11:41:53.257417Z", "fetched_at": "2025-07-13T11:46:16.072685+00:00", "symbol": "DOGE-USD"}, {"trade_id": 138804150, "side": "sell", "size": "50.40000000", "price": "0.19864000", "time": "2025-07-13T11:41:53.257417Z", "fetched_at": "2025-07-13T11:46:16.072685+00:00", "symbol": "DOGE-USD"}, {"trade_id": 138804149, "side": "sell", "size": "1301.50000000", "price": "0.19864000", "time": "2025-07-13T11:41:53.243062Z", "fetched_at": "2025-07-13T11:46:16.072685+00:00", "symbol": "DOGE-USD"}, {"trade_id": 138804148, "side": "sell", "size": "1945.60000000", "price": "0.19864000", "time": "2025-07-13T11:41:53.243062Z", "fetched_at": "2025-07-13T11:46:16.072685+00:00", "symbol": "DOGE-USD"}, {"trade_id": 138804147, "side": "sell", "size": "5.60000000", "price": "0.19864000", "time": "2025-07-13T11:41:53.243062Z", "fetched_at": "2025-07-13T11:46:16.072685+00:00", "symbol": "DOGE-USD"}, {"trade_id": 138804146, "side": "sell", "size": "17855.50000000", "price": "0.19864000", "time": "2025-07-13T11:41:53.243062Z", "fetched_at": "2025-07-13T11:46:16.072685+00:00", "symbol": "DOGE-USD"}, {"trade_id": 138804145, "side": "sell", "size": "5444.80000000", "price": "0.19864000", "time": "2025-07-13T11:41:53.243062Z", "fetched_at": "2025-07-13T11:46:16.072685+00:00", "symbol": "DOGE-USD"}, {"trade_id": 138804144, "side": "sell", "size": "4171.10000000", "price": "0.19863000", "time": "2025-07-13T11:41:53.242039Z", "fetched_at": "2025-07-13T11:46:16.072685+00:00", "symbol": "DOGE-USD"}, {"trade_id": 138804143, "side": "sell", "size": "5481.60000000", "price": "0.19863000", "time": "2025-07-13T11:41:53.242039Z", "fetched_at": "2025-07-13T11:46:16.072685+00:00", "symbol": "DOGE-USD"}, {"trade_id": 138804142, "side": "sell", "size": "50.40000000", "price": "0.19861000", "time": "2025-07-13T11:41:53.242039Z", "fetched_at": "2025-07-13T11:46:16.072685+00:00", "symbol": "DOGE-USD"}, {"trade_id": 138804141, "side": "buy", "size": "3346.30000000", "price": "0.19860000", "time": "2025-07-13T11:41:42.282812Z", "fetched_at": "2025-07-13T11:46:16.072685+00:00", "symbol": "DOGE-USD"}, {"trade_id": 138804140, "side": "buy", "size": "52030.50000000", "price": "0.19860000", "time": "2025-07-13T11:41:42.282689Z", "fetched_at": "2025-07-13T11:46:16.072685+00:00", "symbol": "DOGE-USD"}, {"trade_id": 138804139, "side": "buy", "size": "7168.00000000", "price": "0.19860000", "time": "2025-07-13T11:41:34.371296Z", "fetched_at": "2025-07-13T11:46:16.072685+00:00", "symbol": "DOGE-USD"}, {"trade_id": 138804138, "side": "buy", "size": "5.60000000", "price": "0.19860000", "time": "2025-07-13T11:41:34.371296Z", "fetched_at": "2025-07-13T11:46:16.072685+00:00", "symbol": "DOGE-USD"}, {"trade_id": 138804137, "side": "buy", "size": "50.40000000", "price": "0.19861000", "time": "2025-07-13T11:41:34.371296Z", "fetched_at": "2025-07-13T11:46:16.072685+00:00", "symbol": "DOGE-USD"}, {"trade_id": 138804136, "side": "sell", "size": "101.90000000", "price": "0.19862000", "time": "2025-07-13T11:41:34.243151Z", "fetched_at": "2025-07-13T11:46:16.072685+00:00", "symbol": "DOGE-USD"}, {"trade_id": 138804135, "side": "buy", "size": "5233.40000000", "price": "0.19861000", "time": "2025-07-13T11:41:26.737855Z", "fetched_at": "2025-07-13T11:46:16.072685+00:00", "symbol": "DOGE-USD"}, {"trade_id": 138804134, "side": "buy", "size": "1748.70000000", "price": "0.19861000", "time": "2025-07-13T11:41:26.737855Z", "fetched_at": "2025-07-13T11:46:16.072685+00:00", "symbol": "DOGE-USD"}, {"trade_id": 138804133, "side": "buy", "size": "769.50000000", "price": "0.19862000", "time": "2025-07-13T11:41:26.737855Z", "fetched_at": "2025-07-13T11:46:16.072685+00:00", "symbol": "DOGE-USD"}, {"trade_id": 138804132, "side": "buy", "size": "50.40000000", "price": "0.19862000", "time": "2025-07-13T11:41:26.737855Z", "fetched_at": "2025-07-13T11:46:16.072685+00:00", "symbol": "DOGE-USD"}, {"trade_id": 138804131, "side": "buy", "size": "5.60000000", "price": "0.19862000", "time": "2025-07-13T11:41:26.737855Z", "fetched_at": "2025-07-13T11:46:16.072685+00:00", "symbol": "DOGE-USD"}, {"trade_id": 138804130, "side": "buy", "size": "1347.10000000", "price": "0.19864000", "time": "2025-07-13T11:41:26.737855Z", "fetched_at": "2025-07-13T11:46:16.072685+00:00", "symbol": "DOGE-USD"}, {"trade_id": 138804129, "side": "buy", "size": "1393.90000000", "price": "0.19864000", "time": "2025-07-13T11:41:26.737855Z", "fetched_at": "2025-07-13T11:46:16.072685+00:00", "symbol": "DOGE-USD"}, {"trade_id": 138804128, "side": "buy", "size": "5.60000000", "price": "0.19864000", "time": "2025-07-13T11:41:08.175780Z", "fetched_at": "2025-07-13T11:46:16.072685+00:00", "symbol": "DOGE-USD"}, {"trade_id": 138804127, "side": "buy", "size": "5.60000000", "price": "0.19866000", "time": "2025-07-13T11:41:08.144890Z", "fetched_at": "2025-07-13T11:46:16.072685+00:00", "symbol": "DOGE-USD"}, {"trade_id": 138804126, "side": "buy", "size": "407.00000000", "price": "0.19867000", "time": "2025-07-13T11:41:07.757543Z", "fetched_at": "2025-07-13T11:46:16.072685+00:00", "symbol": "DOGE-USD"}, {"trade_id": 138804125, "side": "buy", "size": "5.60000000", "price": "0.19868000", "time": "2025-07-13T11:41:07.684287Z", "fetched_at": "2025-07-13T11:46:16.072685+00:00", "symbol": "DOGE-USD"}, {"trade_id": 138804124, "side": "buy", "size": "5.60000000", "price": "0.19870000", "time": "2025-07-13T11:41:05.314039Z", "fetched_at": "2025-07-13T11:46:16.072685+00:00", "symbol": "DOGE-USD"}, {"trade_id": 138804123, "side": "buy", "size": "178.50000000", "price": "0.19868000", "time": "2025-07-13T11:40:49.529968Z", "fetched_at": "2025-07-13T11:46:16.072685+00:00", "symbol": "DOGE-USD"}, {"trade_id": 138804122, "side": "buy", "size": "5.60000000", "price": "0.19868000", "time": "2025-07-13T11:40:49.529968Z", "fetched_at": "2025-07-13T11:46:16.072685+00:00", "symbol": "DOGE-USD"}, {"trade_id": 138804121, "side": "buy", "size": "5.60000000", "price": "0.19870000", "time": "2025-07-13T11:40:49.529968Z", "fetched_at": "2025-07-13T11:46:16.072685+00:00", "symbol": "DOGE-USD"}, {"trade_id": 138804120, "side": "buy", "size": "5.60000000", "price": "0.19872000", "time": "2025-07-13T11:40:46.341844Z", "fetched_at": "2025-07-13T11:46:16.072685+00:00", "symbol": "DOGE-USD"}, {"trade_id": 138804119, "side": "buy", "size": "5.60000000", "price": "0.19874000", "time": "2025-07-13T11:40:43.560955Z", "fetched_at": "2025-07-13T11:46:16.072685+00:00", "symbol": "DOGE-USD"}, {"trade_id": 138804118, "side": "buy", "size": "17858.50000000", "price": "0.19876000", "time": "2025-07-13T11:40:41.718750Z", "fetched_at": "2025-07-13T11:46:16.072685+00:00", "symbol": "DOGE-USD"}, {"trade_id": 138804117, "side": "buy", "size": "50.40000000", "price": "0.19877000", "time": "2025-07-13T11:40:41.718750Z", "fetched_at": "2025-07-13T11:46:16.072685+00:00", "symbol": "DOGE-USD"}, {"trade_id": 138804116, "side": "buy", "size": "124.50000000", "price": "0.19879000", "time": "2025-07-13T11:40:27.347492Z", "fetched_at": "2025-07-13T11:46:16.072685+00:00", "symbol": "DOGE-USD"}, {"trade_id": 138804115, "side": "sell", "size": "5.60000000", "price": "0.19878000", "time": "2025-07-13T11:40:17.054177Z", "fetched_at": "2025-07-13T11:46:16.072685+00:00", "symbol": "DOGE-USD"}, {"trade_id": 138804114, "side": "sell", "size": "24.90000000", "price": "0.19873000", "time": "2025-07-13T11:40:08.612341Z", "fetched_at": "2025-07-13T11:46:16.072685+00:00", "symbol": "DOGE-USD"}, {"trade_id": 138804113, "side": "buy", "size": "173.30000000", "price": "0.19870000", "time": "2025-07-13T11:40:06.575994Z", "fetched_at": "2025-07-13T11:46:16.072685+00:00", "symbol": "DOGE-USD"}, {"trade_id": 138804112, "side": "buy", "size": "50.40000000", "price": "0.19871000", "time": "2025-07-13T11:40:06.575994Z", "fetched_at": "2025-07-13T11:46:16.072685+00:00", "symbol": "DOGE-USD"}, {"trade_id": 138804111, "side": "buy", "size": "5.60000000", "price": "0.19872000", "time": "2025-07-13T11:40:06.575994Z", "fetched_at": "2025-07-13T11:46:16.072685+00:00", "symbol": "DOGE-USD"}, {"trade_id": 138804110, "side": "buy", "size": "207.80000000", "price": "0.19874000", "time": "2025-07-13T11:40:06.155775Z", "fetched_at": "2025-07-13T11:46:16.072685+00:00", "symbol": "DOGE-USD"}, {"trade_id": 138804109, "side": "sell", "size": "438.50000000", "price": "0.19878000", "time": "2025-07-13T11:40:03.253659Z", "fetched_at": "2025-07-13T11:46:16.072685+00:00", "symbol": "DOGE-USD"}, {"trade_id": 138804108, "side": "sell", "size": "50.40000000", "price": "0.19878000", "time": "2025-07-13T11:40:03.253659Z", "fetched_at": "2025-07-13T11:46:16.072685+00:00", "symbol": "DOGE-USD"}, {"trade_id": 138804107, "side": "buy", "size": "5.60000000", "price": "0.19876000", "time": "2025-07-13T11:39:56.990601Z", "fetched_at": "2025-07-13T11:46:16.072685+00:00", "symbol": "DOGE-USD"}, {"trade_id": 138804106, "side": "buy", "size": "5.60000000", "price": "0.19878000", "time": "2025-07-13T11:39:26.971830Z", "fetched_at": "2025-07-13T11:46:16.072685+00:00", "symbol": "DOGE-USD"}, {"trade_id": 138804105, "side": "sell", "size": "310.70000000", "price": "0.19882000", "time": "2025-07-13T11:39:15.887063Z", "fetched_at": "2025-07-13T11:46:16.072685+00:00", "symbol": "DOGE-USD"}, {"trade_id": 138804104, "side": "buy", "size": "1349.00000000", "price": "0.19880000", "time": "2025-07-13T11:39:12.053258Z", "fetched_at": "2025-07-13T11:46:16.072685+00:00", "symbol": "DOGE-USD"}, {"trade_id": 138804103, "side": "buy", "size": "1748.70000000", "price": "0.19880000", "time": "2025-07-13T11:39:12.053258Z", "fetched_at": "2025-07-13T11:46:16.072685+00:00", "symbol": "DOGE-USD"}, {"trade_id": 138804102, "side": "buy", "size": "4276.10000000", "price": "0.19881000", "time": "2025-07-13T11:39:12.053258Z", "fetched_at": "2025-07-13T11:46:16.072685+00:00", "symbol": "DOGE-USD"}, {"trade_id": 138804101, "side": "buy", "size": "4258.00000000", "price": "0.19881000", "time": "2025-07-13T11:39:12.053258Z", "fetched_at": "2025-07-13T11:46:16.072685+00:00", "symbol": "DOGE-USD"}, {"trade_id": 138804100, "side": "buy", "size": "4281.10000000", "price": "0.19881000", "time": "2025-07-13T11:39:12.053258Z", "fetched_at": "2025-07-13T11:46:16.072685+00:00", "symbol": "DOGE-USD"}, {"trade_id": 138804099, "side": "buy", "size": "5406.60000000", "price": "0.19881000", "time": "2025-07-13T11:39:12.053258Z", "fetched_at": "2025-07-13T11:46:16.072685+00:00", "symbol": "DOGE-USD"}, {"trade_id": 138804098, "side": "buy", "size": "1386.90000000", "price": "0.19882000", "time": "2025-07-13T11:39:12.053258Z", "fetched_at": "2025-07-13T11:46:16.072685+00:00", "symbol": "DOGE-USD"}, {"trade_id": 138804097, "side": "buy", "size": "50.30000000", "price": "0.19883000", "time": "2025-07-13T11:39:12.053258Z", "fetched_at": "2025-07-13T11:46:16.072685+00:00", "symbol": "DOGE-USD"}, {"trade_id": 138804096, "side": "buy", "size": "1263.90000000", "price": "0.19883000", "time": "2025-07-13T11:39:12.053258Z", "fetched_at": "2025-07-13T11:46:16.072685+00:00", "symbol": "DOGE-USD"}, {"trade_id": 138804095, "side": "buy", "size": "265.20000000", "price": "0.19884000", "time": "2025-07-13T11:39:12.053258Z", "fetched_at": "2025-07-13T11:46:16.072685+00:00", "symbol": "DOGE-USD"}, {"trade_id": 138804094, "side": "buy", "size": "254.90000000", "price": "0.19884000", "time": "2025-07-13T11:39:12.053258Z", "fetched_at": "2025-07-13T11:46:16.072685+00:00", "symbol": "DOGE-USD"}, {"trade_id": 138804093, "side": "sell", "size": "1907.50000000", "price": "0.19887000", "time": "2025-07-13T11:39:09.625134Z", "fetched_at": "2025-07-13T11:46:16.072685+00:00", "symbol": "DOGE-USD"}, {"trade_id": 138804092, "side": "sell", "size": "1748.70000000", "price": "0.19887000", "time": "2025-07-13T11:39:09.625134Z", "fetched_at": "2025-07-13T11:46:16.072685+00:00", "symbol": "DOGE-USD"}, {"trade_id": 138804091, "side": "sell", "size": "1748.70000000", "price": "0.19886000", "time": "2025-07-13T11:39:09.625134Z", "fetched_at": "2025-07-13T11:46:16.072685+00:00", "symbol": "DOGE-USD"}, {"trade_id": 138804090, "side": "sell", "size": "769.50000000", "price": "0.19886000", "time": "2025-07-13T11:39:09.625134Z", "fetched_at": "2025-07-13T11:46:16.072685+00:00", "symbol": "DOGE-USD"}, {"trade_id": 138804089, "side": "sell", "size": "5.60000000", "price": "0.19886000", "time": "2025-07-13T11:39:09.625134Z", "fetched_at": "2025-07-13T11:46:16.072685+00:00", "symbol": "DOGE-USD"}, {"trade_id": 138804088, "side": "sell", "size": "1216.30000000", "price": "0.19885000", "time": "2025-07-13T11:39:09.625134Z", "fetched_at": "2025-07-13T11:46:16.072685+00:00", "symbol": "DOGE-USD"}, {"trade_id": 138804087, "side": "sell", "size": "1223.00000000", "price": "0.19885000", "time": "2025-07-13T11:39:09.625134Z", "fetched_at": "2025-07-13T11:46:16.072685+00:00", "symbol": "DOGE-USD"}, {"trade_id": 138804086, "side": "sell", "size": "1324.90000000", "price": "0.19885000", "time": "2025-07-13T11:39:09.625134Z", "fetched_at": "2025-07-13T11:46:16.072685+00:00", "symbol": "DOGE-USD"}, {"trade_id": 138804085, "side": "sell", "size": "50.30000000", "price": "0.19884000", "time": "2025-07-13T11:39:09.625134Z", "fetched_at": "2025-07-13T11:46:16.072685+00:00", "symbol": "DOGE-USD"}, {"trade_id": 138804084, "side": "sell", "size": "5.60000000", "price": "0.19884000", "time": "2025-07-13T11:39:09.625134Z", "fetched_at": "2025-07-13T11:46:16.072685+00:00", "symbol": "DOGE-USD"}, {"trade_id": 138804083, "side": "sell", "size": "2776.60000000", "price": "0.19882000", "time": "2025-07-13T11:39:06.291876Z", "fetched_at": "2025-07-13T11:46:16.072685+00:00", "symbol": "DOGE-USD"}, {"trade_id": 138804082, "side": "sell", "size": "1748.70000000", "price": "0.19882000", "time": "2025-07-13T11:39:06.291876Z", "fetched_at": "2025-07-13T11:46:16.072685+00:00", "symbol": "DOGE-USD"}, {"trade_id": 138804081, "side": "sell", "size": "5.60000000", "price": "0.19882000", "time": "2025-07-13T11:39:06.291876Z", "fetched_at": "2025-07-13T11:46:16.072685+00:00", "symbol": "DOGE-USD"}, {"trade_id": 138804080, "side": "sell", "size": "50.40000000", "price": "0.19880000", "time": "2025-07-13T11:39:06.291876Z", "fetched_at": "2025-07-13T11:46:16.072685+00:00", "symbol": "DOGE-USD"}, {"trade_id": 138804079, "side": "sell", "size": "5.60000000", "price": "0.19880000", "time": "2025-07-13T11:39:06.291876Z", "fetched_at": "2025-07-13T11:46:16.072685+00:00", "symbol": "DOGE-USD"}, {"trade_id": 138804078, "side": "sell", "size": "2779.70000000", "price": "0.19878000", "time": "2025-07-13T11:39:04.809603Z", "fetched_at": "2025-07-13T11:46:16.072685+00:00", "symbol": "DOGE-USD"}, {"trade_id": 138804077, "side": "sell", "size": "1748.70000000", "price": "0.19878000", "time": "2025-07-13T11:39:04.809603Z", "fetched_at": "2025-07-13T11:46:16.072685+00:00", "symbol": "DOGE-USD"}, {"trade_id": 138804076, "side": "sell", "size": "1914.70000000", "price": "0.19878000", "time": "2025-07-13T11:39:04.809603Z", "fetched_at": "2025-07-13T11:46:16.072685+00:00", "symbol": "DOGE-USD"}, {"trade_id": 138804075, "side": "sell", "size": "5.60000000", "price": "0.19878000", "time": "2025-07-13T11:39:04.809603Z", "fetched_at": "2025-07-13T11:46:16.072685+00:00", "symbol": "DOGE-USD"}, {"trade_id": 138804074, "side": "sell", "size": "2654.50000000", "price": "0.19877000", "time": "2025-07-13T11:39:04.795017Z", "fetched_at": "2025-07-13T11:46:16.072685+00:00", "symbol": "DOGE-USD"}, {"trade_id": 138804073, "side": "sell", "size": "1748.70000000", "price": "0.19877000", "time": "2025-07-13T11:39:04.795017Z", "fetched_at": "2025-07-13T11:46:16.072685+00:00", "symbol": "DOGE-USD"}, {"trade_id": 138804072, "side": "sell", "size": "50.40000000", "price": "0.19876000", "time": "2025-07-13T11:39:04.795017Z", "fetched_at": "2025-07-13T11:46:16.072685+00:00", "symbol": "DOGE-USD"}, {"trade_id": 138804071, "side": "sell", "size": "5.60000000", "price": "0.19876000", "time": "2025-07-13T11:39:04.795017Z", "fetched_at": "2025-07-13T11:46:16.072685+00:00", "symbol": "DOGE-USD"}, {"trade_id": 138804070, "side": "sell", "size": "537.90000000", "price": "0.19874000", "time": "2025-07-13T11:39:04.739547Z", "fetched_at": "2025-07-13T11:46:16.072685+00:00", "symbol": "DOGE-USD"}, {"trade_id": 138804069, "side": "sell", "size": "5.60000000", "price": "0.19874000", "time": "2025-07-13T11:39:04.739547Z", "fetched_at": "2025-07-13T11:46:16.072685+00:00", "symbol": "DOGE-USD"}, {"trade_id": 138804068, "side": "sell", "size": "5.60000000", "price": "0.19872000", "time": "2025-07-13T11:39:04.151446Z", "fetched_at": "2025-07-13T11:46:16.072685+00:00", "symbol": "DOGE-USD"}, {"trade_id": 138804067, "side": "sell", "size": "50.40000000", "price": "0.19870000", "time": "2025-07-13T11:39:04.043328Z", "fetched_at": "2025-07-13T11:46:16.072685+00:00", "symbol": "DOGE-USD"}, {"trade_id": 138804066, "side": "sell", "size": "5.60000000", "price": "0.19870000", "time": "2025-07-13T11:39:04.043328Z", "fetched_at": "2025-07-13T11:46:16.072685+00:00", "symbol": "DOGE-USD"}, {"trade_id": 138804065, "side": "buy", "size": "422.00000000", "price": "0.19869000", "time": "2025-07-13T11:38:48.828401Z", "fetched_at": "2025-07-13T11:46:16.072685+00:00", "symbol": "DOGE-USD"}, {"trade_id": 138804064, "side": "buy", "size": "254.90000000", "price": "0.19869000", "time": "2025-07-13T11:38:48.828401Z", "fetched_at": "2025-07-13T11:46:16.072685+00:00", "symbol": "DOGE-USD"}, {"trade_id": 138804063, "side": "sell", "size": "3020.90000000", "price": "0.19868000", "time": "2025-07-13T11:38:48.544894Z", "fetched_at": "2025-07-13T11:46:16.072685+00:00", "symbol": "DOGE-USD"}, {"trade_id": 138804062, "side": "sell", "size": "5.60000000", "price": "0.19868000", "time": "2025-07-13T11:38:48.544894Z", "fetched_at": "2025-07-13T11:46:16.072685+00:00", "symbol": "DOGE-USD"}, {"trade_id": 138804061, "side": "buy", "size": "126.70000000", "price": "0.19863000", "time": "2025-07-13T11:38:47.849349Z", "fetched_at": "2025-07-13T11:46:16.072685+00:00", "symbol": "DOGE-USD"}, {"trade_id": 138804060, "side": "buy", "size": "988.30000000", "price": "0.19863000", "time": "2025-07-13T11:38:47.224276Z", "fetched_at": "2025-07-13T11:46:16.072685+00:00", "symbol": "DOGE-USD"}, {"trade_id": 138804059, "side": "buy", "size": "5.60000000", "price": "0.19864000", "time": "2025-07-13T11:38:47.224276Z", "fetched_at": "2025-07-13T11:46:16.072685+00:00", "symbol": "DOGE-USD"}, {"trade_id": 138804058, "side": "buy", "size": "5.60000000", "price": "0.19868000", "time": "2025-07-13T11:38:43.275439Z", "fetched_at": "2025-07-13T11:46:16.072685+00:00", "symbol": "DOGE-USD"}, {"trade_id": 138804057, "side": "buy", "size": "76.20000000", "price": "0.19870000", "time": "2025-07-13T11:38:33.036107Z", "fetched_at": "2025-07-13T11:46:16.072685+00:00", "symbol": "DOGE-USD"}, {"trade_id": 138804056, "side": "sell", "size": "50.40000000", "price": "0.19871000", "time": "2025-07-13T11:38:27.969070Z", "fetched_at": "2025-07-13T11:46:16.072685+00:00", "symbol": "DOGE-USD"}, {"trade_id": 138804055, "side": "sell", "size": "50.40000000", "price": "0.19871000", "time": "2025-07-13T11:38:22.504133Z", "fetched_at": "2025-07-13T11:46:16.072685+00:00", "symbol": "DOGE-USD"}, {"trade_id": 138804054, "side": "sell", "size": "5.60000000", "price": "0.19872000", "time": "2025-07-13T11:38:17.678147Z", "fetched_at": "2025-07-13T11:46:16.072685+00:00", "symbol": "DOGE-USD"}, {"trade_id": 138804053, "side": "sell", "size": "334.50000000", "price": "0.19870000", "time": "2025-07-13T11:38:17.386944Z", "fetched_at": "2025-07-13T11:46:16.072685+00:00", "symbol": "DOGE-USD"}, {"trade_id": 138804052, "side": "sell", "size": "5.60000000", "price": "0.19870000", "time": "2025-07-13T11:38:17.386944Z", "fetched_at": "2025-07-13T11:46:16.072685+00:00", "symbol": "DOGE-USD"}, {"trade_id": 138804051, "side": "sell", "size": "50.40000000", "price": "0.19869000", "time": "2025-07-13T11:38:17.363492Z", "fetched_at": "2025-07-13T11:46:16.072685+00:00", "symbol": "DOGE-USD"}, {"trade_id": 138804050, "side": "sell", "size": "789.70000000", "price": "0.19867000", "time": "2025-07-13T11:38:17.288910Z", "fetched_at": "2025-07-13T11:46:16.072685+00:00", "symbol": "DOGE-USD"}, {"trade_id": 138804049, "side": "buy", "size": "43.50000000", "price": "0.19864000", "time": "2025-07-13T11:38:01.723709Z", "fetched_at": "2025-07-13T11:46:16.072685+00:00", "symbol": "DOGE-USD"}, {"trade_id": 138804048, "side": "buy", "size": "159.50000000", "price": "0.19865000", "time": "2025-07-13T11:38:00.900259Z", "fetched_at": "2025-07-13T11:46:16.072685+00:00", "symbol": "DOGE-USD"}, {"trade_id": 138804047, "side": "buy", "size": "45.50000000", "price": "0.19865000", "time": "2025-07-13T11:38:00.900259Z", "fetched_at": "2025-07-13T11:46:16.072685+00:00", "symbol": "DOGE-USD"}, {"trade_id": 138804046, "side": "buy", "size": "13.80000000", "price": "0.19864000", "time": "2025-07-13T11:37:57.971471Z", "fetched_at": "2025-07-13T11:46:16.072685+00:00", "symbol": "DOGE-USD"}, {"trade_id": 138804045, "side": "buy", "size": "5.60000000", "price": "0.19864000", "time": "2025-07-13T11:37:57.971471Z", "fetched_at": "2025-07-13T11:46:16.072685+00:00", "symbol": "DOGE-USD"}, {"trade_id": 138804044, "side": "buy", "size": "47.70000000", "price": "0.19865000", "time": "2025-07-13T11:37:57.971471Z", "fetched_at": "2025-07-13T11:46:16.072685+00:00", "symbol": "DOGE-USD"}, {"trade_id": 138804043, "side": "sell", "size": "143.20000000", "price": "0.19867000", "time": "2025-07-13T11:37:50.705896Z", "fetched_at": "2025-07-13T11:46:16.072685+00:00", "symbol": "DOGE-USD"}, {"trade_id": 138804042, "side": "sell", "size": "16.00000000", "price": "0.19866000", "time": "2025-07-13T11:37:50.520534Z", "fetched_at": "2025-07-13T11:46:16.072685+00:00", "symbol": "DOGE-USD"}, {"trade_id": 138804041, "side": "sell", "size": "17.60000000", "price": "0.19867000", "time": "2025-07-13T11:37:47.363223Z", "fetched_at": "2025-07-13T11:46:16.072685+00:00", "symbol": "DOGE-USD"}, {"trade_id": 138804040, "side": "buy", "size": "2.50000000", "price": "0.19866000", "time": "2025-07-13T11:37:40.450390Z", "fetched_at": "2025-07-13T11:46:16.072685+00:00", "symbol": "DOGE-USD"}, {"trade_id": 138804039, "side": "buy", "size": "278.60000000", "price": "0.19866000", "time": "2025-07-13T11:37:37.920718Z", "fetched_at": "2025-07-13T11:46:16.072685+00:00", "symbol": "DOGE-USD"}, {"trade_id": 138804038, "side": "sell", "size": "5.60000000", "price": "0.19868000", "time": "2025-07-13T11:37:34.107917Z", "fetched_at": "2025-07-13T11:46:16.072685+00:00", "symbol": "DOGE-USD"}, {"trade_id": 138804037, "side": "sell", "size": "5.60000000", "price": "0.19866000", "time": "2025-07-13T11:37:34.074613Z", "fetched_at": "2025-07-13T11:46:16.072685+00:00", "symbol": "DOGE-USD"}, {"trade_id": 138804036, "side": "buy", "size": "20.40000000", "price": "0.19865000", "time": "2025-07-13T11:37:30.971718Z", "fetched_at": "2025-07-13T11:46:16.072685+00:00", "symbol": "DOGE-USD"}, {"trade_id": 138804035, "side": "sell", "size": "50.40000000", "price": "0.19863000", "time": "2025-07-13T11:37:22.646603Z", "fetched_at": "2025-07-13T11:46:16.072685+00:00", "symbol": "DOGE-USD"}, {"trade_id": 138804034, "side": "sell", "size": "4141.50000000", "price": "0.19864000", "time": "2025-07-13T11:37:22.618492Z", "fetched_at": "2025-07-13T11:46:16.072685+00:00", "symbol": "DOGE-USD"}, {"trade_id": 138804033, "side": "sell", "size": "3021.90000000", "price": "0.19861000", "time": "2025-07-13T11:37:22.618492Z", "fetched_at": "2025-07-13T11:46:16.072685+00:00", "symbol": "DOGE-USD"}, {"trade_id": 138804032, "side": "sell", "size": "1567.80000000", "price": "0.19863000", "time": "2025-07-13T11:37:22.615034Z", "fetched_at": "2025-07-13T11:46:16.072685+00:00", "symbol": "DOGE-USD"}, {"trade_id": 138804031, "side": "sell", "size": "5504.30000000", "price": "0.19863000", "time": "2025-07-13T11:37:22.615034Z", "fetched_at": "2025-07-13T11:46:16.072685+00:00", "symbol": "DOGE-USD"}, {"trade_id": 138804030, "side": "sell", "size": "5504.30000000", "price": "0.19862000", "time": "2025-07-13T11:37:22.613549Z", "fetched_at": "2025-07-13T11:46:16.072685+00:00", "symbol": "DOGE-USD"}, {"trade_id": 138804029, "side": "sell", "size": "17904.10000000", "price": "0.19862000", "time": "2025-07-13T11:37:22.613549Z", "fetched_at": "2025-07-13T11:46:16.072685+00:00", "symbol": "DOGE-USD"}, {"trade_id": 138804028, "side": "sell", "size": "2500.00000000", "price": "0.19862000", "time": "2025-07-13T11:37:22.613549Z", "fetched_at": "2025-07-13T11:46:16.072685+00:00", "symbol": "DOGE-USD"}, {"trade_id": 138804027, "side": "sell", "size": "10000.00000000", "price": "0.19861000", "time": "2025-07-13T11:37:22.612151Z", "fetched_at": "2025-07-13T11:46:16.072685+00:00", "symbol": "DOGE-USD"}, {"trade_id": 138804026, "side": "sell", "size": "2500.00000000", "price": "0.19861000", "time": "2025-07-13T11:37:22.612151Z", "fetched_at": "2025-07-13T11:46:16.072685+00:00", "symbol": "DOGE-USD"}, {"trade_id": 138804025, "side": "sell", "size": "5000.00000000", "price": "0.19861000", "time": "2025-07-13T11:37:22.612151Z", "fetched_at": "2025-07-13T11:46:16.072685+00:00", "symbol": "DOGE-USD"}, {"trade_id": 138804024, "side": "sell", "size": "5504.30000000", "price": "0.19861000", "time": "2025-07-13T11:37:22.612151Z", "fetched_at": "2025-07-13T11:46:16.072685+00:00", "symbol": "DOGE-USD"}, {"trade_id": 138804023, "side": "sell", "size": "4388.80000000", "price": "0.19860000", "time": "2025-07-13T11:37:22.609112Z", "fetched_at": "2025-07-13T11:46:16.072685+00:00", "symbol": "DOGE-USD"}, {"trade_id": 138804022, "side": "sell", "size": "4363.80000000", "price": "0.19860000", "time": "2025-07-13T11:37:22.609112Z", "fetched_at": "2025-07-13T11:46:16.072685+00:00", "symbol": "DOGE-USD"}, {"trade_id": 138804021, "side": "sell", "size": "5504.30000000", "price": "0.19860000", "time": "2025-07-13T11:37:22.609112Z", "fetched_at": "2025-07-13T11:46:16.072685+00:00", "symbol": "DOGE-USD"}, {"trade_id": 138804020, "side": "sell", "size": "1886.10000000", "price": "0.19858000", "time": "2025-07-13T11:37:22.609112Z", "fetched_at": "2025-07-13T11:46:16.072685+00:00", "symbol": "DOGE-USD"}, {"trade_id": 138804019, "side": "sell", "size": "1343.20000000", "price": "0.19858000", "time": "2025-07-13T11:37:22.609112Z", "fetched_at": "2025-07-13T11:46:16.072685+00:00", "symbol": "DOGE-USD"}, {"trade_id": 138804018, "side": "sell", "size": "50.40000000", "price": "0.19857000", "time": "2025-07-13T11:37:22.609112Z", "fetched_at": "2025-07-13T11:46:16.072685+00:00", "symbol": "DOGE-USD"}, {"trade_id": 138804017, "side": "sell", "size": "254.90000000", "price": "0.19857000", "time": "2025-07-13T11:37:22.609112Z", "fetched_at": "2025-07-13T11:46:16.072685+00:00", "symbol": "DOGE-USD"}, {"trade_id": 138804016, "side": "buy", "size": "5.60000000", "price": "0.19858000", "time": "2025-07-13T11:37:20.795779Z", "fetched_at": "2025-07-13T11:46:16.072685+00:00", "symbol": "DOGE-USD"}, {"trade_id": 138804015, "side": "buy", "size": "5.60000000", "price": "0.19860000", "time": "2025-07-13T11:37:19.926889Z", "fetched_at": "2025-07-13T11:46:16.072685+00:00", "symbol": "DOGE-USD"}, {"trade_id": 138804014, "side": "sell", "size": "18.30000000", "price": "0.19864000", "time": "2025-07-13T11:37:10.265158Z", "fetched_at": "2025-07-13T11:46:16.072685+00:00", "symbol": "DOGE-USD"}, {"trade_id": 138804013, "side": "sell", "size": "5.60000000", "price": "0.19864000", "time": "2025-07-13T11:37:10.265158Z", "fetched_at": "2025-07-13T11:46:16.072685+00:00", "symbol": "DOGE-USD"}, {"trade_id": 138804012, "side": "sell", "size": "50.40000000", "price": "0.19858000", "time": "2025-07-13T11:37:07.699968Z", "fetched_at": "2025-07-13T11:46:16.072685+00:00", "symbol": "DOGE-USD"}, {"trade_id": 138804011, "side": "sell", "size": "14.20000000", "price": "0.19858000", "time": "2025-07-13T11:37:03.633618Z", "fetched_at": "2025-07-13T11:46:16.072685+00:00", "symbol": "DOGE-USD"}, {"trade_id": 138804010, "side": "buy", "size": "384.00000000", "price": "0.19857000", "time": "2025-07-13T11:37:00.323451Z", "fetched_at": "2025-07-13T11:46:16.072685+00:00", "symbol": "DOGE-USD"}, {"trade_id": 138804009, "side": "buy", "size": "5.60000000", "price": "0.19858000", "time": "2025-07-13T11:37:00.160813Z", "fetched_at": "2025-07-13T11:46:16.072685+00:00", "symbol": "DOGE-USD"}, {"trade_id": 138804008, "side": "buy", "size": "1909.10000000", "price": "0.19860000", "time": "2025-07-13T11:36:57.660229Z", "fetched_at": "2025-07-13T11:46:16.072685+00:00", "symbol": "DOGE-USD"}, {"trade_id": 138804007, "side": "buy", "size": "8.90000000", "price": "0.19861000", "time": "2025-07-13T11:36:51.985477Z", "fetched_at": "2025-07-13T11:46:16.072685+00:00", "symbol": "DOGE-USD"}, {"trade_id": 138804006, "side": "buy", "size": "602.20000000", "price": "0.19860000", "time": "2025-07-13T11:36:49.507480Z", "fetched_at": "2025-07-13T11:46:16.072685+00:00", "symbol": "DOGE-USD"}, {"trade_id": 138804005, "side": "sell", "size": "1409.60000000", "price": "0.19868000", "time": "2025-07-13T11:36:31.533540Z", "fetched_at": "2025-07-13T11:46:16.072685+00:00", "symbol": "DOGE-USD"}, {"trade_id": 138804004, "side": "sell", "size": "5.60000000", "price": "0.19868000", "time": "2025-07-13T11:36:31.533540Z", "fetched_at": "2025-07-13T11:46:16.072685+00:00", "symbol": "DOGE-USD"}, {"trade_id": 138804003, "side": "sell", "size": "11917.70000000", "price": "0.19867000", "time": "2025-07-13T11:36:31.494105Z", "fetched_at": "2025-07-13T11:46:16.072685+00:00", "symbol": "DOGE-USD"}, {"trade_id": 138804002, "side": "sell", "size": "5994.40000000", "price": "0.19867000", "time": "2025-07-13T11:36:31.492933Z", "fetched_at": "2025-07-13T11:46:16.072685+00:00", "symbol": "DOGE-USD"}, {"trade_id": 138804001, "side": "sell", "size": "5.60000000", "price": "0.19866000", "time": "2025-07-13T11:36:31.492933Z", "fetched_at": "2025-07-13T11:46:16.072685+00:00", "symbol": "DOGE-USD"}, {"trade_id": 138804000, "side": "sell", "size": "5.00000000", "price": "0.19865000", "time": "2025-07-13T11:36:24.767406Z", "fetched_at": "2025-07-13T11:46:16.072685+00:00", "symbol": "DOGE-USD"}, {"trade_id": 138803999, "side": "sell", "size": "1239.10000000", "price": "0.19865000", "time": "2025-07-13T11:36:23.223940Z", "fetched_at": "2025-07-13T11:46:16.072685+00:00", "symbol": "DOGE-USD"}, {"trade_id": 138803998, "side": "sell", "size": "254.90000000", "price": "0.19864000", "time": "2025-07-13T11:36:23.223940Z", "fetched_at": "2025-07-13T11:46:16.072685+00:00", "symbol": "DOGE-USD"}, {"trade_id": 138803997, "side": "sell", "size": "5.60000000", "price": "0.19864000", "time": "2025-07-13T11:36:22.638054Z", "fetched_at": "2025-07-13T11:46:16.072685+00:00", "symbol": "DOGE-USD"}, {"trade_id": 138803996, "side": "buy", "size": "108.40000000", "price": "0.19860000", "time": "2025-07-13T11:36:16.856144Z", "fetched_at": "2025-07-13T11:46:16.072685+00:00", "symbol": "DOGE-USD"}, {"trade_id": 138803995, "side": "buy", "size": "5.60000000", "price": "0.19860000", "time": "2025-07-13T11:36:16.856144Z", "fetched_at": "2025-07-13T11:46:16.072685+00:00", "symbol": "DOGE-USD"}, {"trade_id": 138803994, "side": "buy", "size": "23.70000000", "price": "0.19861000", "time": "2025-07-13T11:36:16.856144Z", "fetched_at": "2025-07-13T11:46:16.072685+00:00", "symbol": "DOGE-USD"}, {"trade_id": 138803993, "side": "buy", "size": "5.60000000", "price": "0.19862000", "time": "2025-07-13T11:36:16.856144Z", "fetched_at": "2025-07-13T11:46:16.072685+00:00", "symbol": "DOGE-USD"}, {"trade_id": 138803992, "side": "sell", "size": "253.00000000", "price": "0.19863000", "time": "2025-07-13T11:36:12.481457Z", "fetched_at": "2025-07-13T11:46:16.072685+00:00", "symbol": "DOGE-USD"}, {"trade_id": 138803991, "side": "sell", "size": "300.20000000", "price": "0.19865000", "time": "2025-07-13T11:36:09.993305Z", "fetched_at": "2025-07-13T11:46:16.072685+00:00", "symbol": "DOGE-USD"}, {"trade_id": 138803990, "side": "sell", "size": "1748.70000000", "price": "0.19865000", "time": "2025-07-13T11:36:09.993305Z", "fetched_at": "2025-07-13T11:46:16.072685+00:00", "symbol": "DOGE-USD"}, {"trade_id": 138803989, "side": "sell", "size": "1288.00000000", "price": "0.19865000", "time": "2025-07-13T11:36:09.993305Z", "fetched_at": "2025-07-13T11:46:16.072685+00:00", "symbol": "DOGE-USD"}, {"trade_id": 138803988, "side": "sell", "size": "189.30000000", "price": "0.19863000", "time": "2025-07-13T11:36:09.993305Z", "fetched_at": "2025-07-13T11:46:16.072685+00:00", "symbol": "DOGE-USD"}, {"trade_id": 138803987, "side": "sell", "size": "1166.90000000", "price": "0.19863000", "time": "2025-07-13T11:36:09.993305Z", "fetched_at": "2025-07-13T11:46:16.072685+00:00", "symbol": "DOGE-USD"}, {"trade_id": 138803986, "side": "buy", "size": "5.60000000", "price": "0.19864000", "time": "2025-07-13T11:36:06.571277Z", "fetched_at": "2025-07-13T11:46:16.072685+00:00", "symbol": "DOGE-USD"}, {"trade_id": 138803985, "side": "buy", "size": "769.50000000", "price": "0.19865000", "time": "2025-07-13T11:36:06.570890Z", "fetched_at": "2025-07-13T11:46:16.072685+00:00", "symbol": "DOGE-USD"}, {"trade_id": 138803984, "side": "buy", "size": "5.60000000", "price": "0.19866000", "time": "2025-07-13T11:36:06.570509Z", "fetched_at": "2025-07-13T11:46:16.072685+00:00", "symbol": "DOGE-USD"}, {"trade_id": 138803983, "side": "buy", "size": "42.20000000", "price": "0.19867000", "time": "2025-07-13T11:36:06.570509Z", "fetched_at": "2025-07-13T11:46:16.072685+00:00", "symbol": "DOGE-USD"}, {"trade_id": 138803982, "side": "buy", "size": "62.10000000", "price": "0.19868000", "time": "2025-07-13T11:36:06.570509Z", "fetched_at": "2025-07-13T11:46:16.072685+00:00", "symbol": "DOGE-USD"}, {"trade_id": 138803981, "side": "buy", "size": "5.60000000", "price": "0.19868000", "time": "2025-07-13T11:36:06.570509Z", "fetched_at": "2025-07-13T11:46:16.072685+00:00", "symbol": "DOGE-USD"}, {"trade_id": 138803980, "side": "buy", "size": "5.60000000", "price": "0.19870000", "time": "2025-07-13T11:36:06.570509Z", "fetched_at": "2025-07-13T11:46:16.072685+00:00", "symbol": "DOGE-USD"}, {"trade_id": 138803979, "side": "buy", "size": "5.60000000", "price": "0.19872000", "time": "2025-07-13T11:36:06.513599Z", "fetched_at": "2025-07-13T11:46:16.072685+00:00", "symbol": "DOGE-USD"}, {"trade_id": 138803978, "side": "buy", "size": "5.60000000", "price": "0.19874000", "time": "2025-07-13T11:36:03.185199Z", "fetched_at": "2025-07-13T11:46:16.072685+00:00", "symbol": "DOGE-USD"}, {"trade_id": 138803977, "side": "buy", "size": "5.60000000", "price": "0.19876000", "time": "2025-07-13T11:35:57.743687Z", "fetched_at": "2025-07-13T11:46:16.072685+00:00", "symbol": "DOGE-USD"}, {"trade_id": 138803976, "side": "buy", "size": "5.60000000", "price": "0.19878000", "time": "2025-07-13T11:35:57.728248Z", "fetched_at": "2025-07-13T11:46:16.072685+00:00", "symbol": "DOGE-USD"}, {"trade_id": 138803975, "side": "buy", "size": "5.60000000", "price": "0.19880000", "time": "2025-07-13T11:35:56.708323Z", "fetched_at": "2025-07-13T11:46:16.072685+00:00", "symbol": "DOGE-USD"}, {"trade_id": 138803974, "side": "buy", "size": "76.10000000", "price": "0.19881000", "time": "2025-07-13T11:35:51.819875Z", "fetched_at": "2025-07-13T11:46:16.072685+00:00", "symbol": "DOGE-USD"}, {"trade_id": 138803973, "side": "buy", "size": "39.70000000", "price": "0.19882000", "time": "2025-07-13T11:35:51.819875Z", "fetched_at": "2025-07-13T11:46:16.072685+00:00", "symbol": "DOGE-USD"}, {"trade_id": 138803972, "side": "buy", "size": "5.60000000", "price": "0.19882000", "time": "2025-07-13T11:35:51.819875Z", "fetched_at": "2025-07-13T11:46:16.072685+00:00", "symbol": "DOGE-USD"}, {"trade_id": 138803971, "side": "buy", "size": "5.60000000", "price": "0.19884000", "time": "2025-07-13T11:35:51.819875Z", "fetched_at": "2025-07-13T11:46:16.072685+00:00", "symbol": "DOGE-USD"}, {"trade_id": 138803970, "side": "buy", "size": "5.60000000", "price": "0.19886000", "time": "2025-07-13T11:35:50.980662Z", "fetched_at": "2025-07-13T11:46:16.072685+00:00", "symbol": "DOGE-USD"}, {"trade_id": 138803969, "side": "buy", "size": "5.60000000", "price": "0.19888000", "time": "2025-07-13T11:35:49.739304Z", "fetched_at": "2025-07-13T11:46:16.072685+00:00", "symbol": "DOGE-USD"}, {"trade_id": 138803968, "side": "sell", "size": "100.80000000", "price": "0.19889000", "time": "2025-07-13T11:35:43.380421Z", "fetched_at": "2025-07-13T11:46:16.072685+00:00", "symbol": "DOGE-USD"}, {"trade_id": 138803967, "side": "buy", "size": "5.60000000", "price": "0.19890000", "time": "2025-07-13T11:35:43.259309Z", "fetched_at": "2025-07-13T11:46:16.072685+00:00", "symbol": "DOGE-USD"}, {"trade_id": 138803966, "side": "sell", "size": "4.90000000", "price": "0.19891000", "time": "2025-07-13T11:35:39.906800Z", "fetched_at": "2025-07-13T11:46:16.072685+00:00", "symbol": "DOGE-USD"}, {"trade_id": 138803965, "side": "buy", "size": "2000.00000000", "price": "0.19890000", "time": "2025-07-13T11:35:32.082910Z", "fetched_at": "2025-07-13T11:46:16.072685+00:00", "symbol": "DOGE-USD"}, {"trade_id": 138803964, "side": "buy", "size": "1567.80000000", "price": "0.19890000", "time": "2025-07-13T11:35:32.082910Z", "fetched_at": "2025-07-13T11:46:16.072685+00:00", "symbol": "DOGE-USD"}, {"trade_id": 138803963, "side": "buy", "size": "2500.00000000", "price": "0.19890000", "time": "2025-07-13T11:35:32.082910Z", "fetched_at": "2025-07-13T11:46:16.072685+00:00", "symbol": "DOGE-USD"}, {"trade_id": 138803962, "side": "buy", "size": "2250.00000000", "price": "0.19890000", "time": "2025-07-13T11:35:32.082910Z", "fetched_at": "2025-07-13T11:46:16.072685+00:00", "symbol": "DOGE-USD"}, {"trade_id": 138803961, "side": "buy", "size": "1507.60000000", "price": "0.19890000", "time": "2025-07-13T11:35:32.082910Z", "fetched_at": "2025-07-13T11:46:16.072685+00:00", "symbol": "DOGE-USD"}, {"trade_id": 138803960, "side": "buy", "size": "5299.00000000", "price": "0.19890000", "time": "2025-07-13T11:35:32.082910Z", "fetched_at": "2025-07-13T11:46:16.072685+00:00", "symbol": "DOGE-USD"}, {"trade_id": 138803959, "side": "buy", "size": "5.60000000", "price": "0.19890000", "time": "2025-07-13T11:35:32.082910Z", "fetched_at": "2025-07-13T11:46:16.072685+00:00", "symbol": "DOGE-USD"}, {"trade_id": 138803958, "side": "buy", "size": "1246.80000000", "price": "0.19895000", "time": "2025-07-13T11:35:32.082017Z", "fetched_at": "2025-07-13T11:46:16.072685+00:00", "symbol": "DOGE-USD"}, {"trade_id": 138803957, "side": "buy", "size": "173.20000000", "price": "0.19892000", "time": "2025-07-13T11:35:32.080180Z", "fetched_at": "2025-07-13T11:46:16.072685+00:00", "symbol": "DOGE-USD"}, {"trade_id": 138803956, "side": "buy", "size": "2500.00000000", "price": "0.19892000", "time": "2025-07-13T11:35:32.080180Z", "fetched_at": "2025-07-13T11:46:16.072685+00:00", "symbol": "DOGE-USD"}, {"trade_id": 138803955, "side": "buy", "size": "10000.00000000", "price": "0.19892000", "time": "2025-07-13T11:35:32.080180Z", "fetched_at": "2025-07-13T11:46:16.072685+00:00", "symbol": "DOGE-USD"}, {"trade_id": 138803954, "side": "buy", "size": "5000.00000000", "price": "0.19892000", "time": "2025-07-13T11:35:32.080180Z", "fetched_at": "2025-07-13T11:46:16.072685+00:00", "symbol": "DOGE-USD"}, {"trade_id": 138803953, "side": "buy", "size": "5.60000000", "price": "0.19892000", "time": "2025-07-13T11:35:32.080180Z", "fetched_at": "2025-07-13T11:46:16.072685+00:00", "symbol": "DOGE-USD"}, {"trade_id": 138803952, "side": "buy", "size": "1827.10000000", "price": "0.19893000", "time": "2025-07-13T11:35:32.079908Z", "fetched_at": "2025-07-13T11:46:16.072685+00:00", "symbol": "DOGE-USD"}, {"trade_id": 138803951, "side": "buy", "size": "1394.20000000", "price": "0.19893000", "time": "2025-07-13T11:35:32.079908Z", "fetched_at": "2025-07-13T11:46:16.072685+00:00", "symbol": "DOGE-USD"}, {"trade_id": 138803950, "side": "buy", "size": "17887.20000000", "price": "0.19893000", "time": "2025-07-13T11:35:32.079908Z", "fetched_at": "2025-07-13T11:46:16.072685+00:00", "symbol": "DOGE-USD"}, {"trade_id": 138803949, "side": "buy", "size": "769.50000000", "price": "0.19895000", "time": "2025-07-13T11:35:32.079274Z", "fetched_at": "2025-07-13T11:46:16.072685+00:00", "symbol": "DOGE-USD"}, {"trade_id": 138803948, "side": "buy", "size": "769.50000000", "price": "0.19897000", "time": "2025-07-13T11:35:32.079097Z", "fetched_at": "2025-07-13T11:46:16.072685+00:00", "symbol": "DOGE-USD"}, {"trade_id": 138803947, "side": "buy", "size": "33.40000000", "price": "0.19897000", "time": "2025-07-13T11:35:32.079097Z", "fetched_at": "2025-07-13T11:46:16.072685+00:00", "symbol": "DOGE-USD"}, {"trade_id": 138803946, "side": "buy", "size": "11808.70000000", "price": "0.19899000", "time": "2025-07-13T11:35:32.077875Z", "fetched_at": "2025-07-13T11:46:16.072685+00:00", "symbol": "DOGE-USD"}, {"trade_id": 138803945, "side": "sell", "size": "50.30000000", "price": "0.19899000", "time": "2025-07-13T11:35:31.285028Z", "fetched_at": "2025-07-13T11:46:16.072685+00:00", "symbol": "DOGE-USD"}, {"trade_id": 138803944, "side": "sell", "size": "100.00000000", "price": "0.19897000", "time": "2025-07-13T11:35:30.285117Z", "fetched_at": "2025-07-13T11:46:16.072685+00:00", "symbol": "DOGE-USD"}, {"trade_id": 138803943, "side": "sell", "size": "119.20000000", "price": "0.19901000", "time": "2025-07-13T11:35:15.043858Z", "fetched_at": "2025-07-13T11:46:16.072685+00:00", "symbol": "DOGE-USD"}, {"trade_id": 138803942, "side": "sell", "size": "941.60000000", "price": "0.19902000", "time": "2025-07-13T11:35:14.440366Z", "fetched_at": "2025-07-13T11:46:16.072685+00:00", "symbol": "DOGE-USD"}, {"trade_id": 138803941, "side": "sell", "size": "1387.30000000", "price": "0.19902000", "time": "2025-07-13T11:35:14.440366Z", "fetched_at": "2025-07-13T11:46:16.072685+00:00", "symbol": "DOGE-USD"}, {"trade_id": 138803940, "side": "sell", "size": "1313.80000000", "price": "0.19902000", "time": "2025-07-13T11:35:14.440366Z", "fetched_at": "2025-07-13T11:46:16.072685+00:00", "symbol": "DOGE-USD"}, {"trade_id": 138803939, "side": "sell", "size": "5.60000000", "price": "0.19902000", "time": "2025-07-13T11:35:14.440366Z", "fetched_at": "2025-07-13T11:46:16.072685+00:00", "symbol": "DOGE-USD"}, {"trade_id": 138803938, "side": "sell", "size": "5.60000000", "price": "0.19900000", "time": "2025-07-13T11:35:14.440366Z", "fetched_at": "2025-07-13T11:46:16.072685+00:00", "symbol": "DOGE-USD"}, {"trade_id": 138803937, "side": "sell", "size": "5.60000000", "price": "0.19898000", "time": "2025-07-13T11:35:14.440366Z", "fetched_at": "2025-07-13T11:46:16.072685+00:00", "symbol": "DOGE-USD"}, {"trade_id": 138803936, "side": "sell", "size": "5.60000000", "price": "0.19896000", "time": "2025-07-13T11:35:13.719594Z", "fetched_at": "2025-07-13T11:46:16.072685+00:00", "symbol": "DOGE-USD"}, {"trade_id": 138803935, "side": "buy", "size": "159.70000000", "price": "0.19889000", "time": "2025-07-13T11:35:11.355105Z", "fetched_at": "2025-07-13T11:46:16.072685+00:00", "symbol": "DOGE-USD"}, {"trade_id": 138803934, "side": "buy", "size": "4046.20000000", "price": "0.19889000", "time": "2025-07-13T11:35:11.355105Z", "fetched_at": "2025-07-13T11:46:16.072685+00:00", "symbol": "DOGE-USD"}, {"trade_id": 138803933, "side": "buy", "size": "1748.70000000", "price": "0.19889000", "time": "2025-07-13T11:35:11.355105Z", "fetched_at": "2025-07-13T11:46:16.072685+00:00", "symbol": "DOGE-USD"}, {"trade_id": 138803932, "side": "buy", "size": "769.50000000", "price": "0.19889000", "time": "2025-07-13T11:35:11.355105Z", "fetched_at": "2025-07-13T11:46:16.072685+00:00", "symbol": "DOGE-USD"}, {"trade_id": 138803931, "side": "buy", "size": "5.60000000", "price": "0.19890000", "time": "2025-07-13T11:35:11.355105Z", "fetched_at": "2025-07-13T11:46:16.072685+00:00", "symbol": "DOGE-USD"}, {"trade_id": 138803930, "side": "buy", "size": "4504.50000000", "price": "0.19890000", "time": "2025-07-13T11:35:11.355105Z", "fetched_at": "2025-07-13T11:46:16.072685+00:00", "symbol": "DOGE-USD"}, {"trade_id": 138803929, "side": "buy", "size": "5461.90000000", "price": "0.19890000", "time": "2025-07-13T11:35:11.355105Z", "fetched_at": "2025-07-13T11:46:16.072685+00:00", "symbol": "DOGE-USD"}, {"trade_id": 138803928, "side": "buy", "size": "1748.70000000", "price": "0.19890000", "time": "2025-07-13T11:35:11.355105Z", "fetched_at": "2025-07-13T11:46:16.072685+00:00", "symbol": "DOGE-USD"}, {"trade_id": 138803927, "side": "buy", "size": "1302.70000000", "price": "0.19890000", "time": "2025-07-13T11:35:11.355105Z", "fetched_at": "2025-07-13T11:46:16.072685+00:00", "symbol": "DOGE-USD"}, {"trade_id": 138803926, "side": "buy", "size": "74.80000000", "price": "0.19890000", "time": "2025-07-13T11:35:11.355105Z", "fetched_at": "2025-07-13T11:46:16.072685+00:00", "symbol": "DOGE-USD"}, {"trade_id": 138803925, "side": "buy", "size": "5461.90000000", "price": "0.19891000", "time": "2025-07-13T11:35:11.355105Z", "fetched_at": "2025-07-13T11:46:16.072685+00:00", "symbol": "DOGE-USD"}, {"trade_id": 138803924, "side": "buy", "size": "4554.90000000", "price": "0.19891000", "time": "2025-07-13T11:35:11.355105Z", "fetched_at": "2025-07-13T11:46:16.072685+00:00", "symbol": "DOGE-USD"}, {"trade_id": 138803923, "side": "buy", "size": "3175.30000000", "price": "0.19891000", "time": "2025-07-13T11:35:11.355105Z", "fetched_at": "2025-07-13T11:46:16.072685+00:00", "symbol": "DOGE-USD"}, {"trade_id": 138803922, "side": "buy", "size": "1748.70000000", "price": "0.19891000", "time": "2025-07-13T11:35:11.355105Z", "fetched_at": "2025-07-13T11:46:16.072685+00:00", "symbol": "DOGE-USD"}, {"trade_id": 138803921, "side": "buy", "size": "769.50000000", "price": "0.19892000", "time": "2025-07-13T11:35:11.355105Z", "fetched_at": "2025-07-13T11:46:16.072685+00:00", "symbol": "DOGE-USD"}, {"trade_id": 138803920, "side": "buy", "size": "1748.70000000", "price": "0.19892000", "time": "2025-07-13T11:35:11.355105Z", "fetched_at": "2025-07-13T11:46:16.072685+00:00", "symbol": "DOGE-USD"}, {"trade_id": 138803919, "side": "buy", "size": "20.80000000", "price": "0.19893000", "time": "2025-07-13T11:35:11.355105Z", "fetched_at": "2025-07-13T11:46:16.072685+00:00", "symbol": "DOGE-USD"}, {"trade_id": 138803918, "side": "buy", "size": "591.90000000", "price": "0.19894000", "time": "2025-07-13T11:35:11.355105Z", "fetched_at": "2025-07-13T11:46:16.072685+00:00", "symbol": "DOGE-USD"}, {"trade_id": 138803917, "side": "buy", "size": "189.30000000", "price": "0.19895000", "time": "2025-07-13T11:35:11.355105Z", "fetched_at": "2025-07-13T11:46:16.072685+00:00", "symbol": "DOGE-USD"}, {"trade_id": 138803916, "side": "sell", "size": "193.90000000", "price": "0.19894000", "time": "2025-07-13T11:35:02.337242Z", "fetched_at": "2025-07-13T11:46:16.072685+00:00", "symbol": "DOGE-USD"}, {"trade_id": 138803915, "side": "sell", "size": "5.60000000", "price": "0.19894000", "time": "2025-07-13T11:35:02.337242Z", "fetched_at": "2025-07-13T11:46:16.072685+00:00", "symbol": "DOGE-USD"}, {"trade_id": 138803914, "side": "sell", "size": "5.60000000", "price": "0.19892000", "time": "2025-07-13T11:35:02.337242Z", "fetched_at": "2025-07-13T11:46:16.072685+00:00", "symbol": "DOGE-USD"}, {"trade_id": 138803913, "side": "sell", "size": "50.30000000", "price": "0.19888000", "time": "2025-07-13T11:35:00.408564Z", "fetched_at": "2025-07-13T11:46:16.072685+00:00", "symbol": "DOGE-USD"}, {"trade_id": 138803912, "side": "sell", "size": "14.50000000", "price": "0.19888000", "time": "2025-07-13T11:34:53.773236Z", "fetched_at": "2025-07-13T11:46:16.072685+00:00", "symbol": "DOGE-USD"}, {"trade_id": 138803911, "side": "buy", "size": "35.40000000", "price": "0.19890000", "time": "2025-07-13T11:34:53.482968Z", "fetched_at": "2025-07-13T11:46:16.072685+00:00", "symbol": "DOGE-USD"}, {"trade_id": 138803910, "side": "buy", "size": "27.80000000", "price": "0.19886000", "time": "2025-07-13T11:34:43.859988Z", "fetched_at": "2025-07-13T11:46:16.072685+00:00", "symbol": "DOGE-USD"}, {"trade_id": 138803909, "side": "sell", "size": "5.60000000", "price": "0.19890000", "time": "2025-07-13T11:34:34.403502Z", "fetched_at": "2025-07-13T11:46:16.072685+00:00", "symbol": "DOGE-USD"}, {"trade_id": 138803908, "side": "buy", "size": "809.30000000", "price": "0.19888000", "time": "2025-07-13T11:34:25.031729Z", "fetched_at": "2025-07-13T11:46:16.072685+00:00", "symbol": "DOGE-USD"}, {"trade_id": 138803907, "side": "buy", "size": "45.40000000", "price": "0.19889000", "time": "2025-07-13T11:34:25.031729Z", "fetched_at": "2025-07-13T11:46:16.072685+00:00", "symbol": "DOGE-USD"}, {"trade_id": 138803906, "side": "sell", "size": "492.20000000", "price": "0.19888000", "time": "2025-07-13T11:34:20.837318Z", "fetched_at": "2025-07-13T11:46:16.072685+00:00", "symbol": "DOGE-USD"}, {"trade_id": 138803905, "side": "sell", "size": "5.60000000", "price": "0.19888000", "time": "2025-07-13T11:34:20.837318Z", "fetched_at": "2025-07-13T11:46:16.072685+00:00", "symbol": "DOGE-USD"}, {"trade_id": 138803904, "side": "buy", "size": "2.20000000", "price": "0.19887000", "time": "2025-07-13T11:34:17.905896Z", "fetched_at": "2025-07-13T11:46:16.072685+00:00", "symbol": "DOGE-USD"}, {"trade_id": 138803903, "side": "sell", "size": "3.50000000", "price": "0.19884000", "time": "2025-07-13T11:34:00.869069Z", "fetched_at": "2025-07-13T11:46:16.072685+00:00", "symbol": "DOGE-USD"}, {"trade_id": 138803902, "side": "sell", "size": "265.20000000", "price": "0.19884000", "time": "2025-07-13T11:34:00.869069Z", "fetched_at": "2025-07-13T11:46:16.072685+00:00", "symbol": "DOGE-USD"}, {"trade_id": 138803901, "side": "sell", "size": "23.60000000", "price": "0.19883000", "time": "2025-07-13T11:33:59.119371Z", "fetched_at": "2025-07-13T11:46:16.072685+00:00", "symbol": "DOGE-USD"}, {"trade_id": 138803900, "side": "sell", "size": "9.90000000", "price": "0.19886000", "time": "2025-07-13T11:33:49.170273Z", "fetched_at": "2025-07-13T11:46:16.072685+00:00", "symbol": "DOGE-USD"}, {"trade_id": 138803899, "side": "sell", "size": "5.60000000", "price": "0.19888000", "time": "2025-07-13T11:33:44.145362Z", "fetched_at": "2025-07-13T11:46:16.072685+00:00", "symbol": "DOGE-USD"}, {"trade_id": 138803898, "side": "sell", "size": "5.60000000", "price": "0.19886000", "time": "2025-07-13T11:33:44.086922Z", "fetched_at": "2025-07-13T11:46:16.072685+00:00", "symbol": "DOGE-USD"}, {"trade_id": 138803897, "side": "sell", "size": "5.60000000", "price": "0.19884000", "time": "2025-07-13T11:33:39.720040Z", "fetched_at": "2025-07-13T11:46:16.072685+00:00", "symbol": "DOGE-USD"}, {"trade_id": 138803896, "side": "sell", "size": "174.60000000", "price": "0.19879000", "time": "2025-07-13T11:33:35.421714Z", "fetched_at": "2025-07-13T11:46:16.072685+00:00", "symbol": "DOGE-USD"}, {"trade_id": 138803895, "side": "sell", "size": "183.00000000", "price": "0.19879000", "time": "2025-07-13T11:33:35.421714Z", "fetched_at": "2025-07-13T11:46:16.072685+00:00", "symbol": "DOGE-USD"}, {"trade_id": 138803894, "side": "sell", "size": "265.20000000", "price": "0.19879000", "time": "2025-07-13T11:33:35.421714Z", "fetched_at": "2025-07-13T11:46:16.072685+00:00", "symbol": "DOGE-USD"}, {"trade_id": 138803893, "side": "sell", "size": "0.60000000", "price": "0.19882000", "time": "2025-07-13T11:33:29.021769Z", "fetched_at": "2025-07-13T11:46:16.072685+00:00", "symbol": "DOGE-USD"}, {"trade_id": 138803892, "side": "sell", "size": "5.60000000", "price": "0.19882000", "time": "2025-07-13T11:33:29.021769Z", "fetched_at": "2025-07-13T11:46:16.072685+00:00", "symbol": "DOGE-USD"}, {"trade_id": 138803891, "side": "sell", "size": "1003.60000000", "price": "0.19877000", "time": "2025-07-13T11:33:20.936266Z", "fetched_at": "2025-07-13T11:46:16.072685+00:00", "symbol": "DOGE-USD"}, {"trade_id": 138803890, "side": "buy", "size": "5.60000000", "price": "0.19878000", "time": "2025-07-13T11:33:13.491121Z", "fetched_at": "2025-07-13T11:46:16.072685+00:00", "symbol": "DOGE-USD"}, {"trade_id": 138803889, "side": "buy", "size": "5.60000000", "price": "0.19880000", "time": "2025-07-13T11:33:12.247976Z", "fetched_at": "2025-07-13T11:46:16.072685+00:00", "symbol": "DOGE-USD"}, {"trade_id": 138803888, "side": "buy", "size": "5.60000000", "price": "0.19882000", "time": "2025-07-13T11:33:12.203701Z", "fetched_at": "2025-07-13T11:46:16.072685+00:00", "symbol": "DOGE-USD"}, {"trade_id": 138803887, "side": "buy", "size": "5.60000000", "price": "0.19884000", "time": "2025-07-13T11:33:06.669147Z", "fetched_at": "2025-07-13T11:46:16.072685+00:00", "symbol": "DOGE-USD"}, {"trade_id": 138803886, "side": "buy", "size": "5.60000000", "price": "0.19886000", "time": "2025-07-13T11:33:06.115805Z", "fetched_at": "2025-07-13T11:46:16.072685+00:00", "symbol": "DOGE-USD"}, {"trade_id": 138803885, "side": "sell", "size": "99.60000000", "price": "0.19887000", "time": "2025-07-13T11:33:05.444022Z", "fetched_at": "2025-07-13T11:46:16.072685+00:00", "symbol": "DOGE-USD"}, {"trade_id": 138803884, "side": "buy", "size": "64.00000000", "price": "0.19887000", "time": "2025-07-13T11:33:01.276896Z", "fetched_at": "2025-07-13T11:46:16.072685+00:00", "symbol": "DOGE-USD"}, {"trade_id": 138803883, "side": "buy", "size": "36.00000000", "price": "0.19888000", "time": "2025-07-13T11:33:01.276896Z", "fetched_at": "2025-07-13T11:46:16.072685+00:00", "symbol": "DOGE-USD"}, {"trade_id": 138803882, "side": "sell", "size": "5.60000000", "price": "0.19894000", "time": "2025-07-13T11:32:58.602460Z", "fetched_at": "2025-07-13T11:46:16.072685+00:00", "symbol": "DOGE-USD"}, {"trade_id": 138803881, "side": "sell", "size": "58.10000000", "price": "0.19893000", "time": "2025-07-13T11:32:56.281217Z", "fetched_at": "2025-07-13T11:46:16.072685+00:00", "symbol": "DOGE-USD"}, {"trade_id": 138803880, "side": "sell", "size": "769.50000000", "price": "0.19893000", "time": "2025-07-13T11:32:56.281217Z", "fetched_at": "2025-07-13T11:46:16.072685+00:00", "symbol": "DOGE-USD"}, {"trade_id": 138803879, "side": "sell", "size": "2427.60000000", "price": "0.19892000", "time": "2025-07-13T11:32:56.281217Z", "fetched_at": "2025-07-13T11:46:16.072685+00:00", "symbol": "DOGE-USD"}, {"trade_id": 138803878, "side": "sell", "size": "1749.70000000", "price": "0.19892000", "time": "2025-07-13T11:32:56.281217Z", "fetched_at": "2025-07-13T11:46:16.072685+00:00", "symbol": "DOGE-USD"}, {"trade_id": 138803877, "side": "sell", "size": "5.60000000", "price": "0.19892000", "time": "2025-07-13T11:32:56.281217Z", "fetched_at": "2025-07-13T11:46:16.072685+00:00", "symbol": "DOGE-USD"}, {"trade_id": 138803876, "side": "sell", "size": "50.30000000", "price": "0.19891000", "time": "2025-07-13T11:32:56.281217Z", "fetched_at": "2025-07-13T11:46:16.072685+00:00", "symbol": "DOGE-USD"}, {"trade_id": 138803875, "side": "sell", "size": "5.60000000", "price": "0.19890000", "time": "2025-07-13T11:32:56.281217Z", "fetched_at": "2025-07-13T11:46:16.072685+00:00", "symbol": "DOGE-USD"}, {"trade_id": 138803874, "side": "sell", "size": "5.60000000", "price": "0.19888000", "time": "2025-07-13T11:32:56.281217Z", "fetched_at": "2025-07-13T11:46:16.072685+00:00", "symbol": "DOGE-USD"}, {"trade_id": 138803873, "side": "sell", "size": "5.60000000", "price": "0.19886000", "time": "2025-07-13T11:32:56.281217Z", "fetched_at": "2025-07-13T11:46:16.072685+00:00", "symbol": "DOGE-USD"}, {"trade_id": 138803872, "side": "sell", "size": "131.10000000", "price": "0.19884000", "time": "2025-07-13T11:32:54.907403Z", "fetched_at": "2025-07-13T11:46:16.072685+00:00", "symbol": "DOGE-USD"}, {"trade_id": 138803871, "side": "sell", "size": "5.60000000", "price": "0.19884000", "time": "2025-07-13T11:32:54.907403Z", "fetched_at": "2025-07-13T11:46:16.072685+00:00", "symbol": "DOGE-USD"}, {"trade_id": 138803870, "side": "sell", "size": "5.60000000", "price": "0.19882000", "time": "2025-07-13T11:32:54.892027Z", "fetched_at": "2025-07-13T11:46:16.072685+00:00", "symbol": "DOGE-USD"}, {"trade_id": 138803869, "side": "sell", "size": "5.60000000", "price": "0.19880000", "time": "2025-07-13T11:32:50.331516Z", "fetched_at": "2025-07-13T11:46:16.072685+00:00", "symbol": "DOGE-USD"}, {"trade_id": 138803868, "side": "sell", "size": "5.60000000", "price": "0.19878000", "time": "2025-07-13T11:32:49.544176Z", "fetched_at": "2025-07-13T11:46:16.072685+00:00", "symbol": "DOGE-USD"}, {"trade_id": 138803867, "side": "buy", "size": "5.60000000", "price": "0.19874000", "time": "2025-07-13T11:32:42.674357Z", "fetched_at": "2025-07-13T11:46:16.072685+00:00", "symbol": "DOGE-USD"}, {"trade_id": 138803866, "side": "buy", "size": "5.60000000", "price": "0.19876000", "time": "2025-07-13T11:32:37.007815Z", "fetched_at": "2025-07-13T11:46:16.072685+00:00", "symbol": "DOGE-USD"}, {"trade_id": 138803865, "side": "buy", "size": "5.60000000", "price": "0.19878000", "time": "2025-07-13T11:32:33.601708Z", "fetched_at": "2025-07-13T11:46:16.072685+00:00", "symbol": "DOGE-USD"}, {"trade_id": 138803864, "side": "buy", "size": "4920.60000000", "price": "0.19879000", "time": "2025-07-13T11:32:24.696639Z", "fetched_at": "2025-07-13T11:46:16.072685+00:00", "symbol": "DOGE-USD"}, {"trade_id": 138803863, "side": "buy", "size": "17933.70000000", "price": "0.19879000", "time": "2025-07-13T11:32:24.696639Z", "fetched_at": "2025-07-13T11:46:16.072685+00:00", "symbol": "DOGE-USD"}, {"trade_id": 138803862, "side": "buy", "size": "5.60000000", "price": "0.19880000", "time": "2025-07-13T11:32:24.695422Z", "fetched_at": "2025-07-13T11:46:16.072685+00:00", "symbol": "DOGE-USD"}, {"trade_id": 138803861, "side": "buy", "size": "24.40000000", "price": "0.19881000", "time": "2025-07-13T11:32:24.695422Z", "fetched_at": "2025-07-13T11:46:16.072685+00:00", "symbol": "DOGE-USD"}, {"trade_id": 138803860, "side": "buy", "size": "5361.20000000", "price": "0.19882000", "time": "2025-07-13T11:32:24.694247Z", "fetched_at": "2025-07-13T11:46:16.072685+00:00", "symbol": "DOGE-USD"}, {"trade_id": 138803859, "side": "buy", "size": "5.60000000", "price": "0.19882000", "time": "2025-07-13T11:32:24.694247Z", "fetched_at": "2025-07-13T11:46:16.072685+00:00", "symbol": "DOGE-USD"}, {"trade_id": 138803858, "side": "buy", "size": "5.60000000", "price": "0.19884000", "time": "2025-07-13T11:32:24.694247Z", "fetched_at": "2025-07-13T11:46:16.072685+00:00", "symbol": "DOGE-USD"}, {"trade_id": 138803857, "side": "buy", "size": "5.60000000", "price": "0.19886000", "time": "2025-07-13T11:32:20.545439Z", "fetched_at": "2025-07-13T11:46:16.072685+00:00", "symbol": "DOGE-USD"}, {"trade_id": 138803856, "side": "sell", "size": "9.80000000", "price": "0.19887000", "time": "2025-07-13T11:32:20.526873Z", "fetched_at": "2025-07-13T11:46:16.072685+00:00", "symbol": "DOGE-USD"}, {"trade_id": 138803855, "side": "buy", "size": "8057.40000000", "price": "0.19887000", "time": "2025-07-13T11:32:16.637955Z", "fetched_at": "2025-07-13T11:46:16.072685+00:00", "symbol": "DOGE-USD"}, {"trade_id": 138803854, "side": "buy", "size": "5.60000000", "price": "0.19888000", "time": "2025-07-13T11:32:16.637955Z", "fetched_at": "2025-07-13T11:46:16.072685+00:00", "symbol": "DOGE-USD"}, {"trade_id": 138803853, "side": "buy", "size": "2.00000000", "price": "0.19890000", "time": "2025-07-13T11:32:10.327758Z", "fetched_at": "2025-07-13T11:46:16.072685+00:00", "symbol": "DOGE-USD"}, {"trade_id": 138803852, "side": "buy", "size": "131.10000000", "price": "0.19891000", "time": "2025-07-13T11:32:04.689768Z", "fetched_at": "2025-07-13T11:46:16.072685+00:00", "symbol": "DOGE-USD"}, {"trade_id": 138803851, "side": "buy", "size": "5.60000000", "price": "0.19892000", "time": "2025-07-13T11:32:03.996359Z", "fetched_at": "2025-07-13T11:46:16.072685+00:00", "symbol": "DOGE-USD"}, {"trade_id": 138803850, "side": "sell", "size": "49.80000000", "price": "0.19899000", "time": "2025-07-13T11:31:58.979770Z", "fetched_at": "2025-07-13T11:46:16.072685+00:00", "symbol": "DOGE-USD"}, {"trade_id": 138803849, "side": "sell", "size": "1394.00000000", "price": "0.19899000", "time": "2025-07-13T11:31:57.351406Z", "fetched_at": "2025-07-13T11:46:16.072685+00:00", "symbol": "DOGE-USD"}, {"trade_id": 138803848, "side": "sell", "size": "0.60000000", "price": "0.19898000", "time": "2025-07-13T11:31:57.351406Z", "fetched_at": "2025-07-13T11:46:16.072685+00:00", "symbol": "DOGE-USD"}, {"trade_id": 138803847, "side": "sell", "size": "5.00000000", "price": "0.19898000", "time": "2025-07-13T11:31:55.317949Z", "fetched_at": "2025-07-13T11:46:16.072685+00:00", "symbol": "DOGE-USD"}, {"trade_id": 138803846, "side": "sell", "size": "5.60000000", "price": "0.19896000", "time": "2025-07-13T11:31:53.416062Z", "fetched_at": "2025-07-13T11:46:16.072685+00:00", "symbol": "DOGE-USD"}, {"trade_id": 138803845, "side": "sell", "size": "5.60000000", "price": "0.19894000", "time": "2025-07-13T11:31:53.410353Z", "fetched_at": "2025-07-13T11:46:16.072685+00:00", "symbol": "DOGE-USD"}, {"trade_id": 138803844, "side": "sell", "size": "5.60000000", "price": "0.19892000", "time": "2025-07-13T11:31:53.038424Z", "fetched_at": "2025-07-13T11:46:16.072685+00:00", "symbol": "DOGE-USD"}, {"trade_id": 138803843, "side": "buy", "size": "11384.30000000", "price": "0.19887000", "time": "2025-07-13T11:31:47.227124Z", "fetched_at": "2025-07-13T11:46:16.072685+00:00", "symbol": "DOGE-USD"}, {"trade_id": 138803842, "side": "buy", "size": "37.20000000", "price": "0.19888000", "time": "2025-07-13T11:31:47.227124Z", "fetched_at": "2025-07-13T11:46:16.072685+00:00", "symbol": "DOGE-USD"}, {"trade_id": 138803841, "side": "buy", "size": "1345.80000000", "price": "0.19888000", "time": "2025-07-13T11:31:47.227124Z", "fetched_at": "2025-07-13T11:46:16.072685+00:00", "symbol": "DOGE-USD"}, {"trade_id": 138803840, "side": "buy", "size": "5.60000000", "price": "0.19888000", "time": "2025-07-13T11:31:47.227124Z", "fetched_at": "2025-07-13T11:46:16.072685+00:00", "symbol": "DOGE-USD"}, {"trade_id": 138803839, "side": "buy", "size": "450.50000000", "price": "0.19888000", "time": "2025-07-13T11:31:47.227124Z", "fetched_at": "2025-07-13T11:46:16.072685+00:00", "symbol": "DOGE-USD"}, {"trade_id": 138803838, "side": "sell", "size": "4575.30000000", "price": "0.19892000", "time": "2025-07-13T11:31:18.225547Z", "fetched_at": "2025-07-13T11:46:16.072685+00:00", "symbol": "DOGE-USD"}, {"trade_id": 138803837, "side": "sell", "size": "5069.20000000", "price": "0.19892000", "time": "2025-07-13T11:31:18.225547Z", "fetched_at": "2025-07-13T11:46:16.072685+00:00", "symbol": "DOGE-USD"}, {"trade_id": 138803836, "side": "sell", "size": "1808.70000000", "price": "0.19892000", "time": "2025-07-13T11:31:18.225547Z", "fetched_at": "2025-07-13T11:46:16.072685+00:00", "symbol": "DOGE-USD"}, {"trade_id": 138803835, "side": "sell", "size": "1749.70000000", "price": "0.19892000", "time": "2025-07-13T11:31:18.225547Z", "fetched_at": "2025-07-13T11:46:16.072685+00:00", "symbol": "DOGE-USD"}, {"trade_id": 138803834, "side": "sell", "size": "1222.60000000", "price": "0.19891000", "time": "2025-07-13T11:31:18.225547Z", "fetched_at": "2025-07-13T11:46:16.072685+00:00", "symbol": "DOGE-USD"}, {"trade_id": 138803833, "side": "sell", "size": "3000.60000000", "price": "0.19891000", "time": "2025-07-13T11:31:18.225547Z", "fetched_at": "2025-07-13T11:46:16.072685+00:00", "symbol": "DOGE-USD"}, {"trade_id": 138803832, "side": "sell", "size": "2567.00000000", "price": "0.19891000", "time": "2025-07-13T11:31:18.225547Z", "fetched_at": "2025-07-13T11:46:16.072685+00:00", "symbol": "DOGE-USD"}, {"trade_id": 138803831, "side": "sell", "size": "2022.90000000", "price": "0.19891000", "time": "2025-07-13T11:31:18.225547Z", "fetched_at": "2025-07-13T11:46:16.072685+00:00", "symbol": "DOGE-USD"}, {"trade_id": 138803830, "side": "sell", "size": "1749.70000000", "price": "0.19891000", "time": "2025-07-13T11:31:18.225547Z", "fetched_at": "2025-07-13T11:46:16.072685+00:00", "symbol": "DOGE-USD"}, {"trade_id": 138803829, "side": "sell", "size": "50.30000000", "price": "0.19890000", "time": "2025-07-13T11:31:18.225547Z", "fetched_at": "2025-07-13T11:46:16.072685+00:00", "symbol": "DOGE-USD"}, {"trade_id": 138803828, "side": "sell", "size": "183.00000000", "price": "0.19889000", "time": "2025-07-13T11:31:18.225547Z", "fetched_at": "2025-07-13T11:46:16.072685+00:00", "symbol": "DOGE-USD"}, {"trade_id": 138803827, "side": "sell", "size": "1156.70000000", "price": "0.19889000", "time": "2025-07-13T11:31:18.225547Z", "fetched_at": "2025-07-13T11:46:16.072685+00:00", "symbol": "DOGE-USD"}, {"trade_id": 138803826, "side": "sell", "size": "254.90000000", "price": "0.19889000", "time": "2025-07-13T11:31:18.225547Z", "fetched_at": "2025-07-13T11:46:16.072685+00:00", "symbol": "DOGE-USD"}, {"trade_id": 138803825, "side": "buy", "size": "346.60000000", "price": "0.19890000", "time": "2025-07-13T11:31:03.561318Z", "fetched_at": "2025-07-13T11:46:16.072685+00:00", "symbol": "DOGE-USD"}, {"trade_id": 138803824, "side": "buy", "size": "5.60000000", "price": "0.19890000", "time": "2025-07-13T11:31:03.561318Z", "fetched_at": "2025-07-13T11:46:16.072685+00:00", "symbol": "DOGE-USD"}, {"trade_id": 138803823, "side": "sell", "size": "174.20000000", "price": "0.19891000", "time": "2025-07-13T11:30:57.373802Z", "fetched_at": "2025-07-13T11:46:16.072685+00:00", "symbol": "DOGE-USD"}, {"trade_id": 138803822, "side": "sell", "size": "789.70000000", "price": "0.19893000", "time": "2025-07-13T11:30:47.720224Z", "fetched_at": "2025-07-13T11:46:16.072685+00:00", "symbol": "DOGE-USD"}, {"trade_id": 138803821, "side": "sell", "size": "71.90000000", "price": "0.19891000", "time": "2025-07-13T11:30:47.648190Z", "fetched_at": "2025-07-13T11:46:16.072685+00:00", "symbol": "DOGE-USD"}, {"trade_id": 138803820, "side": "sell", "size": "183.00000000", "price": "0.19891000", "time": "2025-07-13T11:30:47.647861Z", "fetched_at": "2025-07-13T11:46:16.072685+00:00", "symbol": "DOGE-USD"}, {"trade_id": 138803819, "side": "buy", "size": "5.60000000", "price": "0.19890000", "time": "2025-07-13T11:30:47.634414Z", "fetched_at": "2025-07-13T11:46:16.072685+00:00", "symbol": "DOGE-USD"}, {"trade_id": 138803818, "side": "buy", "size": "17964.70000000", "price": "0.19891000", "time": "2025-07-13T11:30:47.633911Z", "fetched_at": "2025-07-13T11:46:16.072685+00:00", "symbol": "DOGE-USD"}, {"trade_id": 138803817, "side": "buy", "size": "9878.50000000", "price": "0.19892000", "time": "2025-07-13T11:30:47.632256Z", "fetched_at": "2025-07-13T11:46:16.072685+00:00", "symbol": "DOGE-USD"}, {"trade_id": 138803816, "side": "buy", "size": "1749.70000000", "price": "0.19892000", "time": "2025-07-13T11:30:47.632256Z", "fetched_at": "2025-07-13T11:46:16.072685+00:00", "symbol": "DOGE-USD"}, {"trade_id": 138803815, "side": "buy", "size": "5.60000000", "price": "0.19892000", "time": "2025-07-13T11:30:47.632256Z", "fetched_at": "2025-07-13T11:46:16.072685+00:00", "symbol": "DOGE-USD"}, {"trade_id": 138803814, "side": "buy", "size": "1119.10000000", "price": "0.19893000", "time": "2025-07-13T11:30:47.629940Z", "fetched_at": "2025-07-13T11:46:16.072685+00:00", "symbol": "DOGE-USD"}, {"trade_id": 138803813, "side": "buy", "size": "769.50000000", "price": "0.19893000", "time": "2025-07-13T11:30:47.629940Z", "fetched_at": "2025-07-13T11:46:16.072685+00:00", "symbol": "DOGE-USD"}, {"trade_id": 138803812, "side": "buy", "size": "30.20000000", "price": "0.19894000", "time": "2025-07-13T11:30:47.629940Z", "fetched_at": "2025-07-13T11:46:16.072685+00:00", "symbol": "DOGE-USD"}, {"trade_id": 138803811, "side": "buy", "size": "183.00000000", "price": "0.19895000", "time": "2025-07-13T11:30:47.629940Z", "fetched_at": "2025-07-13T11:46:16.072685+00:00", "symbol": "DOGE-USD"}, {"trade_id": 138803810, "side": "sell", "size": "95.30000000", "price": "0.19895000", "time": "2025-07-13T11:30:46.181268Z", "fetched_at": "2025-07-13T11:46:16.072685+00:00", "symbol": "DOGE-USD"}, {"trade_id": 138803809, "side": "sell", "size": "35925.00000000", "price": "0.19895000", "time": "2025-07-13T11:30:38.467350Z", "fetched_at": "2025-07-13T11:46:16.072685+00:00", "symbol": "DOGE-USD"}, {"trade_id": 138803808, "side": "sell", "size": "35926.30000000", "price": "0.19895000", "time": "2025-07-13T11:30:38.370647Z", "fetched_at": "2025-07-13T11:46:16.072685+00:00", "symbol": "DOGE-USD"}, {"trade_id": 138803807, "side": "buy", "size": "1534.70000000", "price": "0.19895000", "time": "2025-07-13T11:30:38.200341Z", "fetched_at": "2025-07-13T11:46:16.072685+00:00", "symbol": "DOGE-USD"}, {"trade_id": 138803806, "side": "buy", "size": "33.10000000", "price": "0.19896000", "time": "2025-07-13T11:30:38.200341Z", "fetched_at": "2025-07-13T11:46:16.072685+00:00", "symbol": "DOGE-USD"}