[{"trade_id": 138828338, "side": "sell", "size": "0.20000000", "price": "0.19979000", "time": "2025-07-13T15:39:33.932277Z", "fetched_at": "2025-07-13T15:39:37.167679+00:00", "symbol": "DOGE-USD"}, {"trade_id": 138828337, "side": "buy", "size": "369.90000000", "price": "0.19979000", "time": "2025-07-13T15:39:32.460202Z", "fetched_at": "2025-07-13T15:39:37.167679+00:00", "symbol": "DOGE-USD"}, {"trade_id": 138828336, "side": "buy", "size": "30.10000000", "price": "0.19980000", "time": "2025-07-13T15:39:32.460202Z", "fetched_at": "2025-07-13T15:39:37.167679+00:00", "symbol": "DOGE-USD"}, {"trade_id": 138828335, "side": "sell", "size": "769.40000000", "price": "0.19984000", "time": "2025-07-13T15:39:32.274401Z", "fetched_at": "2025-07-13T15:39:37.167679+00:00", "symbol": "DOGE-USD"}, {"trade_id": 138828334, "side": "sell", "size": "5.60000000", "price": "0.19984000", "time": "2025-07-13T15:39:32.274401Z", "fetched_at": "2025-07-13T15:39:37.167679+00:00", "symbol": "DOGE-USD"}, {"trade_id": 138828333, "side": "sell", "size": "19385.20000000", "price": "0.19983000", "time": "2025-07-13T15:39:32.260015Z", "fetched_at": "2025-07-13T15:39:37.167679+00:00", "symbol": "DOGE-USD"}, {"trade_id": 138828332, "side": "sell", "size": "1717.40000000", "price": "0.19983000", "time": "2025-07-13T15:39:32.260015Z", "fetched_at": "2025-07-13T15:39:37.167679+00:00", "symbol": "DOGE-USD"}, {"trade_id": 138828331, "side": "sell", "size": "24860.20000000", "price": "0.19983000", "time": "2025-07-13T15:39:32.260015Z", "fetched_at": "2025-07-13T15:39:37.167679+00:00", "symbol": "DOGE-USD"}, {"trade_id": 138828330, "side": "sell", "size": "9673.00000000", "price": "0.19982000", "time": "2025-07-13T15:39:32.260015Z", "fetched_at": "2025-07-13T15:39:37.167679+00:00", "symbol": "DOGE-USD"}, {"trade_id": 138828329, "side": "sell", "size": "13947.60000000", "price": "0.19982000", "time": "2025-07-13T15:39:32.260015Z", "fetched_at": "2025-07-13T15:39:37.167679+00:00", "symbol": "DOGE-USD"}, {"trade_id": 138828328, "side": "sell", "size": "1717.40000000", "price": "0.19982000", "time": "2025-07-13T15:39:32.260015Z", "fetched_at": "2025-07-13T15:39:37.167679+00:00", "symbol": "DOGE-USD"}, {"trade_id": 138828327, "side": "sell", "size": "694.40000000", "price": "0.19978000", "time": "2025-07-13T15:39:31.933413Z", "fetched_at": "2025-07-13T15:39:37.167679+00:00", "symbol": "DOGE-USD"}, {"trade_id": 138828326, "side": "sell", "size": "694.40000000", "price": "0.19977000", "time": "2025-07-13T15:39:31.933413Z", "fetched_at": "2025-07-13T15:39:37.167679+00:00", "symbol": "DOGE-USD"}, {"trade_id": 138828325, "side": "buy", "size": "5.10000000", "price": "0.19970000", "time": "2025-07-13T15:39:31.151383Z", "fetched_at": "2025-07-13T15:39:37.167679+00:00", "symbol": "DOGE-USD"}, {"trade_id": 138828324, "side": "sell", "size": "1717.40000000", "price": "0.19980000", "time": "2025-07-13T15:39:30.583889Z", "fetched_at": "2025-07-13T15:39:37.167679+00:00", "symbol": "DOGE-USD"}, {"trade_id": 138828323, "side": "sell", "size": "5.30000000", "price": "0.19979000", "time": "2025-07-13T15:39:30.583889Z", "fetched_at": "2025-07-13T15:39:37.167679+00:00", "symbol": "DOGE-USD"}, {"trade_id": 138828322, "side": "sell", "size": "694.40000000", "price": "0.19978000", "time": "2025-07-13T15:39:30.583889Z", "fetched_at": "2025-07-13T15:39:37.167679+00:00", "symbol": "DOGE-USD"}, {"trade_id": 138828321, "side": "sell", "size": "5.60000000", "price": "0.19980000", "time": "2025-07-13T15:39:29.685092Z", "fetched_at": "2025-07-13T15:39:37.167679+00:00", "symbol": "DOGE-USD"}, {"trade_id": 138828320, "side": "sell", "size": "11.80000000", "price": "0.19973000", "time": "2025-07-13T15:39:28.345578Z", "fetched_at": "2025-07-13T15:39:37.167679+00:00", "symbol": "DOGE-USD"}, {"trade_id": 138828319, "side": "buy", "size": "144968.60000000", "price": "0.19959000", "time": "2025-07-13T15:39:27.499153Z", "fetched_at": "2025-07-13T15:39:37.167679+00:00", "symbol": "DOGE-USD"}, {"trade_id": 138828318, "side": "buy", "size": "2502.30000000", "price": "0.19959000", "time": "2025-07-13T15:39:27.499153Z", "fetched_at": "2025-07-13T15:39:37.167679+00:00", "symbol": "DOGE-USD"}, {"trade_id": 138828317, "side": "buy", "size": "1717.40000000", "price": "0.19959000", "time": "2025-07-13T15:39:27.499153Z", "fetched_at": "2025-07-13T15:39:37.167679+00:00", "symbol": "DOGE-USD"}, {"trade_id": 138828316, "side": "buy", "size": "6510.90000000", "price": "0.19959000", "time": "2025-07-13T15:39:27.499153Z", "fetched_at": "2025-07-13T15:39:37.167679+00:00", "symbol": "DOGE-USD"}, {"trade_id": 138828315, "side": "buy", "size": "44.50000000", "price": "0.19959000", "time": "2025-07-13T15:39:27.499153Z", "fetched_at": "2025-07-13T15:39:37.167679+00:00", "symbol": "DOGE-USD"}, {"trade_id": 138828314, "side": "buy", "size": "2508.40000000", "price": "0.19960000", "time": "2025-07-13T15:39:27.499153Z", "fetched_at": "2025-07-13T15:39:37.167679+00:00", "symbol": "DOGE-USD"}, {"trade_id": 138828313, "side": "buy", "size": "5.60000000", "price": "0.19960000", "time": "2025-07-13T15:39:27.499153Z", "fetched_at": "2025-07-13T15:39:37.167679+00:00", "symbol": "DOGE-USD"}, {"trade_id": 138828312, "side": "buy", "size": "2215.80000000", "price": "0.19960000", "time": "2025-07-13T15:39:27.499153Z", "fetched_at": "2025-07-13T15:39:37.167679+00:00", "symbol": "DOGE-USD"}, {"trade_id": 138828311, "side": "buy", "size": "1717.40000000", "price": "0.19960000", "time": "2025-07-13T15:39:27.499153Z", "fetched_at": "2025-07-13T15:39:37.167679+00:00", "symbol": "DOGE-USD"}, {"trade_id": 138828310, "side": "buy", "size": "6621.20000000", "price": "0.19960000", "time": "2025-07-13T15:39:27.499153Z", "fetched_at": "2025-07-13T15:39:37.167679+00:00", "symbol": "DOGE-USD"}, {"trade_id": 138828309, "side": "buy", "size": "2494.90000000", "price": "0.19960000", "time": "2025-07-13T15:39:27.499153Z", "fetched_at": "2025-07-13T15:39:37.167679+00:00", "symbol": "DOGE-USD"}, {"trade_id": 138828308, "side": "buy", "size": "1973.10000000", "price": "0.19961000", "time": "2025-07-13T15:39:27.499153Z", "fetched_at": "2025-07-13T15:39:37.167679+00:00", "symbol": "DOGE-USD"}, {"trade_id": 138828307, "side": "buy", "size": "24860.20000000", "price": "0.19961000", "time": "2025-07-13T15:39:27.499153Z", "fetched_at": "2025-07-13T15:39:37.167679+00:00", "symbol": "DOGE-USD"}, {"trade_id": 138828306, "side": "buy", "size": "3540.90000000", "price": "0.19961000", "time": "2025-07-13T15:39:27.499153Z", "fetched_at": "2025-07-13T15:39:37.167679+00:00", "symbol": "DOGE-USD"}, {"trade_id": 138828305, "side": "buy", "size": "1717.40000000", "price": "0.19961000", "time": "2025-07-13T15:39:27.499153Z", "fetched_at": "2025-07-13T15:39:37.167679+00:00", "symbol": "DOGE-USD"}, {"trade_id": 138828304, "side": "buy", "size": "769.50000000", "price": "0.19961000", "time": "2025-07-13T15:39:27.499153Z", "fetched_at": "2025-07-13T15:39:37.167679+00:00", "symbol": "DOGE-USD"}, {"trade_id": 138828303, "side": "buy", "size": "6510.90000000", "price": "0.19961000", "time": "2025-07-13T15:39:27.499153Z", "fetched_at": "2025-07-13T15:39:37.167679+00:00", "symbol": "DOGE-USD"}, {"trade_id": 138828302, "side": "buy", "size": "3927.90000000", "price": "0.19962000", "time": "2025-07-13T15:39:27.499153Z", "fetched_at": "2025-07-13T15:39:37.167679+00:00", "symbol": "DOGE-USD"}, {"trade_id": 138828301, "side": "buy", "size": "14611.60000000", "price": "0.19962000", "time": "2025-07-13T15:39:27.499153Z", "fetched_at": "2025-07-13T15:39:37.167679+00:00", "symbol": "DOGE-USD"}, {"trade_id": 138828300, "side": "buy", "size": "5.60000000", "price": "0.19962000", "time": "2025-07-13T15:39:27.499153Z", "fetched_at": "2025-07-13T15:39:37.167679+00:00", "symbol": "DOGE-USD"}, {"trade_id": 138828299, "side": "buy", "size": "2436.20000000", "price": "0.19962000", "time": "2025-07-13T15:39:27.499153Z", "fetched_at": "2025-07-13T15:39:37.167679+00:00", "symbol": "DOGE-USD"}, {"trade_id": 138828298, "side": "buy", "size": "1717.40000000", "price": "0.19962000", "time": "2025-07-13T15:39:27.499153Z", "fetched_at": "2025-07-13T15:39:37.167679+00:00", "symbol": "DOGE-USD"}, {"trade_id": 138828297, "side": "buy", "size": "6591.70000000", "price": "0.19962000", "time": "2025-07-13T15:39:27.499153Z", "fetched_at": "2025-07-13T15:39:37.167679+00:00", "symbol": "DOGE-USD"}, {"trade_id": 138828296, "side": "buy", "size": "0.20000000", "price": "0.19962000", "time": "2025-07-13T15:39:27.499153Z", "fetched_at": "2025-07-13T15:39:37.167679+00:00", "symbol": "DOGE-USD"}, {"trade_id": 138828295, "side": "buy", "size": "10000.00000000", "price": "0.19963000", "time": "2025-07-13T15:39:27.499153Z", "fetched_at": "2025-07-13T15:39:37.167679+00:00", "symbol": "DOGE-USD"}, {"trade_id": 138828294, "side": "buy", "size": "2103.50000000", "price": "0.19963000", "time": "2025-07-13T15:39:27.499153Z", "fetched_at": "2025-07-13T15:39:37.167679+00:00", "symbol": "DOGE-USD"}, {"trade_id": 138828293, "side": "buy", "size": "5000.00000000", "price": "0.19963000", "time": "2025-07-13T15:39:27.499153Z", "fetched_at": "2025-07-13T15:39:37.167679+00:00", "symbol": "DOGE-USD"}, {"trade_id": 138828292, "side": "buy", "size": "2026.40000000", "price": "0.19963000", "time": "2025-07-13T15:39:27.499153Z", "fetched_at": "2025-07-13T15:39:37.167679+00:00", "symbol": "DOGE-USD"}, {"trade_id": 138828291, "side": "buy", "size": "1717.40000000", "price": "0.19963000", "time": "2025-07-13T15:39:27.499153Z", "fetched_at": "2025-07-13T15:39:37.167679+00:00", "symbol": "DOGE-USD"}, {"trade_id": 138828290, "side": "buy", "size": "6574.20000000", "price": "0.19963000", "time": "2025-07-13T15:39:27.499153Z", "fetched_at": "2025-07-13T15:39:37.167679+00:00", "symbol": "DOGE-USD"}, {"trade_id": 138828289, "side": "buy", "size": "47.60000000", "price": "0.19963000", "time": "2025-07-13T15:39:27.499153Z", "fetched_at": "2025-07-13T15:39:37.167679+00:00", "symbol": "DOGE-USD"}, {"trade_id": 138828288, "side": "buy", "size": "3969.40000000", "price": "0.19964000", "time": "2025-07-13T15:39:27.499153Z", "fetched_at": "2025-07-13T15:39:37.167679+00:00", "symbol": "DOGE-USD"}, {"trade_id": 138828287, "side": "buy", "size": "4244.90000000", "price": "0.19964000", "time": "2025-07-13T15:39:27.499153Z", "fetched_at": "2025-07-13T15:39:37.167679+00:00", "symbol": "DOGE-USD"}, {"trade_id": 138828286, "side": "buy", "size": "2041.00000000", "price": "0.19964000", "time": "2025-07-13T15:39:27.499153Z", "fetched_at": "2025-07-13T15:39:37.167679+00:00", "symbol": "DOGE-USD"}, {"trade_id": 138828285, "side": "buy", "size": "1717.40000000", "price": "0.19964000", "time": "2025-07-13T15:39:27.499153Z", "fetched_at": "2025-07-13T15:39:37.167679+00:00", "symbol": "DOGE-USD"}, {"trade_id": 138828284, "side": "buy", "size": "5.60000000", "price": "0.19964000", "time": "2025-07-13T15:39:27.499153Z", "fetched_at": "2025-07-13T15:39:37.167679+00:00", "symbol": "DOGE-USD"}, {"trade_id": 138828283, "side": "buy", "size": "6564.00000000", "price": "0.19964000", "time": "2025-07-13T15:39:27.499153Z", "fetched_at": "2025-07-13T15:39:37.167679+00:00", "symbol": "DOGE-USD"}, {"trade_id": 138828282, "side": "buy", "size": "2500.00000000", "price": "0.19965000", "time": "2025-07-13T15:39:27.499153Z", "fetched_at": "2025-07-13T15:39:37.167679+00:00", "symbol": "DOGE-USD"}, {"trade_id": 138828281, "side": "buy", "size": "5337.60000000", "price": "0.19965000", "time": "2025-07-13T15:39:27.499153Z", "fetched_at": "2025-07-13T15:39:37.167679+00:00", "symbol": "DOGE-USD"}, {"trade_id": 138828280, "side": "buy", "size": "3288.40000000", "price": "0.19965000", "time": "2025-07-13T15:39:27.499153Z", "fetched_at": "2025-07-13T15:39:37.167679+00:00", "symbol": "DOGE-USD"}, {"trade_id": 138828279, "side": "buy", "size": "1717.40000000", "price": "0.19965000", "time": "2025-07-13T15:39:27.499153Z", "fetched_at": "2025-07-13T15:39:37.167679+00:00", "symbol": "DOGE-USD"}, {"trade_id": 138828278, "side": "buy", "size": "6621.20000000", "price": "0.19965000", "time": "2025-07-13T15:39:27.499153Z", "fetched_at": "2025-07-13T15:39:37.167679+00:00", "symbol": "DOGE-USD"}, {"trade_id": 138828277, "side": "buy", "size": "2460.00000000", "price": "0.19966000", "time": "2025-07-13T15:39:27.499153Z", "fetched_at": "2025-07-13T15:39:37.167679+00:00", "symbol": "DOGE-USD"}, {"trade_id": 138828276, "side": "buy", "size": "5.60000000", "price": "0.19966000", "time": "2025-07-13T15:39:27.499153Z", "fetched_at": "2025-07-13T15:39:37.167679+00:00", "symbol": "DOGE-USD"}, {"trade_id": 138828275, "side": "buy", "size": "3540.60000000", "price": "0.19966000", "time": "2025-07-13T15:39:27.499153Z", "fetched_at": "2025-07-13T15:39:37.167679+00:00", "symbol": "DOGE-USD"}, {"trade_id": 138828274, "side": "buy", "size": "1717.40000000", "price": "0.19966000", "time": "2025-07-13T15:39:27.499153Z", "fetched_at": "2025-07-13T15:39:37.167679+00:00", "symbol": "DOGE-USD"}, {"trade_id": 138828273, "side": "buy", "size": "6564.00000000", "price": "0.19966000", "time": "2025-07-13T15:39:27.499153Z", "fetched_at": "2025-07-13T15:39:37.167679+00:00", "symbol": "DOGE-USD"}, {"trade_id": 138828272, "side": "buy", "size": "2000.00000000", "price": "0.19967000", "time": "2025-07-13T15:39:27.499153Z", "fetched_at": "2025-07-13T15:39:37.167679+00:00", "symbol": "DOGE-USD"}, {"trade_id": 138828271, "side": "buy", "size": "12718.70000000", "price": "0.19967000", "time": "2025-07-13T15:39:27.499153Z", "fetched_at": "2025-07-13T15:39:37.167679+00:00", "symbol": "DOGE-USD"}, {"trade_id": 138828270, "side": "buy", "size": "1886.90000000", "price": "0.19967000", "time": "2025-07-13T15:39:27.499153Z", "fetched_at": "2025-07-13T15:39:37.167679+00:00", "symbol": "DOGE-USD"}, {"trade_id": 138828269, "side": "buy", "size": "3938.40000000", "price": "0.19967000", "time": "2025-07-13T15:39:27.499153Z", "fetched_at": "2025-07-13T15:39:37.167679+00:00", "symbol": "DOGE-USD"}, {"trade_id": 138828268, "side": "buy", "size": "6564.00000000", "price": "0.19967000", "time": "2025-07-13T15:39:27.499153Z", "fetched_at": "2025-07-13T15:39:37.167679+00:00", "symbol": "DOGE-USD"}, {"trade_id": 138828267, "side": "buy", "size": "6769.60000000", "price": "0.19968000", "time": "2025-07-13T15:39:27.499153Z", "fetched_at": "2025-07-13T15:39:37.167679+00:00", "symbol": "DOGE-USD"}, {"trade_id": 138828266, "side": "buy", "size": "4218.00000000", "price": "0.19968000", "time": "2025-07-13T15:39:27.499153Z", "fetched_at": "2025-07-13T15:39:37.167679+00:00", "symbol": "DOGE-USD"}, {"trade_id": 138828265, "side": "buy", "size": "1988.30000000", "price": "0.19968000", "time": "2025-07-13T15:39:27.499153Z", "fetched_at": "2025-07-13T15:39:37.167679+00:00", "symbol": "DOGE-USD"}, {"trade_id": 138828264, "side": "buy", "size": "4400.10000000", "price": "0.19968000", "time": "2025-07-13T15:39:27.499153Z", "fetched_at": "2025-07-13T15:39:37.167679+00:00", "symbol": "DOGE-USD"}, {"trade_id": 138828263, "side": "buy", "size": "6618.70000000", "price": "0.19968000", "time": "2025-07-13T15:39:27.499153Z", "fetched_at": "2025-07-13T15:39:37.167679+00:00", "symbol": "DOGE-USD"}, {"trade_id": 138828262, "side": "buy", "size": "5.60000000", "price": "0.19968000", "time": "2025-07-13T15:39:27.499153Z", "fetched_at": "2025-07-13T15:39:37.167679+00:00", "symbol": "DOGE-USD"}, {"trade_id": 138828261, "side": "buy", "size": "27.50000000", "price": "0.19969000", "time": "2025-07-13T15:39:27.499153Z", "fetched_at": "2025-07-13T15:39:37.167679+00:00", "symbol": "DOGE-USD"}, {"trade_id": 138828260, "side": "buy", "size": "12718.70000000", "price": "0.19969000", "time": "2025-07-13T15:39:27.499153Z", "fetched_at": "2025-07-13T15:39:37.167679+00:00", "symbol": "DOGE-USD"}, {"trade_id": 138828259, "side": "buy", "size": "2042.50000000", "price": "0.19969000", "time": "2025-07-13T15:39:27.499153Z", "fetched_at": "2025-07-13T15:39:37.167679+00:00", "symbol": "DOGE-USD"}, {"trade_id": 138828258, "side": "buy", "size": "1717.40000000", "price": "0.19969000", "time": "2025-07-13T15:39:27.499153Z", "fetched_at": "2025-07-13T15:39:37.167679+00:00", "symbol": "DOGE-USD"}, {"trade_id": 138828257, "side": "buy", "size": "6554.40000000", "price": "0.19969000", "time": "2025-07-13T15:39:27.499153Z", "fetched_at": "2025-07-13T15:39:37.167679+00:00", "symbol": "DOGE-USD"}, {"trade_id": 138828256, "side": "buy", "size": "2969.10000000", "price": "0.19970000", "time": "2025-07-13T15:39:27.499153Z", "fetched_at": "2025-07-13T15:39:37.167679+00:00", "symbol": "DOGE-USD"}, {"trade_id": 138828255, "side": "buy", "size": "6620.30000000", "price": "0.19970000", "time": "2025-07-13T15:39:27.499153Z", "fetched_at": "2025-07-13T15:39:37.167679+00:00", "symbol": "DOGE-USD"}, {"trade_id": 138828254, "side": "buy", "size": "5.60000000", "price": "0.19970000", "time": "2025-07-13T15:39:27.499153Z", "fetched_at": "2025-07-13T15:39:37.167679+00:00", "symbol": "DOGE-USD"}, {"trade_id": 138828253, "side": "buy", "size": "4394.30000000", "price": "0.19970000", "time": "2025-07-13T15:39:27.499153Z", "fetched_at": "2025-07-13T15:39:37.167679+00:00", "symbol": "DOGE-USD"}, {"trade_id": 138828252, "side": "buy", "size": "6550.40000000", "price": "0.19970000", "time": "2025-07-13T15:39:27.499153Z", "fetched_at": "2025-07-13T15:39:37.167679+00:00", "symbol": "DOGE-USD"}, {"trade_id": 138828251, "side": "buy", "size": "0.20000000", "price": "0.19970000", "time": "2025-07-13T15:39:27.499153Z", "fetched_at": "2025-07-13T15:39:37.167679+00:00", "symbol": "DOGE-USD"}, {"trade_id": 138828250, "side": "buy", "size": "694.40000000", "price": "0.19971000", "time": "2025-07-13T15:39:27.499153Z", "fetched_at": "2025-07-13T15:39:37.167679+00:00", "symbol": "DOGE-USD"}, {"trade_id": 138828249, "side": "buy", "size": "2793.50000000", "price": "0.19971000", "time": "2025-07-13T15:39:27.499153Z", "fetched_at": "2025-07-13T15:39:37.167679+00:00", "symbol": "DOGE-USD"}, {"trade_id": 138828248, "side": "buy", "size": "6517.20000000", "price": "0.19971000", "time": "2025-07-13T15:39:27.499153Z", "fetched_at": "2025-07-13T15:39:37.167679+00:00", "symbol": "DOGE-USD"}, {"trade_id": 138828247, "side": "buy", "size": "3930.40000000", "price": "0.19971000", "time": "2025-07-13T15:39:27.499153Z", "fetched_at": "2025-07-13T15:39:37.167679+00:00", "symbol": "DOGE-USD"}, {"trade_id": 138828246, "side": "buy", "size": "103.80000000", "price": "0.19971000", "time": "2025-07-13T15:39:27.499153Z", "fetched_at": "2025-07-13T15:39:37.167679+00:00", "symbol": "DOGE-USD"}, {"trade_id": 138828245, "side": "buy", "size": "3946.50000000", "price": "0.19972000", "time": "2025-07-13T15:39:27.499153Z", "fetched_at": "2025-07-13T15:39:37.167679+00:00", "symbol": "DOGE-USD"}, {"trade_id": 138828244, "side": "buy", "size": "1361.70000000", "price": "0.19972000", "time": "2025-07-13T15:39:27.499153Z", "fetched_at": "2025-07-13T15:39:37.167679+00:00", "symbol": "DOGE-USD"}, {"trade_id": 138828243, "side": "buy", "size": "2040.50000000", "price": "0.19972000", "time": "2025-07-13T15:39:27.499153Z", "fetched_at": "2025-07-13T15:39:37.167679+00:00", "symbol": "DOGE-USD"}, {"trade_id": 138828242, "side": "buy", "size": "6517.20000000", "price": "0.19972000", "time": "2025-07-13T15:39:27.499153Z", "fetched_at": "2025-07-13T15:39:37.167679+00:00", "symbol": "DOGE-USD"}, {"trade_id": 138828241, "side": "buy", "size": "1717.40000000", "price": "0.19972000", "time": "2025-07-13T15:39:27.499153Z", "fetched_at": "2025-07-13T15:39:37.167679+00:00", "symbol": "DOGE-USD"}, {"trade_id": 138828240, "side": "buy", "size": "5.60000000", "price": "0.19972000", "time": "2025-07-13T15:39:27.499153Z", "fetched_at": "2025-07-13T15:39:37.167679+00:00", "symbol": "DOGE-USD"}, {"trade_id": 138828239, "side": "buy", "size": "15.20000000", "price": "0.19972000", "time": "2025-07-13T15:39:27.499153Z", "fetched_at": "2025-07-13T15:39:37.167679+00:00", "symbol": "DOGE-USD"}, {"trade_id": 138828238, "side": "buy", "size": "1221.50000000", "price": "0.19973000", "time": "2025-07-13T15:39:27.499153Z", "fetched_at": "2025-07-13T15:39:37.167679+00:00", "symbol": "DOGE-USD"}, {"trade_id": 138828237, "side": "buy", "size": "2134.10000000", "price": "0.19973000", "time": "2025-07-13T15:39:27.499153Z", "fetched_at": "2025-07-13T15:39:37.167679+00:00", "symbol": "DOGE-USD"}, {"trade_id": 138828236, "side": "buy", "size": "19391.70000000", "price": "0.19973000", "time": "2025-07-13T15:39:27.499153Z", "fetched_at": "2025-07-13T15:39:37.167679+00:00", "symbol": "DOGE-USD"}, {"trade_id": 138828235, "side": "buy", "size": "2703.60000000", "price": "0.19973000", "time": "2025-07-13T15:39:27.499153Z", "fetched_at": "2025-07-13T15:39:37.167679+00:00", "symbol": "DOGE-USD"}, {"trade_id": 138828234, "side": "buy", "size": "1717.40000000", "price": "0.19973000", "time": "2025-07-13T15:39:27.499153Z", "fetched_at": "2025-07-13T15:39:37.167679+00:00", "symbol": "DOGE-USD"}, {"trade_id": 138828233, "side": "buy", "size": "10919.00000000", "price": "0.19974000", "time": "2025-07-13T15:39:27.499153Z", "fetched_at": "2025-07-13T15:39:37.167679+00:00", "symbol": "DOGE-USD"}, {"trade_id": 138828232, "side": "buy", "size": "2394.90000000", "price": "0.19974000", "time": "2025-07-13T15:39:27.499153Z", "fetched_at": "2025-07-13T15:39:37.167679+00:00", "symbol": "DOGE-USD"}, {"trade_id": 138828231, "side": "buy", "size": "1717.40000000", "price": "0.19974000", "time": "2025-07-13T15:39:27.499153Z", "fetched_at": "2025-07-13T15:39:37.167679+00:00", "symbol": "DOGE-USD"}, {"trade_id": 138828230, "side": "buy", "size": "5.60000000", "price": "0.19974000", "time": "2025-07-13T15:39:27.499153Z", "fetched_at": "2025-07-13T15:39:37.167679+00:00", "symbol": "DOGE-USD"}, {"trade_id": 138828229, "side": "buy", "size": "188.80000000", "price": "0.19974000", "time": "2025-07-13T15:39:27.499153Z", "fetched_at": "2025-07-13T15:39:37.167679+00:00", "symbol": "DOGE-USD"}, {"trade_id": 138828228, "side": "buy", "size": "663.30000000", "price": "0.19974000", "time": "2025-07-13T15:39:27.499153Z", "fetched_at": "2025-07-13T15:39:37.167679+00:00", "symbol": "DOGE-USD"}, {"trade_id": 138828227, "side": "buy", "size": "1342.00000000", "price": "0.19975000", "time": "2025-07-13T15:39:27.499153Z", "fetched_at": "2025-07-13T15:39:37.167679+00:00", "symbol": "DOGE-USD"}, {"trade_id": 138828226, "side": "buy", "size": "1179.60000000", "price": "0.19975000", "time": "2025-07-13T15:39:27.499153Z", "fetched_at": "2025-07-13T15:39:37.167679+00:00", "symbol": "DOGE-USD"}, {"trade_id": 138828225, "side": "buy", "size": "5.60000000", "price": "0.19976000", "time": "2025-07-13T15:39:27.499153Z", "fetched_at": "2025-07-13T15:39:37.167679+00:00", "symbol": "DOGE-USD"}, {"trade_id": 138828224, "side": "buy", "size": "5.60000000", "price": "0.19978000", "time": "2025-07-13T15:39:27.499153Z", "fetched_at": "2025-07-13T15:39:37.167679+00:00", "symbol": "DOGE-USD"}, {"trade_id": 138828223, "side": "buy", "size": "5.60000000", "price": "0.19980000", "time": "2025-07-13T15:39:25.162359Z", "fetched_at": "2025-07-13T15:39:37.167679+00:00", "symbol": "DOGE-USD"}, {"trade_id": 138828222, "side": "sell", "size": "11.30000000", "price": "0.19981000", "time": "2025-07-13T15:39:23.364833Z", "fetched_at": "2025-07-13T15:39:37.167679+00:00", "symbol": "DOGE-USD"}, {"trade_id": 138828221, "side": "sell", "size": "1541.70000000", "price": "0.19982000", "time": "2025-07-13T15:39:22.339298Z", "fetched_at": "2025-07-13T15:39:37.167679+00:00", "symbol": "DOGE-USD"}, {"trade_id": 138828220, "side": "sell", "size": "1368.20000000", "price": "0.19981000", "time": "2025-07-13T15:39:22.339298Z", "fetched_at": "2025-07-13T15:39:37.167679+00:00", "symbol": "DOGE-USD"}, {"trade_id": 138828219, "side": "sell", "size": "769.50000000", "price": "0.19980000", "time": "2025-07-13T15:39:22.339298Z", "fetched_at": "2025-07-13T15:39:37.167679+00:00", "symbol": "DOGE-USD"}, {"trade_id": 138828218, "side": "sell", "size": "183.00000000", "price": "0.19979000", "time": "2025-07-13T15:39:22.339298Z", "fetched_at": "2025-07-13T15:39:37.167679+00:00", "symbol": "DOGE-USD"}, {"trade_id": 138828217, "side": "sell", "size": "12.30000000", "price": "0.19979000", "time": "2025-07-13T15:39:22.339298Z", "fetched_at": "2025-07-13T15:39:37.167679+00:00", "symbol": "DOGE-USD"}, {"trade_id": 138828216, "side": "sell", "size": "694.40000000", "price": "0.19979000", "time": "2025-07-13T15:39:22.339298Z", "fetched_at": "2025-07-13T15:39:37.167679+00:00", "symbol": "DOGE-USD"}, {"trade_id": 138828215, "side": "sell", "size": "257.40000000", "price": "0.19979000", "time": "2025-07-13T15:39:22.339298Z", "fetched_at": "2025-07-13T15:39:37.167679+00:00", "symbol": "DOGE-USD"}, {"trade_id": 138828214, "side": "sell", "size": "265.20000000", "price": "0.19979000", "time": "2025-07-13T15:39:22.339298Z", "fetched_at": "2025-07-13T15:39:37.167679+00:00", "symbol": "DOGE-USD"}, {"trade_id": 138828213, "side": "buy", "size": "5.60000000", "price": "0.19980000", "time": "2025-07-13T15:39:22.238434Z", "fetched_at": "2025-07-13T15:39:37.167679+00:00", "symbol": "DOGE-USD"}, {"trade_id": 138828212, "side": "buy", "size": "10.00000000", "price": "0.19982000", "time": "2025-07-13T15:39:20.657784Z", "fetched_at": "2025-07-13T15:39:37.167679+00:00", "symbol": "DOGE-USD"}, {"trade_id": 138828211, "side": "buy", "size": "23.80000000", "price": "0.19989000", "time": "2025-07-13T15:39:19.123932Z", "fetched_at": "2025-07-13T15:39:37.167679+00:00", "symbol": "DOGE-USD"}, {"trade_id": 138828210, "side": "sell", "size": "5.60000000", "price": "0.19988000", "time": "2025-07-13T15:39:18.040651Z", "fetched_at": "2025-07-13T15:39:37.167679+00:00", "symbol": "DOGE-USD"}, {"trade_id": 138828209, "side": "sell", "size": "694.40000000", "price": "0.19987000", "time": "2025-07-13T15:39:17.918397Z", "fetched_at": "2025-07-13T15:39:37.167679+00:00", "symbol": "DOGE-USD"}, {"trade_id": 138828208, "side": "sell", "size": "10.70000000", "price": "0.19987000", "time": "2025-07-13T15:39:17.220846Z", "fetched_at": "2025-07-13T15:39:37.167679+00:00", "symbol": "DOGE-USD"}, {"trade_id": 138828207, "side": "sell", "size": "16156.10000000", "price": "0.19987000", "time": "2025-07-13T15:39:17.220846Z", "fetched_at": "2025-07-13T15:39:37.167679+00:00", "symbol": "DOGE-USD"}, {"trade_id": 138828206, "side": "sell", "size": "17121.60000000", "price": "0.19987000", "time": "2025-07-13T15:39:17.220846Z", "fetched_at": "2025-07-13T15:39:37.167679+00:00", "symbol": "DOGE-USD"}, {"trade_id": 138828205, "side": "sell", "size": "1717.40000000", "price": "0.19987000", "time": "2025-07-13T15:39:17.220846Z", "fetched_at": "2025-07-13T15:39:37.167679+00:00", "symbol": "DOGE-USD"}, {"trade_id": 138828204, "side": "sell", "size": "5.60000000", "price": "0.19986000", "time": "2025-07-13T15:39:17.220846Z", "fetched_at": "2025-07-13T15:39:37.167679+00:00", "symbol": "DOGE-USD"}, {"trade_id": 138828203, "side": "sell", "size": "6302.80000000", "price": "0.19985000", "time": "2025-07-13T15:39:17.217514Z", "fetched_at": "2025-07-13T15:39:37.167679+00:00", "symbol": "DOGE-USD"}, {"trade_id": 138828202, "side": "sell", "size": "694.40000000", "price": "0.19984000", "time": "2025-07-13T15:39:17.217514Z", "fetched_at": "2025-07-13T15:39:37.167679+00:00", "symbol": "DOGE-USD"}, {"trade_id": 138828201, "side": "sell", "size": "5.60000000", "price": "0.19984000", "time": "2025-07-13T15:39:17.217514Z", "fetched_at": "2025-07-13T15:39:37.167679+00:00", "symbol": "DOGE-USD"}, {"trade_id": 138828200, "side": "buy", "size": "146.80000000", "price": "0.19981000", "time": "2025-07-13T15:39:14.401723Z", "fetched_at": "2025-07-13T15:39:37.167679+00:00", "symbol": "DOGE-USD"}, {"trade_id": 138828199, "side": "buy", "size": "183.00000000", "price": "0.19981000", "time": "2025-07-13T15:39:14.401723Z", "fetched_at": "2025-07-13T15:39:37.167679+00:00", "symbol": "DOGE-USD"}, {"trade_id": 138828198, "side": "buy", "size": "262.00000000", "price": "0.19981000", "time": "2025-07-13T15:39:14.401723Z", "fetched_at": "2025-07-13T15:39:37.167679+00:00", "symbol": "DOGE-USD"}, {"trade_id": 138828197, "side": "sell", "size": "694.40000000", "price": "0.19983000", "time": "2025-07-13T15:39:13.545650Z", "fetched_at": "2025-07-13T15:39:37.167679+00:00", "symbol": "DOGE-USD"}, {"trade_id": 138828196, "side": "sell", "size": "19415.20000000", "price": "0.19983000", "time": "2025-07-13T15:39:13.544238Z", "fetched_at": "2025-07-13T15:39:37.167679+00:00", "symbol": "DOGE-USD"}, {"trade_id": 138828195, "side": "sell", "size": "10.70000000", "price": "0.19982000", "time": "2025-07-13T15:39:13.544238Z", "fetched_at": "2025-07-13T15:39:37.167679+00:00", "symbol": "DOGE-USD"}, {"trade_id": 138828194, "side": "sell", "size": "17931.10000000", "price": "0.19981000", "time": "2025-07-13T15:39:13.064108Z", "fetched_at": "2025-07-13T15:39:37.167679+00:00", "symbol": "DOGE-USD"}, {"trade_id": 138828193, "side": "sell", "size": "1717.40000000", "price": "0.19981000", "time": "2025-07-13T15:39:13.064108Z", "fetched_at": "2025-07-13T15:39:37.167679+00:00", "symbol": "DOGE-USD"}, {"trade_id": 138828192, "side": "sell", "size": "12.20000000", "price": "0.19978000", "time": "2025-07-13T15:39:13.064108Z", "fetched_at": "2025-07-13T15:39:37.167679+00:00", "symbol": "DOGE-USD"}, {"trade_id": 138828191, "side": "sell", "size": "1717.40000000", "price": "0.19980000", "time": "2025-07-13T15:39:13.048413Z", "fetched_at": "2025-07-13T15:39:37.167679+00:00", "symbol": "DOGE-USD"}, {"trade_id": 138828190, "side": "sell", "size": "1717.40000000", "price": "0.19979000", "time": "2025-07-13T15:39:13.046386Z", "fetched_at": "2025-07-13T15:39:37.167679+00:00", "symbol": "DOGE-USD"}, {"trade_id": 138828189, "side": "sell", "size": "12.20000000", "price": "0.19978000", "time": "2025-07-13T15:39:13.044722Z", "fetched_at": "2025-07-13T15:39:37.167679+00:00", "symbol": "DOGE-USD"}, {"trade_id": 138828188, "side": "sell", "size": "694.40000000", "price": "0.19977000", "time": "2025-07-13T15:39:13.044722Z", "fetched_at": "2025-07-13T15:39:37.167679+00:00", "symbol": "DOGE-USD"}, {"trade_id": 138828187, "side": "buy", "size": "47.00000000", "price": "0.19977000", "time": "2025-07-13T15:39:11.586255Z", "fetched_at": "2025-07-13T15:39:37.167679+00:00", "symbol": "DOGE-USD"}, {"trade_id": 138828186, "side": "buy", "size": "5.60000000", "price": "0.19978000", "time": "2025-07-13T15:39:11.539403Z", "fetched_at": "2025-07-13T15:39:37.167679+00:00", "symbol": "DOGE-USD"}, {"trade_id": 138828185, "side": "buy", "size": "47.00000000", "price": "0.19980000", "time": "2025-07-13T15:39:11.461068Z", "fetched_at": "2025-07-13T15:39:37.167679+00:00", "symbol": "DOGE-USD"}, {"trade_id": 138828184, "side": "buy", "size": "5.60000000", "price": "0.19980000", "time": "2025-07-13T15:39:11.461068Z", "fetched_at": "2025-07-13T15:39:37.167679+00:00", "symbol": "DOGE-USD"}, {"trade_id": 138828183, "side": "buy", "size": "5.60000000", "price": "0.19982000", "time": "2025-07-13T15:39:11.447486Z", "fetched_at": "2025-07-13T15:39:37.167679+00:00", "symbol": "DOGE-USD"}, {"trade_id": 138828182, "side": "buy", "size": "5.60000000", "price": "0.19984000", "time": "2025-07-13T15:39:11.410788Z", "fetched_at": "2025-07-13T15:39:37.167679+00:00", "symbol": "DOGE-USD"}, {"trade_id": 138828181, "side": "buy", "size": "5.60000000", "price": "0.19986000", "time": "2025-07-13T15:39:11.367151Z", "fetched_at": "2025-07-13T15:39:37.167679+00:00", "symbol": "DOGE-USD"}, {"trade_id": 138828180, "side": "buy", "size": "10.00000000", "price": "0.19988000", "time": "2025-07-13T15:39:11.313338Z", "fetched_at": "2025-07-13T15:39:37.167679+00:00", "symbol": "DOGE-USD"}, {"trade_id": 138828179, "side": "buy", "size": "38781.40000000", "price": "0.19989000", "time": "2025-07-13T15:39:11.217535Z", "fetched_at": "2025-07-13T15:39:37.167679+00:00", "symbol": "DOGE-USD"}, {"trade_id": 138828178, "side": "buy", "size": "46.90000000", "price": "0.19990000", "time": "2025-07-13T15:39:11.217535Z", "fetched_at": "2025-07-13T15:39:37.167679+00:00", "symbol": "DOGE-USD"}, {"trade_id": 138828177, "side": "sell", "size": "694.40000000", "price": "0.19994000", "time": "2025-07-13T15:39:10.693687Z", "fetched_at": "2025-07-13T15:39:37.167679+00:00", "symbol": "DOGE-USD"}, {"trade_id": 138828176, "side": "sell", "size": "5.60000000", "price": "0.19994000", "time": "2025-07-13T15:39:10.693687Z", "fetched_at": "2025-07-13T15:39:37.167679+00:00", "symbol": "DOGE-USD"}, {"trade_id": 138828175, "side": "sell", "size": "5.60000000", "price": "0.19992000", "time": "2025-07-13T15:39:09.900970Z", "fetched_at": "2025-07-13T15:39:37.167679+00:00", "symbol": "DOGE-USD"}, {"trade_id": 138828174, "side": "sell", "size": "694.40000000", "price": "0.19991000", "time": "2025-07-13T15:39:09.900970Z", "fetched_at": "2025-07-13T15:39:37.167679+00:00", "symbol": "DOGE-USD"}, {"trade_id": 138828173, "side": "sell", "size": "694.40000000", "price": "0.19990000", "time": "2025-07-13T15:39:09.900970Z", "fetched_at": "2025-07-13T15:39:37.167679+00:00", "symbol": "DOGE-USD"}, {"trade_id": 138828172, "side": "sell", "size": "5.60000000", "price": "0.19990000", "time": "2025-07-13T15:39:09.900970Z", "fetched_at": "2025-07-13T15:39:37.167679+00:00", "symbol": "DOGE-USD"}, {"trade_id": 138828171, "side": "sell", "size": "694.40000000", "price": "0.19989000", "time": "2025-07-13T15:39:09.387454Z", "fetched_at": "2025-07-13T15:39:37.167679+00:00", "symbol": "DOGE-USD"}, {"trade_id": 138828170, "side": "sell", "size": "694.40000000", "price": "0.19984000", "time": "2025-07-13T15:39:08.926536Z", "fetched_at": "2025-07-13T15:39:37.167679+00:00", "symbol": "DOGE-USD"}, {"trade_id": 138828169, "side": "sell", "size": "694.40000000", "price": "0.19985000", "time": "2025-07-13T15:39:07.896085Z", "fetched_at": "2025-07-13T15:39:37.167679+00:00", "symbol": "DOGE-USD"}, {"trade_id": 138828168, "side": "buy", "size": "5.60000000", "price": "0.19984000", "time": "2025-07-13T15:39:05.983159Z", "fetched_at": "2025-07-13T15:39:37.167679+00:00", "symbol": "DOGE-USD"}, {"trade_id": 138828167, "side": "sell", "size": "3244.30000000", "price": "0.19986000", "time": "2025-07-13T15:39:05.148203Z", "fetched_at": "2025-07-13T15:39:37.167679+00:00", "symbol": "DOGE-USD"}, {"trade_id": 138828166, "side": "sell", "size": "1717.40000000", "price": "0.19986000", "time": "2025-07-13T15:39:05.148203Z", "fetched_at": "2025-07-13T15:39:37.167679+00:00", "symbol": "DOGE-USD"}, {"trade_id": 138828165, "side": "sell", "size": "688.70000000", "price": "0.19986000", "time": "2025-07-13T15:39:05.148203Z", "fetched_at": "2025-07-13T15:39:37.167679+00:00", "symbol": "DOGE-USD"}, {"trade_id": 138828164, "side": "sell", "size": "6.10000000", "price": "0.19985000", "time": "2025-07-13T15:39:05.148203Z", "fetched_at": "2025-07-13T15:39:37.167679+00:00", "symbol": "DOGE-USD"}, {"trade_id": 138828163, "side": "sell", "size": "694.40000000", "price": "0.19985000", "time": "2025-07-13T15:39:05.148203Z", "fetched_at": "2025-07-13T15:39:37.167679+00:00", "symbol": "DOGE-USD"}, {"trade_id": 138828162, "side": "buy", "size": "5.60000000", "price": "0.19986000", "time": "2025-07-13T15:39:04.470235Z", "fetched_at": "2025-07-13T15:39:37.167679+00:00", "symbol": "DOGE-USD"}, {"trade_id": 138828161, "side": "buy", "size": "0.10000000", "price": "0.19987000", "time": "2025-07-13T15:39:04.413719Z", "fetched_at": "2025-07-13T15:39:37.167679+00:00", "symbol": "DOGE-USD"}, {"trade_id": 138828160, "side": "buy", "size": "0.50000000", "price": "0.19987000", "time": "2025-07-13T15:39:04.413719Z", "fetched_at": "2025-07-13T15:39:37.167679+00:00", "symbol": "DOGE-USD"}, {"trade_id": 138828159, "side": "buy", "size": "5.60000000", "price": "0.19988000", "time": "2025-07-13T15:39:04.366929Z", "fetched_at": "2025-07-13T15:39:37.167679+00:00", "symbol": "DOGE-USD"}, {"trade_id": 138828158, "side": "buy", "size": "5234.10000000", "price": "0.19992000", "time": "2025-07-13T15:39:04.105891Z", "fetched_at": "2025-07-13T15:39:37.167679+00:00", "symbol": "DOGE-USD"}, {"trade_id": 138828157, "side": "buy", "size": "6023.60000000", "price": "0.19992000", "time": "2025-07-13T15:39:04.105891Z", "fetched_at": "2025-07-13T15:39:37.167679+00:00", "symbol": "DOGE-USD"}, {"trade_id": 138828156, "side": "buy", "size": "1717.40000000", "price": "0.19992000", "time": "2025-07-13T15:39:04.105891Z", "fetched_at": "2025-07-13T15:39:37.167679+00:00", "symbol": "DOGE-USD"}, {"trade_id": 138828155, "side": "buy", "size": "622.50000000", "price": "0.19992000", "time": "2025-07-13T15:39:04.105891Z", "fetched_at": "2025-07-13T15:39:37.167679+00:00", "symbol": "DOGE-USD"}, {"trade_id": 138828154, "side": "buy", "size": "6573.90000000", "price": "0.19993000", "time": "2025-07-13T15:39:04.105483Z", "fetched_at": "2025-07-13T15:39:37.167679+00:00", "symbol": "DOGE-USD"}, {"trade_id": 138828153, "side": "buy", "size": "1717.40000000", "price": "0.19993000", "time": "2025-07-13T15:39:04.105483Z", "fetched_at": "2025-07-13T15:39:37.167679+00:00", "symbol": "DOGE-USD"}, {"trade_id": 138828152, "side": "buy", "size": "769.50000000", "price": "0.19993000", "time": "2025-07-13T15:39:04.105483Z", "fetched_at": "2025-07-13T15:39:37.167679+00:00", "symbol": "DOGE-USD"}, {"trade_id": 138828151, "side": "buy", "size": "2474.00000000", "price": "0.19994000", "time": "2025-07-13T15:39:04.105483Z", "fetched_at": "2025-07-13T15:39:37.167679+00:00", "symbol": "DOGE-USD"}, {"trade_id": 138828150, "side": "buy", "size": "1717.40000000", "price": "0.19994000", "time": "2025-07-13T15:39:04.105483Z", "fetched_at": "2025-07-13T15:39:37.167679+00:00", "symbol": "DOGE-USD"}, {"trade_id": 138828149, "side": "sell", "size": "257.40000000", "price": "0.19994000", "time": "2025-07-13T15:39:03.848989Z", "fetched_at": "2025-07-13T15:39:37.167679+00:00", "symbol": "DOGE-USD"}, {"trade_id": 138828148, "side": "sell", "size": "5.60000000", "price": "0.19994000", "time": "2025-07-13T15:39:03.804663Z", "fetched_at": "2025-07-13T15:39:37.167679+00:00", "symbol": "DOGE-USD"}, {"trade_id": 138828147, "side": "sell", "size": "19320.80000000", "price": "0.19994000", "time": "2025-07-13T15:39:03.804663Z", "fetched_at": "2025-07-13T15:39:37.167679+00:00", "symbol": "DOGE-USD"}, {"trade_id": 138828146, "side": "sell", "size": "694.40000000", "price": "0.19993000", "time": "2025-07-13T15:39:03.804501Z", "fetched_at": "2025-07-13T15:39:37.167679+00:00", "symbol": "DOGE-USD"}, {"trade_id": 138828145, "side": "sell", "size": "694.40000000", "price": "0.19992000", "time": "2025-07-13T15:39:03.804501Z", "fetched_at": "2025-07-13T15:39:37.167679+00:00", "symbol": "DOGE-USD"}, {"trade_id": 138828144, "side": "sell", "size": "6.20000000", "price": "0.19992000", "time": "2025-07-13T15:39:03.804501Z", "fetched_at": "2025-07-13T15:39:37.167679+00:00", "symbol": "DOGE-USD"}, {"trade_id": 138828143, "side": "buy", "size": "5.60000000", "price": "0.19988000", "time": "2025-07-13T15:39:02.723358Z", "fetched_at": "2025-07-13T15:39:37.167679+00:00", "symbol": "DOGE-USD"}, {"trade_id": 138828142, "side": "sell", "size": "282.00000000", "price": "0.19989000", "time": "2025-07-13T15:39:02.524622Z", "fetched_at": "2025-07-13T15:39:37.167679+00:00", "symbol": "DOGE-USD"}, {"trade_id": 138828141, "side": "buy", "size": "10710.20000000", "price": "0.19998000", "time": "2025-07-13T15:39:02.483883Z", "fetched_at": "2025-07-13T15:39:37.167679+00:00", "symbol": "DOGE-USD"}, {"trade_id": 138828140, "side": "buy", "size": "1622.90000000", "price": "0.19998000", "time": "2025-07-13T15:39:02.483860Z", "fetched_at": "2025-07-13T15:39:37.167679+00:00", "symbol": "DOGE-USD"}, {"trade_id": 138828139, "side": "buy", "size": "133611.50000000", "price": "0.19998000", "time": "2025-07-13T15:39:02.483131Z", "fetched_at": "2025-07-13T15:39:37.167679+00:00", "symbol": "DOGE-USD"}, {"trade_id": 138828138, "side": "buy", "size": "2308.50000000", "price": "0.19998000", "time": "2025-07-13T15:39:02.482753Z", "fetched_at": "2025-07-13T15:39:37.167679+00:00", "symbol": "DOGE-USD"}, {"trade_id": 138828137, "side": "buy", "size": "2369.10000000", "price": "0.19998000", "time": "2025-07-13T15:39:02.482557Z", "fetched_at": "2025-07-13T15:39:37.167679+00:00", "symbol": "DOGE-USD"}, {"trade_id": 138828136, "side": "buy", "size": "2308.50000000", "price": "0.19998000", "time": "2025-07-13T15:39:02.482431Z", "fetched_at": "2025-07-13T15:39:37.167679+00:00", "symbol": "DOGE-USD"}, {"trade_id": 138828135, "side": "buy", "size": "2308.50000000", "price": "0.19998000", "time": "2025-07-13T15:39:02.482285Z", "fetched_at": "2025-07-13T15:39:37.167679+00:00", "symbol": "DOGE-USD"}, {"trade_id": 138828134, "side": "buy", "size": "16857.30000000", "price": "0.19998000", "time": "2025-07-13T15:39:02.482249Z", "fetched_at": "2025-07-13T15:39:37.167679+00:00", "symbol": "DOGE-USD"}, {"trade_id": 138828133, "side": "buy", "size": "18327.00000000", "price": "0.19998000", "time": "2025-07-13T15:39:02.482074Z", "fetched_at": "2025-07-13T15:39:37.167679+00:00", "symbol": "DOGE-USD"}, {"trade_id": 138828132, "side": "sell", "size": "1902.20000000", "price": "0.19998000", "time": "2025-07-13T15:39:02.472363Z", "fetched_at": "2025-07-13T15:39:37.167679+00:00", "symbol": "DOGE-USD"}, {"trade_id": 138828131, "side": "sell", "size": "6574.20000000", "price": "0.19998000", "time": "2025-07-13T15:39:02.472363Z", "fetched_at": "2025-07-13T15:39:37.167679+00:00", "symbol": "DOGE-USD"}, {"trade_id": 138828130, "side": "sell", "size": "3266.40000000", "price": "0.19998000", "time": "2025-07-13T15:39:02.472363Z", "fetched_at": "2025-07-13T15:39:37.167679+00:00", "symbol": "DOGE-USD"}, {"trade_id": 138828129, "side": "sell", "size": "1717.40000000", "price": "0.19998000", "time": "2025-07-13T15:39:02.472363Z", "fetched_at": "2025-07-13T15:39:37.167679+00:00", "symbol": "DOGE-USD"}, {"trade_id": 138828128, "side": "sell", "size": "10000.00000000", "price": "0.19997000", "time": "2025-07-13T15:39:02.472363Z", "fetched_at": "2025-07-13T15:39:37.167679+00:00", "symbol": "DOGE-USD"}, {"trade_id": 138828127, "side": "sell", "size": "2785.00000000", "price": "0.19997000", "time": "2025-07-13T15:39:02.472363Z", "fetched_at": "2025-07-13T15:39:37.167679+00:00", "symbol": "DOGE-USD"}, {"trade_id": 138828126, "side": "sell", "size": "6574.20000000", "price": "0.19997000", "time": "2025-07-13T15:39:02.472363Z", "fetched_at": "2025-07-13T15:39:37.167679+00:00", "symbol": "DOGE-USD"}, {"trade_id": 138828125, "side": "sell", "size": "1717.40000000", "price": "0.19997000", "time": "2025-07-13T15:39:02.472363Z", "fetched_at": "2025-07-13T15:39:37.167679+00:00", "symbol": "DOGE-USD"}, {"trade_id": 138828124, "side": "sell", "size": "4632.80000000", "price": "0.19996000", "time": "2025-07-13T15:39:02.472363Z", "fetched_at": "2025-07-13T15:39:37.167679+00:00", "symbol": "DOGE-USD"}, {"trade_id": 138828123, "side": "sell", "size": "2500.00000000", "price": "0.19996000", "time": "2025-07-13T15:39:02.472363Z", "fetched_at": "2025-07-13T15:39:37.167679+00:00", "symbol": "DOGE-USD"}, {"trade_id": 138828122, "side": "sell", "size": "2500.00000000", "price": "0.19996000", "time": "2025-07-13T15:39:02.472363Z", "fetched_at": "2025-07-13T15:39:37.167679+00:00", "symbol": "DOGE-USD"}, {"trade_id": 138828121, "side": "sell", "size": "6574.20000000", "price": "0.19996000", "time": "2025-07-13T15:39:02.472363Z", "fetched_at": "2025-07-13T15:39:37.167679+00:00", "symbol": "DOGE-USD"}, {"trade_id": 138828120, "side": "sell", "size": "3004.10000000", "price": "0.19996000", "time": "2025-07-13T15:39:02.472363Z", "fetched_at": "2025-07-13T15:39:37.167679+00:00", "symbol": "DOGE-USD"}, {"trade_id": 138828119, "side": "sell", "size": "1717.40000000", "price": "0.19996000", "time": "2025-07-13T15:39:02.472363Z", "fetched_at": "2025-07-13T15:39:37.167679+00:00", "symbol": "DOGE-USD"}, {"trade_id": 138828118, "side": "sell", "size": "769.50000000", "price": "0.19996000", "time": "2025-07-13T15:39:02.472363Z", "fetched_at": "2025-07-13T15:39:37.167679+00:00", "symbol": "DOGE-USD"}, {"trade_id": 138828117, "side": "sell", "size": "15974.10000000", "price": "0.19995000", "time": "2025-07-13T15:39:02.472363Z", "fetched_at": "2025-07-13T15:39:37.167679+00:00", "symbol": "DOGE-USD"}, {"trade_id": 138828116, "side": "sell", "size": "6574.20000000", "price": "0.19995000", "time": "2025-07-13T15:39:02.472363Z", "fetched_at": "2025-07-13T15:39:37.167679+00:00", "symbol": "DOGE-USD"}, {"trade_id": 138828115, "side": "sell", "size": "1717.40000000", "price": "0.19995000", "time": "2025-07-13T15:39:02.472363Z", "fetched_at": "2025-07-13T15:39:37.167679+00:00", "symbol": "DOGE-USD"}, {"trade_id": 138828114, "side": "sell", "size": "2012.40000000", "price": "0.19994000", "time": "2025-07-13T15:39:02.472363Z", "fetched_at": "2025-07-13T15:39:37.167679+00:00", "symbol": "DOGE-USD"}, {"trade_id": 138828113, "side": "sell", "size": "6574.20000000", "price": "0.19994000", "time": "2025-07-13T15:39:02.472363Z", "fetched_at": "2025-07-13T15:39:37.167679+00:00", "symbol": "DOGE-USD"}, {"trade_id": 138828112, "side": "sell", "size": "1717.40000000", "price": "0.19994000", "time": "2025-07-13T15:39:02.472363Z", "fetched_at": "2025-07-13T15:39:37.167679+00:00", "symbol": "DOGE-USD"}, {"trade_id": 138828111, "side": "sell", "size": "769.50000000", "price": "0.19994000", "time": "2025-07-13T15:39:02.472363Z", "fetched_at": "2025-07-13T15:39:37.167679+00:00", "symbol": "DOGE-USD"}, {"trade_id": 138828110, "side": "sell", "size": "2474.10000000", "price": "0.19993000", "time": "2025-07-13T15:39:02.472363Z", "fetched_at": "2025-07-13T15:39:37.167679+00:00", "symbol": "DOGE-USD"}, {"trade_id": 138828109, "side": "sell", "size": "3926.10000000", "price": "0.19993000", "time": "2025-07-13T15:39:02.472363Z", "fetched_at": "2025-07-13T15:39:37.167679+00:00", "symbol": "DOGE-USD"}, {"trade_id": 138828108, "side": "sell", "size": "3943.30000000", "price": "0.19993000", "time": "2025-07-13T15:39:02.472363Z", "fetched_at": "2025-07-13T15:39:37.167679+00:00", "symbol": "DOGE-USD"}, {"trade_id": 138828107, "side": "sell", "size": "6574.20000000", "price": "0.19993000", "time": "2025-07-13T15:39:02.472363Z", "fetched_at": "2025-07-13T15:39:37.167679+00:00", "symbol": "DOGE-USD"}, {"trade_id": 138828106, "side": "sell", "size": "3946.00000000", "price": "0.19993000", "time": "2025-07-13T15:39:02.472363Z", "fetched_at": "2025-07-13T15:39:37.167679+00:00", "symbol": "DOGE-USD"}, {"trade_id": 138828105, "side": "sell", "size": "1717.40000000", "price": "0.19993000", "time": "2025-07-13T15:39:02.472363Z", "fetched_at": "2025-07-13T15:39:37.167679+00:00", "symbol": "DOGE-USD"}, {"trade_id": 138828104, "side": "sell", "size": "9316.40000000", "price": "0.19992000", "time": "2025-07-13T15:39:02.472363Z", "fetched_at": "2025-07-13T15:39:37.167679+00:00", "symbol": "DOGE-USD"}, {"trade_id": 138828103, "side": "sell", "size": "1717.40000000", "price": "0.19992000", "time": "2025-07-13T15:39:02.472363Z", "fetched_at": "2025-07-13T15:39:37.167679+00:00", "symbol": "DOGE-USD"}, {"trade_id": 138828102, "side": "sell", "size": "1355.20000000", "price": "0.19992000", "time": "2025-07-13T15:39:02.472363Z", "fetched_at": "2025-07-13T15:39:37.167679+00:00", "symbol": "DOGE-USD"}, {"trade_id": 138828101, "side": "sell", "size": "769.50000000", "price": "0.19991000", "time": "2025-07-13T15:39:02.472363Z", "fetched_at": "2025-07-13T15:39:37.167679+00:00", "symbol": "DOGE-USD"}, {"trade_id": 138828100, "side": "sell", "size": "694.40000000", "price": "0.19990000", "time": "2025-07-13T15:39:02.472363Z", "fetched_at": "2025-07-13T15:39:37.167679+00:00", "symbol": "DOGE-USD"}, {"trade_id": 138828099, "side": "sell", "size": "183.00000000", "price": "0.19989000", "time": "2025-07-13T15:39:02.472363Z", "fetched_at": "2025-07-13T15:39:37.167679+00:00", "symbol": "DOGE-USD"}, {"trade_id": 138828098, "side": "sell", "size": "1315.90000000", "price": "0.19989000", "time": "2025-07-13T15:39:02.472363Z", "fetched_at": "2025-07-13T15:39:37.167679+00:00", "symbol": "DOGE-USD"}, {"trade_id": 138828097, "side": "sell", "size": "769.50000000", "price": "0.19989000", "time": "2025-07-13T15:39:02.472363Z", "fetched_at": "2025-07-13T15:39:37.167679+00:00", "symbol": "DOGE-USD"}, {"trade_id": 138828096, "side": "sell", "size": "5.80000000", "price": "0.19989000", "time": "2025-07-13T15:39:02.472363Z", "fetched_at": "2025-07-13T15:39:37.167679+00:00", "symbol": "DOGE-USD"}, {"trade_id": 138828095, "side": "sell", "size": "471.10000000", "price": "0.19989000", "time": "2025-07-13T15:39:01.287418Z", "fetched_at": "2025-07-13T15:39:37.167679+00:00", "symbol": "DOGE-USD"}, {"trade_id": 138828094, "side": "sell", "size": "257.40000000", "price": "0.19989000", "time": "2025-07-13T15:39:01.287418Z", "fetched_at": "2025-07-13T15:39:37.167679+00:00", "symbol": "DOGE-USD"}, {"trade_id": 138828093, "side": "buy", "size": "5.60000000", "price": "0.19992000", "time": "2025-07-13T15:39:00.670945Z", "fetched_at": "2025-07-13T15:39:37.167679+00:00", "symbol": "DOGE-USD"}, {"trade_id": 138828092, "side": "buy", "size": "2230.30000000", "price": "0.19995000", "time": "2025-07-13T15:39:00.144644Z", "fetched_at": "2025-07-13T15:39:37.167679+00:00", "symbol": "DOGE-USD"}, {"trade_id": 138828091, "side": "buy", "size": "1717.40000000", "price": "0.19995000", "time": "2025-07-13T15:39:00.144644Z", "fetched_at": "2025-07-13T15:39:37.167679+00:00", "symbol": "DOGE-USD"}, {"trade_id": 138828090, "side": "buy", "size": "694.40000000", "price": "0.19995000", "time": "2025-07-13T15:39:00.144644Z", "fetched_at": "2025-07-13T15:39:37.167679+00:00", "symbol": "DOGE-USD"}, {"trade_id": 138828089, "side": "buy", "size": "769.50000000", "price": "0.19995000", "time": "2025-07-13T15:39:00.144644Z", "fetched_at": "2025-07-13T15:39:37.167679+00:00", "symbol": "DOGE-USD"}, {"trade_id": 138828088, "side": "buy", "size": "694.40000000", "price": "0.19996000", "time": "2025-07-13T15:39:00.144644Z", "fetched_at": "2025-07-13T15:39:37.167679+00:00", "symbol": "DOGE-USD"}, {"trade_id": 138828087, "side": "buy", "size": "769.50000000", "price": "0.19997000", "time": "2025-07-13T15:39:00.144644Z", "fetched_at": "2025-07-13T15:39:37.167679+00:00", "symbol": "DOGE-USD"}, {"trade_id": 138828086, "side": "buy", "size": "1376.20000000", "price": "0.19999000", "time": "2025-07-13T15:39:00.144644Z", "fetched_at": "2025-07-13T15:39:37.167679+00:00", "symbol": "DOGE-USD"}, {"trade_id": 138828085, "side": "sell", "size": "19338.20000000", "price": "0.20000000", "time": "2025-07-13T15:38:59.897061Z", "fetched_at": "2025-07-13T15:39:37.167679+00:00", "symbol": "DOGE-USD"}, {"trade_id": 138828084, "side": "sell", "size": "6.90000000", "price": "0.19999000", "time": "2025-07-13T15:38:59.897061Z", "fetched_at": "2025-07-13T15:39:37.167679+00:00", "symbol": "DOGE-USD"}, {"trade_id": 138828083, "side": "sell", "size": "694.40000000", "price": "0.19994000", "time": "2025-07-13T15:38:58.475816Z", "fetched_at": "2025-07-13T15:39:37.167679+00:00", "symbol": "DOGE-USD"}, {"trade_id": 138828082, "side": "sell", "size": "6.50000000", "price": "0.19992000", "time": "2025-07-13T15:38:58.475816Z", "fetched_at": "2025-07-13T15:39:37.167679+00:00", "symbol": "DOGE-USD"}, {"trade_id": 138828081, "side": "buy", "size": "480.30000000", "price": "0.19991000", "time": "2025-07-13T15:38:58.003715Z", "fetched_at": "2025-07-13T15:39:37.167679+00:00", "symbol": "DOGE-USD"}, {"trade_id": 138828080, "side": "buy", "size": "5.60000000", "price": "0.19992000", "time": "2025-07-13T15:38:58.003715Z", "fetched_at": "2025-07-13T15:39:37.167679+00:00", "symbol": "DOGE-USD"}, {"trade_id": 138828079, "side": "buy", "size": "34623.00000000", "price": "0.19995000", "time": "2025-07-13T15:38:57.842141Z", "fetched_at": "2025-07-13T15:39:37.167679+00:00", "symbol": "DOGE-USD"}, {"trade_id": 138828078, "side": "buy", "size": "2000.00000000", "price": "0.19995000", "time": "2025-07-13T15:38:57.820234Z", "fetched_at": "2025-07-13T15:39:37.167679+00:00", "symbol": "DOGE-USD"}, {"trade_id": 138828077, "side": "buy", "size": "2086.30000000", "price": "0.19995000", "time": "2025-07-13T15:38:57.820033Z", "fetched_at": "2025-07-13T15:39:37.167679+00:00", "symbol": "DOGE-USD"}, {"trade_id": 138828076, "side": "buy", "size": "10.00000000", "price": "0.19997000", "time": "2025-07-13T15:38:57.820033Z", "fetched_at": "2025-07-13T15:39:37.167679+00:00", "symbol": "DOGE-USD"}, {"trade_id": 138828075, "side": "sell", "size": "7.50000000", "price": "0.20000000", "time": "2025-07-13T15:38:55.582570Z", "fetched_at": "2025-07-13T15:39:37.167679+00:00", "symbol": "DOGE-USD"}, {"trade_id": 138828074, "side": "sell", "size": "9998.70000000", "price": "0.20004000", "time": "2025-07-13T15:38:52.964152Z", "fetched_at": "2025-07-13T15:39:37.167679+00:00", "symbol": "DOGE-USD"}, {"trade_id": 138828073, "side": "sell", "size": "5.50000000", "price": "0.20004000", "time": "2025-07-13T15:38:52.964152Z", "fetched_at": "2025-07-13T15:39:37.167679+00:00", "symbol": "DOGE-USD"}, {"trade_id": 138828072, "side": "sell", "size": "694.40000000", "price": "0.20001000", "time": "2025-07-13T15:38:52.790706Z", "fetched_at": "2025-07-13T15:39:37.167679+00:00", "symbol": "DOGE-USD"}, {"trade_id": 138828071, "side": "sell", "size": "694.40000000", "price": "0.19997000", "time": "2025-07-13T15:38:52.404591Z", "fetched_at": "2025-07-13T15:39:37.167679+00:00", "symbol": "DOGE-USD"}, {"trade_id": 138828070, "side": "sell", "size": "694.30000000", "price": "0.20002000", "time": "2025-07-13T15:38:50.459619Z", "fetched_at": "2025-07-13T15:39:37.167679+00:00", "symbol": "DOGE-USD"}, {"trade_id": 138828069, "side": "sell", "size": "0.30000000", "price": "0.20003000", "time": "2025-07-13T15:38:50.050850Z", "fetched_at": "2025-07-13T15:39:37.167679+00:00", "symbol": "DOGE-USD"}, {"trade_id": 138828068, "side": "sell", "size": "694.40000000", "price": "0.19998000", "time": "2025-07-13T15:38:49.146073Z", "fetched_at": "2025-07-13T15:39:37.167679+00:00", "symbol": "DOGE-USD"}, {"trade_id": 138828067, "side": "buy", "size": "324.60000000", "price": "0.20003000", "time": "2025-07-13T15:38:48.484143Z", "fetched_at": "2025-07-13T15:39:37.167679+00:00", "symbol": "DOGE-USD"}, {"trade_id": 138828066, "side": "sell", "size": "5.50000000", "price": "0.20000000", "time": "2025-07-13T15:38:47.659331Z", "fetched_at": "2025-07-13T15:39:37.167679+00:00", "symbol": "DOGE-USD"}, {"trade_id": 138828065, "side": "sell", "size": "6.50000000", "price": "0.19999000", "time": "2025-07-13T15:38:47.659331Z", "fetched_at": "2025-07-13T15:39:37.167679+00:00", "symbol": "DOGE-USD"}, {"trade_id": 138828064, "side": "sell", "size": "334.40000000", "price": "0.19997000", "time": "2025-07-13T15:38:47.362233Z", "fetched_at": "2025-07-13T15:39:37.167679+00:00", "symbol": "DOGE-USD"}, {"trade_id": 138828063, "side": "sell", "size": "5.60000000", "price": "0.19996000", "time": "2025-07-13T15:38:47.362233Z", "fetched_at": "2025-07-13T15:39:37.167679+00:00", "symbol": "DOGE-USD"}, {"trade_id": 138828062, "side": "sell", "size": "110.20000000", "price": "0.19993000", "time": "2025-07-13T15:38:46.886895Z", "fetched_at": "2025-07-13T15:39:37.167679+00:00", "symbol": "DOGE-USD"}, {"trade_id": 138828061, "side": "sell", "size": "7500.00000000", "price": "0.19992000", "time": "2025-07-13T15:38:46.607724Z", "fetched_at": "2025-07-13T15:39:37.167679+00:00", "symbol": "DOGE-USD"}, {"trade_id": 138828060, "side": "sell", "size": "5000.00000000", "price": "0.19992000", "time": "2025-07-13T15:38:46.607724Z", "fetched_at": "2025-07-13T15:39:37.167679+00:00", "symbol": "DOGE-USD"}, {"trade_id": 138828059, "side": "sell", "size": "10000.00000000", "price": "0.19992000", "time": "2025-07-13T15:38:46.607724Z", "fetched_at": "2025-07-13T15:39:37.167679+00:00", "symbol": "DOGE-USD"}, {"trade_id": 138828058, "side": "sell", "size": "754.90000000", "price": "0.19992000", "time": "2025-07-13T15:38:46.607724Z", "fetched_at": "2025-07-13T15:39:37.167679+00:00", "symbol": "DOGE-USD"}, {"trade_id": 138828057, "side": "buy", "size": "1149.60000000", "price": "0.19991000", "time": "2025-07-13T15:38:46.405129Z", "fetched_at": "2025-07-13T15:39:37.167679+00:00", "symbol": "DOGE-USD"}, {"trade_id": 138828056, "side": "buy", "size": "1441.60000000", "price": "0.19991000", "time": "2025-07-13T15:38:46.401352Z", "fetched_at": "2025-07-13T15:39:37.167679+00:00", "symbol": "DOGE-USD"}, {"trade_id": 138828055, "side": "buy", "size": "265.20000000", "price": "0.19991000", "time": "2025-07-13T15:38:46.401352Z", "fetched_at": "2025-07-13T15:39:37.167679+00:00", "symbol": "DOGE-USD"}, {"trade_id": 138828054, "side": "sell", "size": "1771.90000000", "price": "0.19988000", "time": "2025-07-13T15:38:46.250220Z", "fetched_at": "2025-07-13T15:39:37.167679+00:00", "symbol": "DOGE-USD"}, {"trade_id": 138828053, "side": "sell", "size": "1316.90000000", "price": "0.19988000", "time": "2025-07-13T15:38:46.232761Z", "fetched_at": "2025-07-13T15:39:37.167679+00:00", "symbol": "DOGE-USD"}, {"trade_id": 138828052, "side": "sell", "size": "3963.10000000", "price": "0.19987000", "time": "2025-07-13T15:38:46.225816Z", "fetched_at": "2025-07-13T15:39:37.167679+00:00", "symbol": "DOGE-USD"}, {"trade_id": 138828051, "side": "sell", "size": "1717.40000000", "price": "0.19987000", "time": "2025-07-13T15:38:46.225816Z", "fetched_at": "2025-07-13T15:39:37.167679+00:00", "symbol": "DOGE-USD"}, {"trade_id": 138828050, "side": "sell", "size": "1717.40000000", "price": "0.19986000", "time": "2025-07-13T15:38:46.225816Z", "fetched_at": "2025-07-13T15:39:37.167679+00:00", "symbol": "DOGE-USD"}, {"trade_id": 138828049, "side": "sell", "size": "19379.10000000", "price": "0.19984000", "time": "2025-07-13T15:38:46.220184Z", "fetched_at": "2025-07-13T15:39:37.167679+00:00", "symbol": "DOGE-USD"}, {"trade_id": 138828048, "side": "sell", "size": "1390.80000000", "price": "0.19979000", "time": "2025-07-13T15:38:45.895734Z", "fetched_at": "2025-07-13T15:39:37.167679+00:00", "symbol": "DOGE-USD"}, {"trade_id": 138828047, "side": "sell", "size": "9.20000000", "price": "0.19979000", "time": "2025-07-13T15:38:45.895734Z", "fetched_at": "2025-07-13T15:39:37.167679+00:00", "symbol": "DOGE-USD"}, {"trade_id": 138828046, "side": "sell", "size": "694.40000000", "price": "0.19984000", "time": "2025-07-13T15:38:44.906735Z", "fetched_at": "2025-07-13T15:39:37.167679+00:00", "symbol": "DOGE-USD"}, {"trade_id": 138828045, "side": "sell", "size": "10.50000000", "price": "0.19984000", "time": "2025-07-13T15:38:44.906735Z", "fetched_at": "2025-07-13T15:39:37.167679+00:00", "symbol": "DOGE-USD"}, {"trade_id": 138828044, "side": "sell", "size": "300.00000000", "price": "0.19988000", "time": "2025-07-13T15:38:44.531747Z", "fetched_at": "2025-07-13T15:39:37.167679+00:00", "symbol": "DOGE-USD"}, {"trade_id": 138828043, "side": "sell", "size": "694.40000000", "price": "0.19987000", "time": "2025-07-13T15:38:44.531747Z", "fetched_at": "2025-07-13T15:39:37.167679+00:00", "symbol": "DOGE-USD"}, {"trade_id": 138828042, "side": "sell", "size": "1761.90000000", "price": "0.19985000", "time": "2025-07-13T15:38:44.353242Z", "fetched_at": "2025-07-13T15:39:37.167679+00:00", "symbol": "DOGE-USD"}, {"trade_id": 138828041, "side": "sell", "size": "1902.20000000", "price": "0.19985000", "time": "2025-07-13T15:38:44.353242Z", "fetched_at": "2025-07-13T15:39:37.167679+00:00", "symbol": "DOGE-USD"}, {"trade_id": 138828040, "side": "sell", "size": "10.30000000", "price": "0.19984000", "time": "2025-07-13T15:38:44.353242Z", "fetched_at": "2025-07-13T15:39:37.167679+00:00", "symbol": "DOGE-USD"}, {"trade_id": 138828039, "side": "sell", "size": "2500.00000000", "price": "0.19983000", "time": "2025-07-13T15:38:44.344351Z", "fetched_at": "2025-07-13T15:39:37.167679+00:00", "symbol": "DOGE-USD"}, {"trade_id": 138828038, "side": "sell", "size": "3831.30000000", "price": "0.19982000", "time": "2025-07-13T15:38:44.341771Z", "fetched_at": "2025-07-13T15:39:37.167679+00:00", "symbol": "DOGE-USD"}, {"trade_id": 138828037, "side": "sell", "size": "2298.80000000", "price": "0.19982000", "time": "2025-07-13T15:38:44.335123Z", "fetched_at": "2025-07-13T15:39:37.167679+00:00", "symbol": "DOGE-USD"}, {"trade_id": 138828036, "side": "sell", "size": "19341.60000000", "price": "0.19982000", "time": "2025-07-13T15:38:44.335123Z", "fetched_at": "2025-07-13T15:39:37.167679+00:00", "symbol": "DOGE-USD"}, {"trade_id": 138828035, "side": "sell", "size": "12718.70000000", "price": "0.19982000", "time": "2025-07-13T15:38:44.335123Z", "fetched_at": "2025-07-13T15:39:37.167679+00:00", "symbol": "DOGE-USD"}, {"trade_id": 138828034, "side": "sell", "size": "10.30000000", "price": "0.19981000", "time": "2025-07-13T15:38:44.335123Z", "fetched_at": "2025-07-13T15:39:37.167679+00:00", "symbol": "DOGE-USD"}, {"trade_id": 138828033, "side": "sell", "size": "19330.10000000", "price": "0.19978000", "time": "2025-07-13T15:38:44.026682Z", "fetched_at": "2025-07-13T15:39:37.167679+00:00", "symbol": "DOGE-USD"}, {"trade_id": 138828032, "side": "sell", "size": "1772.30000000", "price": "0.19976000", "time": "2025-07-13T15:38:44.009817Z", "fetched_at": "2025-07-13T15:39:37.167679+00:00", "symbol": "DOGE-USD"}, {"trade_id": 138828031, "side": "sell", "size": "10010.20000000", "price": "0.19979000", "time": "2025-07-13T15:38:43.598738Z", "fetched_at": "2025-07-13T15:39:37.167679+00:00", "symbol": "DOGE-USD"}, {"trade_id": 138828030, "side": "sell", "size": "11.20000000", "price": "0.19979000", "time": "2025-07-13T15:38:43.598738Z", "fetched_at": "2025-07-13T15:39:37.167679+00:00", "symbol": "DOGE-USD"}, {"trade_id": 138828029, "side": "sell", "size": "11.20000000", "price": "0.19979000", "time": "2025-07-13T15:38:43.568643Z", "fetched_at": "2025-07-13T15:39:37.167679+00:00", "symbol": "DOGE-USD"}, {"trade_id": 138828028, "side": "buy", "size": "4068.40000000", "price": "0.19975000", "time": "2025-07-13T15:38:43.421041Z", "fetched_at": "2025-07-13T15:39:37.167679+00:00", "symbol": "DOGE-USD"}, {"trade_id": 138828027, "side": "buy", "size": "5944.10000000", "price": "0.19975000", "time": "2025-07-13T15:38:43.387479Z", "fetched_at": "2025-07-13T15:39:37.167679+00:00", "symbol": "DOGE-USD"}, {"trade_id": 138828026, "side": "buy", "size": "5.60000000", "price": "0.19976000", "time": "2025-07-13T15:38:43.387479Z", "fetched_at": "2025-07-13T15:39:37.167679+00:00", "symbol": "DOGE-USD"}, {"trade_id": 138828025, "side": "buy", "size": "6.20000000", "price": "0.19976000", "time": "2025-07-13T15:38:43.387479Z", "fetched_at": "2025-07-13T15:39:37.167679+00:00", "symbol": "DOGE-USD"}, {"trade_id": 138828024, "side": "buy", "size": "12.10000000", "price": "0.19976000", "time": "2025-07-13T15:38:43.387479Z", "fetched_at": "2025-07-13T15:39:37.167679+00:00", "symbol": "DOGE-USD"}, {"trade_id": 138828023, "side": "buy", "size": "12.00000000", "price": "0.19977000", "time": "2025-07-13T15:38:43.387479Z", "fetched_at": "2025-07-13T15:39:37.167679+00:00", "symbol": "DOGE-USD"}, {"trade_id": 138828022, "side": "buy", "size": "5.60000000", "price": "0.19980000", "time": "2025-07-13T15:38:43.387479Z", "fetched_at": "2025-07-13T15:39:37.167679+00:00", "symbol": "DOGE-USD"}, {"trade_id": 138828021, "side": "buy", "size": "5.60000000", "price": "0.19984000", "time": "2025-07-13T15:38:43.290746Z", "fetched_at": "2025-07-13T15:39:37.167679+00:00", "symbol": "DOGE-USD"}, {"trade_id": 138828020, "side": "buy", "size": "10.10000000", "price": "0.19984000", "time": "2025-07-13T15:38:43.290746Z", "fetched_at": "2025-07-13T15:39:37.167679+00:00", "symbol": "DOGE-USD"}, {"trade_id": 138828019, "side": "buy", "size": "19.30000000", "price": "0.19984000", "time": "2025-07-13T15:38:43.290746Z", "fetched_at": "2025-07-13T15:39:37.167679+00:00", "symbol": "DOGE-USD"}, {"trade_id": 138828018, "side": "buy", "size": "31.10000000", "price": "0.19985000", "time": "2025-07-13T15:38:43.286766Z", "fetched_at": "2025-07-13T15:39:37.167679+00:00", "symbol": "DOGE-USD"}, {"trade_id": 138828017, "side": "buy", "size": "12.60000000", "price": "0.19985000", "time": "2025-07-13T15:38:43.286766Z", "fetched_at": "2025-07-13T15:39:37.167679+00:00", "symbol": "DOGE-USD"}, {"trade_id": 138828016, "side": "buy", "size": "5.60000000", "price": "0.19988000", "time": "2025-07-13T15:38:43.189670Z", "fetched_at": "2025-07-13T15:39:37.167679+00:00", "symbol": "DOGE-USD"}, {"trade_id": 138828015, "side": "buy", "size": "362.80000000", "price": "0.19991000", "time": "2025-07-13T15:38:43.188597Z", "fetched_at": "2025-07-13T15:39:37.167679+00:00", "symbol": "DOGE-USD"}, {"trade_id": 138828014, "side": "buy", "size": "5.60000000", "price": "0.19992000", "time": "2025-07-13T15:38:43.188597Z", "fetched_at": "2025-07-13T15:39:37.167679+00:00", "symbol": "DOGE-USD"}, {"trade_id": 138828013, "side": "buy", "size": "708.10000000", "price": "0.19992000", "time": "2025-07-13T15:38:43.188597Z", "fetched_at": "2025-07-13T15:39:37.167679+00:00", "symbol": "DOGE-USD"}, {"trade_id": 138828012, "side": "buy", "size": "1999.60000000", "price": "0.19994000", "time": "2025-07-13T15:38:42.954797Z", "fetched_at": "2025-07-13T15:39:37.167679+00:00", "symbol": "DOGE-USD"}, {"trade_id": 138828011, "side": "buy", "size": "0.20000000", "price": "0.19994000", "time": "2025-07-13T15:38:42.954797Z", "fetched_at": "2025-07-13T15:39:37.167679+00:00", "symbol": "DOGE-USD"}, {"trade_id": 138828010, "side": "buy", "size": "0.20000000", "price": "0.19995000", "time": "2025-07-13T15:38:42.954797Z", "fetched_at": "2025-07-13T15:39:37.167679+00:00", "symbol": "DOGE-USD"}, {"trade_id": 138828009, "side": "buy", "size": "5.60000000", "price": "0.19996000", "time": "2025-07-13T15:38:42.379974Z", "fetched_at": "2025-07-13T15:39:37.167679+00:00", "symbol": "DOGE-USD"}, {"trade_id": 138828008, "side": "buy", "size": "1259.50000000", "price": "0.19997000", "time": "2025-07-13T15:38:42.093945Z", "fetched_at": "2025-07-13T15:39:37.167679+00:00", "symbol": "DOGE-USD"}, {"trade_id": 138828007, "side": "buy", "size": "710.00000000", "price": "0.19997000", "time": "2025-07-13T15:38:42.093945Z", "fetched_at": "2025-07-13T15:39:37.167679+00:00", "symbol": "DOGE-USD"}, {"trade_id": 138828006, "side": "buy", "size": "211.20000000", "price": "0.19998000", "time": "2025-07-13T15:38:42.093945Z", "fetched_at": "2025-07-13T15:39:37.167679+00:00", "symbol": "DOGE-USD"}, {"trade_id": 138828005, "side": "buy", "size": "0.20000000", "price": "0.19999000", "time": "2025-07-13T15:38:42.093945Z", "fetched_at": "2025-07-13T15:39:37.167679+00:00", "symbol": "DOGE-USD"}, {"trade_id": 138828004, "side": "buy", "size": "5.50000000", "price": "0.20000000", "time": "2025-07-13T15:38:41.431282Z", "fetched_at": "2025-07-13T15:39:37.167679+00:00", "symbol": "DOGE-USD"}, {"trade_id": 138828003, "side": "buy", "size": "649.00000000", "price": "0.20000000", "time": "2025-07-13T15:38:41.431282Z", "fetched_at": "2025-07-13T15:39:37.167679+00:00", "symbol": "DOGE-USD"}, {"trade_id": 138828002, "side": "buy", "size": "100000.00000000", "price": "0.20000000", "time": "2025-07-13T15:38:41.431282Z", "fetched_at": "2025-07-13T15:39:37.167679+00:00", "symbol": "DOGE-USD"}, {"trade_id": 138828001, "side": "buy", "size": "2500.00000000", "price": "0.20000000", "time": "2025-07-13T15:38:41.431282Z", "fetched_at": "2025-07-13T15:39:37.167679+00:00", "symbol": "DOGE-USD"}, {"trade_id": 138828000, "side": "buy", "size": "2493.70000000", "price": "0.20000000", "time": "2025-07-13T15:38:41.431282Z", "fetched_at": "2025-07-13T15:39:37.167679+00:00", "symbol": "DOGE-USD"}, {"trade_id": 138827999, "side": "buy", "size": "812.60000000", "price": "0.20000000", "time": "2025-07-13T15:38:41.431282Z", "fetched_at": "2025-07-13T15:39:37.167679+00:00", "symbol": "DOGE-USD"}, {"trade_id": 138827998, "side": "buy", "size": "496.20000000", "price": "0.20000000", "time": "2025-07-13T15:38:41.431282Z", "fetched_at": "2025-07-13T15:39:37.167679+00:00", "symbol": "DOGE-USD"}, {"trade_id": 138827997, "side": "buy", "size": "8.00000000", "price": "0.20000000", "time": "2025-07-13T15:38:41.431282Z", "fetched_at": "2025-07-13T15:39:37.167679+00:00", "symbol": "DOGE-USD"}, {"trade_id": 138827996, "side": "buy", "size": "0.20000000", "price": "0.20002000", "time": "2025-07-13T15:38:41.431282Z", "fetched_at": "2025-07-13T15:39:37.167679+00:00", "symbol": "DOGE-USD"}, {"trade_id": 138827995, "side": "buy", "size": "0.20000000", "price": "0.20002000", "time": "2025-07-13T15:38:41.431282Z", "fetched_at": "2025-07-13T15:39:37.167679+00:00", "symbol": "DOGE-USD"}, {"trade_id": 138827994, "side": "buy", "size": "26.60000000", "price": "0.20002000", "time": "2025-07-13T15:38:41.431282Z", "fetched_at": "2025-07-13T15:39:37.167679+00:00", "symbol": "DOGE-USD"}, {"trade_id": 138827993, "side": "buy", "size": "5.50000000", "price": "0.20004000", "time": "2025-07-13T15:38:41.431282Z", "fetched_at": "2025-07-13T15:39:37.167679+00:00", "symbol": "DOGE-USD"}, {"trade_id": 138827992, "side": "buy", "size": "0.10000000", "price": "0.20005000", "time": "2025-07-13T15:38:41.431282Z", "fetched_at": "2025-07-13T15:39:37.167679+00:00", "symbol": "DOGE-USD"}, {"trade_id": 138827991, "side": "buy", "size": "0.50000000", "price": "0.20007000", "time": "2025-07-13T15:38:41.181708Z", "fetched_at": "2025-07-13T15:39:37.167679+00:00", "symbol": "DOGE-USD"}, {"trade_id": 138827990, "side": "sell", "size": "13.90000000", "price": "0.20009000", "time": "2025-07-13T15:38:40.558495Z", "fetched_at": "2025-07-13T15:39:37.167679+00:00", "symbol": "DOGE-USD"}, {"trade_id": 138827989, "side": "sell", "size": "694.40000000", "price": "0.20009000", "time": "2025-07-13T15:38:40.558495Z", "fetched_at": "2025-07-13T15:39:37.167679+00:00", "symbol": "DOGE-USD"}, {"trade_id": 138827988, "side": "sell", "size": "532.30000000", "price": "0.20017000", "time": "2025-07-13T15:38:40.106629Z", "fetched_at": "2025-07-13T15:39:37.167679+00:00", "symbol": "DOGE-USD"}, {"trade_id": 138827987, "side": "sell", "size": "257.40000000", "price": "0.20014000", "time": "2025-07-13T15:38:40.106629Z", "fetched_at": "2025-07-13T15:39:37.167679+00:00", "symbol": "DOGE-USD"}, {"trade_id": 138827986, "side": "buy", "size": "1412.50000000", "price": "0.20012000", "time": "2025-07-13T15:38:40.096462Z", "fetched_at": "2025-07-13T15:39:37.167679+00:00", "symbol": "DOGE-USD"}, {"trade_id": 138827985, "side": "buy", "size": "490.00000000", "price": "0.20013000", "time": "2025-07-13T15:38:40.095800Z", "fetched_at": "2025-07-13T15:39:37.167679+00:00", "symbol": "DOGE-USD"}, {"trade_id": 138827984, "side": "sell", "size": "694.40000000", "price": "0.20014000", "time": "2025-07-13T15:38:40.070736Z", "fetched_at": "2025-07-13T15:39:37.167679+00:00", "symbol": "DOGE-USD"}, {"trade_id": 138827983, "side": "sell", "size": "13.10000000", "price": "0.20014000", "time": "2025-07-13T15:38:40.070736Z", "fetched_at": "2025-07-13T15:39:37.167679+00:00", "symbol": "DOGE-USD"}, {"trade_id": 138827982, "side": "sell", "size": "769.50000000", "price": "0.20013000", "time": "2025-07-13T15:38:39.885832Z", "fetched_at": "2025-07-13T15:39:37.167679+00:00", "symbol": "DOGE-USD"}, {"trade_id": 138827981, "side": "buy", "size": "1320.10000000", "price": "0.20013000", "time": "2025-07-13T15:38:39.803554Z", "fetched_at": "2025-07-13T15:39:37.167679+00:00", "symbol": "DOGE-USD"}, {"trade_id": 138827980, "side": "buy", "size": "265.20000000", "price": "0.20013000", "time": "2025-07-13T15:38:39.803554Z", "fetched_at": "2025-07-13T15:39:37.167679+00:00", "symbol": "DOGE-USD"}, {"trade_id": 138827979, "side": "sell", "size": "1075.50000000", "price": "0.20012000", "time": "2025-07-13T15:38:39.769812Z", "fetched_at": "2025-07-13T15:39:37.167679+00:00", "symbol": "DOGE-USD"}, {"trade_id": 138827978, "side": "sell", "size": "694.40000000", "price": "0.20011000", "time": "2025-07-13T15:38:39.769812Z", "fetched_at": "2025-07-13T15:39:37.167679+00:00", "symbol": "DOGE-USD"}, {"trade_id": 138827977, "side": "sell", "size": "14.00000000", "price": "0.20011000", "time": "2025-07-13T15:38:39.769812Z", "fetched_at": "2025-07-13T15:39:37.167679+00:00", "symbol": "DOGE-USD"}, {"trade_id": 138827976, "side": "sell", "size": "16.10000000", "price": "0.20009000", "time": "2025-07-13T15:38:38.966866Z", "fetched_at": "2025-07-13T15:39:37.167679+00:00", "symbol": "DOGE-USD"}, {"trade_id": 138827975, "side": "sell", "size": "694.40000000", "price": "0.20008000", "time": "2025-07-13T15:38:38.966866Z", "fetched_at": "2025-07-13T15:39:37.167679+00:00", "symbol": "DOGE-USD"}, {"trade_id": 138827974, "side": "sell", "size": "769.50000000", "price": "0.20008000", "time": "2025-07-13T15:38:38.962268Z", "fetched_at": "2025-07-13T15:39:37.167679+00:00", "symbol": "DOGE-USD"}, {"trade_id": 138827973, "side": "sell", "size": "257.40000000", "price": "0.20008000", "time": "2025-07-13T15:38:38.962268Z", "fetched_at": "2025-07-13T15:39:37.167679+00:00", "symbol": "DOGE-USD"}, {"trade_id": 138827972, "side": "sell", "size": "769.50000000", "price": "0.20008000", "time": "2025-07-13T15:38:38.907127Z", "fetched_at": "2025-07-13T15:39:37.167679+00:00", "symbol": "DOGE-USD"}, {"trade_id": 138827971, "side": "buy", "size": "1935.50000000", "price": "0.20007000", "time": "2025-07-13T15:38:38.824128Z", "fetched_at": "2025-07-13T15:39:37.167679+00:00", "symbol": "DOGE-USD"}, {"trade_id": 138827970, "side": "buy", "size": "1225.00000000", "price": "0.20007000", "time": "2025-07-13T15:38:38.824128Z", "fetched_at": "2025-07-13T15:39:37.167679+00:00", "symbol": "DOGE-USD"}, {"trade_id": 138827969, "side": "buy", "size": "3964.70000000", "price": "0.20008000", "time": "2025-07-13T15:38:38.824128Z", "fetched_at": "2025-07-13T15:39:37.167679+00:00", "symbol": "DOGE-USD"}, {"trade_id": 138827968, "side": "buy", "size": "1303.10000000", "price": "0.20010000", "time": "2025-07-13T15:38:38.824128Z", "fetched_at": "2025-07-13T15:39:37.167679+00:00", "symbol": "DOGE-USD"}, {"trade_id": 138827967, "side": "buy", "size": "1306.50000000", "price": "0.20011000", "time": "2025-07-13T15:38:38.824128Z", "fetched_at": "2025-07-13T15:39:37.167679+00:00", "symbol": "DOGE-USD"}, {"trade_id": 138827966, "side": "buy", "size": "265.20000000", "price": "0.20012000", "time": "2025-07-13T15:38:38.824128Z", "fetched_at": "2025-07-13T15:39:37.167679+00:00", "symbol": "DOGE-USD"}, {"trade_id": 138827965, "side": "buy", "size": "96.90000000", "price": "0.20010000", "time": "2025-07-13T15:38:38.733523Z", "fetched_at": "2025-07-13T15:39:37.167679+00:00", "symbol": "DOGE-USD"}, {"trade_id": 138827964, "side": "sell", "size": "769.50000000", "price": "0.20011000", "time": "2025-07-13T15:38:38.732654Z", "fetched_at": "2025-07-13T15:39:37.167679+00:00", "symbol": "DOGE-USD"}, {"trade_id": 138827963, "side": "sell", "size": "1321.40000000", "price": "0.20010000", "time": "2025-07-13T15:38:38.688205Z", "fetched_at": "2025-07-13T15:39:37.167679+00:00", "symbol": "DOGE-USD"}, {"trade_id": 138827962, "side": "sell", "size": "18.40000000", "price": "0.20009000", "time": "2025-07-13T15:38:38.688205Z", "fetched_at": "2025-07-13T15:39:37.167679+00:00", "symbol": "DOGE-USD"}, {"trade_id": 138827961, "side": "sell", "size": "769.50000000", "price": "0.20008000", "time": "2025-07-13T15:38:38.688205Z", "fetched_at": "2025-07-13T15:39:37.167679+00:00", "symbol": "DOGE-USD"}, {"trade_id": 138827960, "side": "sell", "size": "769.50000000", "price": "0.20008000", "time": "2025-07-13T15:38:38.599746Z", "fetched_at": "2025-07-13T15:39:37.167679+00:00", "symbol": "DOGE-USD"}, {"trade_id": 138827959, "side": "buy", "size": "265.20000000", "price": "0.20008000", "time": "2025-07-13T15:38:38.547874Z", "fetched_at": "2025-07-13T15:39:37.167679+00:00", "symbol": "DOGE-USD"}, {"trade_id": 138827958, "side": "buy", "size": "1341.80000000", "price": "0.20008000", "time": "2025-07-13T15:38:38.540568Z", "fetched_at": "2025-07-13T15:39:37.167679+00:00", "symbol": "DOGE-USD"}, {"trade_id": 138827957, "side": "buy", "size": "490.00000000", "price": "0.20010000", "time": "2025-07-13T15:38:38.536829Z", "fetched_at": "2025-07-13T15:39:37.167679+00:00", "symbol": "DOGE-USD"}, {"trade_id": 138827956, "side": "buy", "size": "490.00000000", "price": "0.20010000", "time": "2025-07-13T15:38:38.536829Z", "fetched_at": "2025-07-13T15:39:37.167679+00:00", "symbol": "DOGE-USD"}, {"trade_id": 138827955, "side": "sell", "size": "1316.90000000", "price": "0.20011000", "time": "2025-07-13T15:38:38.497388Z", "fetched_at": "2025-07-13T15:39:37.167679+00:00", "symbol": "DOGE-USD"}, {"trade_id": 138827954, "side": "sell", "size": "1902.20000000", "price": "0.20011000", "time": "2025-07-13T15:38:38.497388Z", "fetched_at": "2025-07-13T15:39:37.167679+00:00", "symbol": "DOGE-USD"}, {"trade_id": 138827953, "side": "sell", "size": "19127.10000000", "price": "0.20010000", "time": "2025-07-13T15:38:38.488088Z", "fetched_at": "2025-07-13T15:39:37.167679+00:00", "symbol": "DOGE-USD"}, {"trade_id": 138827952, "side": "sell", "size": "1931.50000000", "price": "0.20010000", "time": "2025-07-13T15:38:38.488088Z", "fetched_at": "2025-07-13T15:39:37.167679+00:00", "symbol": "DOGE-USD"}, {"trade_id": 138827951, "side": "sell", "size": "9998.20000000", "price": "0.20009000", "time": "2025-07-13T15:38:38.484247Z", "fetched_at": "2025-07-13T15:39:37.167679+00:00", "symbol": "DOGE-USD"}, {"trade_id": 138827950, "side": "sell", "size": "18.40000000", "price": "0.20009000", "time": "2025-07-13T15:38:38.484080Z", "fetched_at": "2025-07-13T15:39:37.167679+00:00", "symbol": "DOGE-USD"}, {"trade_id": 138827949, "side": "sell", "size": "1770.30000000", "price": "0.20009000", "time": "2025-07-13T15:38:38.484080Z", "fetched_at": "2025-07-13T15:39:37.167679+00:00", "symbol": "DOGE-USD"}, {"trade_id": 138827948, "side": "sell", "size": "19081.40000000", "price": "0.20007000", "time": "2025-07-13T15:38:38.383120Z", "fetched_at": "2025-07-13T15:39:37.167679+00:00", "symbol": "DOGE-USD"}, {"trade_id": 138827947, "side": "sell", "size": "18.40000000", "price": "0.20006000", "time": "2025-07-13T15:38:38.375520Z", "fetched_at": "2025-07-13T15:39:37.167679+00:00", "symbol": "DOGE-USD"}, {"trade_id": 138827946, "side": "sell", "size": "694.40000000", "price": "0.20006000", "time": "2025-07-13T15:38:38.375520Z", "fetched_at": "2025-07-13T15:39:37.167679+00:00", "symbol": "DOGE-USD"}, {"trade_id": 138827945, "side": "sell", "size": "18.40000000", "price": "0.20006000", "time": "2025-07-13T15:38:38.306201Z", "fetched_at": "2025-07-13T15:39:37.167679+00:00", "symbol": "DOGE-USD"}, {"trade_id": 138827944, "side": "sell", "size": "15.40000000", "price": "0.20005000", "time": "2025-07-13T15:38:38.184133Z", "fetched_at": "2025-07-13T15:39:37.167679+00:00", "symbol": "DOGE-USD"}, {"trade_id": 138827943, "side": "sell", "size": "20.00000000", "price": "0.20005000", "time": "2025-07-13T15:38:38.184133Z", "fetched_at": "2025-07-13T15:39:37.167679+00:00", "symbol": "DOGE-USD"}, {"trade_id": 138827942, "side": "sell", "size": "19.90000000", "price": "0.20005000", "time": "2025-07-13T15:38:38.184133Z", "fetched_at": "2025-07-13T15:39:37.167679+00:00", "symbol": "DOGE-USD"}, {"trade_id": 138827941, "side": "buy", "size": "5.50000000", "price": "0.20004000", "time": "2025-07-13T15:38:38.120470Z", "fetched_at": "2025-07-13T15:39:37.167679+00:00", "symbol": "DOGE-USD"}, {"trade_id": 138827940, "side": "buy", "size": "598.10000000", "price": "0.20006000", "time": "2025-07-13T15:38:38.090564Z", "fetched_at": "2025-07-13T15:39:37.167679+00:00", "symbol": "DOGE-USD"}, {"trade_id": 138827939, "side": "buy", "size": "748.60000000", "price": "0.20006000", "time": "2025-07-13T15:38:38.088550Z", "fetched_at": "2025-07-13T15:39:37.167679+00:00", "symbol": "DOGE-USD"}, {"trade_id": 138827938, "side": "buy", "size": "769.50000000", "price": "0.20006000", "time": "2025-07-13T15:38:37.935650Z", "fetched_at": "2025-07-13T15:39:37.167679+00:00", "symbol": "DOGE-USD"}, {"trade_id": 138827937, "side": "buy", "size": "0.20000000", "price": "0.20006000", "time": "2025-07-13T15:38:37.935650Z", "fetched_at": "2025-07-13T15:39:37.167679+00:00", "symbol": "DOGE-USD"}, {"trade_id": 138827936, "side": "buy", "size": "102.20000000", "price": "0.20007000", "time": "2025-07-13T15:38:37.935650Z", "fetched_at": "2025-07-13T15:39:37.167679+00:00", "symbol": "DOGE-USD"}, {"trade_id": 138827935, "side": "buy", "size": "5.50000000", "price": "0.20008000", "time": "2025-07-13T15:38:37.935650Z", "fetched_at": "2025-07-13T15:39:37.167679+00:00", "symbol": "DOGE-USD"}, {"trade_id": 138827934, "side": "buy", "size": "0.20000000", "price": "0.20008000", "time": "2025-07-13T15:38:37.935650Z", "fetched_at": "2025-07-13T15:39:37.167679+00:00", "symbol": "DOGE-USD"}, {"trade_id": 138827933, "side": "buy", "size": "1247.50000000", "price": "0.20008000", "time": "2025-07-13T15:38:37.935650Z", "fetched_at": "2025-07-13T15:39:37.167679+00:00", "symbol": "DOGE-USD"}, {"trade_id": 138827932, "side": "buy", "size": "106.90000000", "price": "0.20009000", "time": "2025-07-13T15:38:37.935515Z", "fetched_at": "2025-07-13T15:39:37.167679+00:00", "symbol": "DOGE-USD"}, {"trade_id": 138827931, "side": "buy", "size": "1430.60000000", "price": "0.20011000", "time": "2025-07-13T15:38:37.934727Z", "fetched_at": "2025-07-13T15:39:37.167679+00:00", "symbol": "DOGE-USD"}, {"trade_id": 138827930, "side": "buy", "size": "5.50000000", "price": "0.20012000", "time": "2025-07-13T15:38:37.934727Z", "fetched_at": "2025-07-13T15:39:37.167679+00:00", "symbol": "DOGE-USD"}, {"trade_id": 138827929, "side": "buy", "size": "1281.80000000", "price": "0.20014000", "time": "2025-07-13T15:38:37.934199Z", "fetched_at": "2025-07-13T15:39:37.167679+00:00", "symbol": "DOGE-USD"}, {"trade_id": 138827928, "side": "buy", "size": "2963.50000000", "price": "0.20015000", "time": "2025-07-13T15:38:37.925714Z", "fetched_at": "2025-07-13T15:39:37.167679+00:00", "symbol": "DOGE-USD"}, {"trade_id": 138827927, "side": "buy", "size": "1958.30000000", "price": "0.20015000", "time": "2025-07-13T15:38:37.925714Z", "fetched_at": "2025-07-13T15:39:37.167679+00:00", "symbol": "DOGE-USD"}, {"trade_id": 138827926, "side": "buy", "size": "14916.10000000", "price": "0.20015000", "time": "2025-07-13T15:38:37.925714Z", "fetched_at": "2025-07-13T15:39:37.167679+00:00", "symbol": "DOGE-USD"}, {"trade_id": 138827925, "side": "buy", "size": "6615.20000000", "price": "0.20015000", "time": "2025-07-13T15:38:37.925714Z", "fetched_at": "2025-07-13T15:39:37.167679+00:00", "symbol": "DOGE-USD"}, {"trade_id": 138827924, "side": "buy", "size": "769.50000000", "price": "0.20015000", "time": "2025-07-13T15:38:37.925714Z", "fetched_at": "2025-07-13T15:39:37.167679+00:00", "symbol": "DOGE-USD"}, {"trade_id": 138827923, "side": "buy", "size": "2399.30000000", "price": "0.20016000", "time": "2025-07-13T15:38:37.925714Z", "fetched_at": "2025-07-13T15:39:37.167679+00:00", "symbol": "DOGE-USD"}, {"trade_id": 138827922, "side": "buy", "size": "4430.80000000", "price": "0.20016000", "time": "2025-07-13T15:38:37.925714Z", "fetched_at": "2025-07-13T15:39:37.167679+00:00", "symbol": "DOGE-USD"}, {"trade_id": 138827921, "side": "buy", "size": "1154.30000000", "price": "0.20016000", "time": "2025-07-13T15:38:37.925714Z", "fetched_at": "2025-07-13T15:39:37.167679+00:00", "symbol": "DOGE-USD"}, {"trade_id": 138827920, "side": "buy", "size": "12718.70000000", "price": "0.20016000", "time": "2025-07-13T15:38:37.925714Z", "fetched_at": "2025-07-13T15:39:37.167679+00:00", "symbol": "DOGE-USD"}, {"trade_id": 138827919, "side": "buy", "size": "5.50000000", "price": "0.20016000", "time": "2025-07-13T15:38:37.925714Z", "fetched_at": "2025-07-13T15:39:37.167679+00:00", "symbol": "DOGE-USD"}, {"trade_id": 138827918, "side": "buy", "size": "227.10000000", "price": "0.20017000", "time": "2025-07-13T15:38:37.925714Z", "fetched_at": "2025-07-13T15:39:37.167679+00:00", "symbol": "DOGE-USD"}, {"trade_id": 138827917, "side": "buy", "size": "199.90000000", "price": "0.20017000", "time": "2025-07-13T15:38:37.925714Z", "fetched_at": "2025-07-13T15:39:37.167679+00:00", "symbol": "DOGE-USD"}, {"trade_id": 138827916, "side": "buy", "size": "46.90000000", "price": "0.20018000", "time": "2025-07-13T15:38:37.925714Z", "fetched_at": "2025-07-13T15:39:37.167679+00:00", "symbol": "DOGE-USD"}, {"trade_id": 138827915, "side": "buy", "size": "694.40000000", "price": "0.20019000", "time": "2025-07-13T15:38:37.925714Z", "fetched_at": "2025-07-13T15:39:37.167679+00:00", "symbol": "DOGE-USD"}, {"trade_id": 138827914, "side": "buy", "size": "23620.70000000", "price": "0.20021000", "time": "2025-07-13T15:38:37.924632Z", "fetched_at": "2025-07-13T15:39:37.167679+00:00", "symbol": "DOGE-USD"}, {"trade_id": 138827913, "side": "buy", "size": "24860.20000000", "price": "0.20022000", "time": "2025-07-13T15:38:37.924632Z", "fetched_at": "2025-07-13T15:39:37.167679+00:00", "symbol": "DOGE-USD"}, {"trade_id": 138827912, "side": "sell", "size": "444.70000000", "price": "0.20027000", "time": "2025-07-13T15:38:35.829804Z", "fetched_at": "2025-07-13T15:39:37.167679+00:00", "symbol": "DOGE-USD"}, {"trade_id": 138827911, "side": "sell", "size": "769.50000000", "price": "0.20032000", "time": "2025-07-13T15:38:35.212944Z", "fetched_at": "2025-07-13T15:39:37.167679+00:00", "symbol": "DOGE-USD"}, {"trade_id": 138827910, "side": "sell", "size": "16.00000000", "price": "0.20031000", "time": "2025-07-13T15:38:35.200113Z", "fetched_at": "2025-07-13T15:39:37.167679+00:00", "symbol": "DOGE-USD"}, {"trade_id": 138827909, "side": "sell", "size": "1353.10000000", "price": "0.20031000", "time": "2025-07-13T15:38:35.200113Z", "fetched_at": "2025-07-13T15:39:37.167679+00:00", "symbol": "DOGE-USD"}, {"trade_id": 138827908, "side": "sell", "size": "694.40000000", "price": "0.20030000", "time": "2025-07-13T15:38:35.158895Z", "fetched_at": "2025-07-13T15:39:37.167679+00:00", "symbol": "DOGE-USD"}, {"trade_id": 138827907, "side": "sell", "size": "1769.60000000", "price": "0.20029000", "time": "2025-07-13T15:38:35.155749Z", "fetched_at": "2025-07-13T15:39:37.167679+00:00", "symbol": "DOGE-USD"}, {"trade_id": 138827906, "side": "sell", "size": "1148.20000000", "price": "0.20029000", "time": "2025-07-13T15:38:35.155749Z", "fetched_at": "2025-07-13T15:39:37.167679+00:00", "symbol": "DOGE-USD"}, {"trade_id": 138827905, "side": "sell", "size": "16.00000000", "price": "0.20028000", "time": "2025-07-13T15:38:35.154767Z", "fetched_at": "2025-07-13T15:39:37.167679+00:00", "symbol": "DOGE-USD"}, {"trade_id": 138827904, "side": "sell", "size": "79.70000000", "price": "0.20028000", "time": "2025-07-13T15:38:35.154767Z", "fetched_at": "2025-07-13T15:39:37.167679+00:00", "symbol": "DOGE-USD"}, {"trade_id": 138827903, "side": "buy", "size": "1155.80000000", "price": "0.20027000", "time": "2025-07-13T15:38:35.107063Z", "fetched_at": "2025-07-13T15:39:37.167679+00:00", "symbol": "DOGE-USD"}, {"trade_id": 138827902, "side": "buy", "size": "1247.20000000", "price": "0.20028000", "time": "2025-07-13T15:38:35.107063Z", "fetched_at": "2025-07-13T15:39:37.167679+00:00", "symbol": "DOGE-USD"}, {"trade_id": 138827901, "side": "buy", "size": "2850.00000000", "price": "0.20018000", "time": "2025-07-13T15:38:34.580922Z", "fetched_at": "2025-07-13T15:39:37.167679+00:00", "symbol": "DOGE-USD"}, {"trade_id": 138827900, "side": "buy", "size": "5.50000000", "price": "0.20020000", "time": "2025-07-13T15:38:34.579355Z", "fetched_at": "2025-07-13T15:39:37.167679+00:00", "symbol": "DOGE-USD"}, {"trade_id": 138827899, "side": "buy", "size": "0.50000000", "price": "0.20022000", "time": "2025-07-13T15:38:34.579091Z", "fetched_at": "2025-07-13T15:39:37.167679+00:00", "symbol": "DOGE-USD"}, {"trade_id": 138827898, "side": "buy", "size": "0.10000000", "price": "0.20022000", "time": "2025-07-13T15:38:34.579091Z", "fetched_at": "2025-07-13T15:39:37.167679+00:00", "symbol": "DOGE-USD"}, {"trade_id": 138827897, "side": "buy", "size": "5.50000000", "price": "0.20024000", "time": "2025-07-13T15:38:34.578465Z", "fetched_at": "2025-07-13T15:39:37.167679+00:00", "symbol": "DOGE-USD"}, {"trade_id": 138827896, "side": "buy", "size": "1190.40000000", "price": "0.20026000", "time": "2025-07-13T15:38:34.578465Z", "fetched_at": "2025-07-13T15:39:37.167679+00:00", "symbol": "DOGE-USD"}, {"trade_id": 138827895, "side": "buy", "size": "1809.60000000", "price": "0.20026000", "time": "2025-07-13T15:38:34.577617Z", "fetched_at": "2025-07-13T15:39:37.167679+00:00", "symbol": "DOGE-USD"}, {"trade_id": 138827894, "side": "buy", "size": "5322.90000000", "price": "0.20025000", "time": "2025-07-13T15:38:34.568427Z", "fetched_at": "2025-07-13T15:39:37.167679+00:00", "symbol": "DOGE-USD"}, {"trade_id": 138827893, "side": "buy", "size": "3965.10000000", "price": "0.20025000", "time": "2025-07-13T15:38:34.568427Z", "fetched_at": "2025-07-13T15:39:37.167679+00:00", "symbol": "DOGE-USD"}, {"trade_id": 138827892, "side": "buy", "size": "1332.70000000", "price": "0.20026000", "time": "2025-07-13T15:38:34.568427Z", "fetched_at": "2025-07-13T15:39:37.167679+00:00", "symbol": "DOGE-USD"}, {"trade_id": 138827891, "side": "buy", "size": "3193.70000000", "price": "0.20026000", "time": "2025-07-13T15:38:34.568427Z", "fetched_at": "2025-07-13T15:39:37.167679+00:00", "symbol": "DOGE-USD"}, {"trade_id": 138827890, "side": "buy", "size": "5000.00000000", "price": "0.20026000", "time": "2025-07-13T15:38:34.568427Z", "fetched_at": "2025-07-13T15:39:37.167679+00:00", "symbol": "DOGE-USD"}, {"trade_id": 138827889, "side": "buy", "size": "769.50000000", "price": "0.20026000", "time": "2025-07-13T15:38:34.568427Z", "fetched_at": "2025-07-13T15:39:37.167679+00:00", "symbol": "DOGE-USD"}, {"trade_id": 138827888, "side": "buy", "size": "2629.10000000", "price": "0.20027000", "time": "2025-07-13T15:38:34.568427Z", "fetched_at": "2025-07-13T15:39:37.167679+00:00", "symbol": "DOGE-USD"}, {"trade_id": 138827887, "side": "buy", "size": "2966.60000000", "price": "0.20027000", "time": "2025-07-13T15:38:34.568427Z", "fetched_at": "2025-07-13T15:39:37.167679+00:00", "symbol": "DOGE-USD"}, {"trade_id": 138827886, "side": "buy", "size": "3961.40000000", "price": "0.20027000", "time": "2025-07-13T15:38:34.568427Z", "fetched_at": "2025-07-13T15:39:37.167679+00:00", "symbol": "DOGE-USD"}, {"trade_id": 138827885, "side": "buy", "size": "24860.20000000", "price": "0.20027000", "time": "2025-07-13T15:38:34.568427Z", "fetched_at": "2025-07-13T15:39:37.167679+00:00", "symbol": "DOGE-USD"}, {"trade_id": 138827884, "side": "buy", "size": "10000.00000000", "price": "0.20028000", "time": "2025-07-13T15:38:34.567881Z", "fetched_at": "2025-07-13T15:39:37.167679+00:00", "symbol": "DOGE-USD"}, {"trade_id": 138827883, "side": "buy", "size": "5.50000000", "price": "0.20028000", "time": "2025-07-13T15:38:34.567881Z", "fetched_at": "2025-07-13T15:39:37.167679+00:00", "symbol": "DOGE-USD"}, {"trade_id": 138827882, "side": "buy", "size": "14916.10000000", "price": "0.20028000", "time": "2025-07-13T15:38:34.567881Z", "fetched_at": "2025-07-13T15:39:37.167679+00:00", "symbol": "DOGE-USD"}, {"trade_id": 138827881, "side": "buy", "size": "5508.20000000", "price": "0.20029000", "time": "2025-07-13T15:38:34.567306Z", "fetched_at": "2025-07-13T15:39:37.167679+00:00", "symbol": "DOGE-USD"}, {"trade_id": 138827880, "side": "buy", "size": "2000.00000000", "price": "0.20029000", "time": "2025-07-13T15:38:34.567306Z", "fetched_at": "2025-07-13T15:39:37.167679+00:00", "symbol": "DOGE-USD"}, {"trade_id": 138827879, "side": "buy", "size": "3961.40000000", "price": "0.20029000", "time": "2025-07-13T15:38:34.567306Z", "fetched_at": "2025-07-13T15:39:37.167679+00:00", "symbol": "DOGE-USD"}, {"trade_id": 138827878, "side": "buy", "size": "769.50000000", "price": "0.20029000", "time": "2025-07-13T15:38:34.567306Z", "fetched_at": "2025-07-13T15:39:37.167679+00:00", "symbol": "DOGE-USD"}, {"trade_id": 138827877, "side": "buy", "size": "9292.90000000", "price": "0.20030000", "time": "2025-07-13T15:38:34.567306Z", "fetched_at": "2025-07-13T15:39:37.167679+00:00", "symbol": "DOGE-USD"}, {"trade_id": 138827876, "side": "buy", "size": "1958.30000000", "price": "0.20031000", "time": "2025-07-13T15:38:34.567306Z", "fetched_at": "2025-07-13T15:39:37.167679+00:00", "symbol": "DOGE-USD"}, {"trade_id": 138827875, "side": "buy", "size": "5.50000000", "price": "0.20032000", "time": "2025-07-13T15:38:34.566928Z", "fetched_at": "2025-07-13T15:39:37.167679+00:00", "symbol": "DOGE-USD"}, {"trade_id": 138827874, "side": "buy", "size": "24860.20000000", "price": "0.20032000", "time": "2025-07-13T15:38:34.566928Z", "fetched_at": "2025-07-13T15:39:37.167679+00:00", "symbol": "DOGE-USD"}, {"trade_id": 138827873, "side": "buy", "size": "46.60000000", "price": "0.20033000", "time": "2025-07-13T15:38:34.566928Z", "fetched_at": "2025-07-13T15:39:37.167679+00:00", "symbol": "DOGE-USD"}, {"trade_id": 138827872, "side": "buy", "size": "694.40000000", "price": "0.20033000", "time": "2025-07-13T15:38:34.566928Z", "fetched_at": "2025-07-13T15:39:37.167679+00:00", "symbol": "DOGE-USD"}, {"trade_id": 138827871, "side": "buy", "size": "7495.90000000", "price": "0.20034000", "time": "2025-07-13T15:38:34.566928Z", "fetched_at": "2025-07-13T15:39:37.167679+00:00", "symbol": "DOGE-USD"}, {"trade_id": 138827870, "side": "buy", "size": "10.00000000", "price": "0.20037000", "time": "2025-07-13T15:38:34.566368Z", "fetched_at": "2025-07-13T15:39:37.167679+00:00", "symbol": "DOGE-USD"}, {"trade_id": 138827869, "side": "buy", "size": "20872.60000000", "price": "0.20037000", "time": "2025-07-13T15:38:34.566368Z", "fetched_at": "2025-07-13T15:39:37.167679+00:00", "symbol": "DOGE-USD"}, {"trade_id": 138827868, "side": "buy", "size": "16647.00000000", "price": "0.20037000", "time": "2025-07-13T15:38:34.566163Z", "fetched_at": "2025-07-13T15:39:37.167679+00:00", "symbol": "DOGE-USD"}, {"trade_id": 138827867, "side": "buy", "size": "5.50000000", "price": "0.20038000", "time": "2025-07-13T15:38:34.566163Z", "fetched_at": "2025-07-13T15:39:37.167679+00:00", "symbol": "DOGE-USD"}, {"trade_id": 138827866, "side": "sell", "size": "694.40000000", "price": "0.20045000", "time": "2025-07-13T15:38:33.057758Z", "fetched_at": "2025-07-13T15:39:37.167679+00:00", "symbol": "DOGE-USD"}, {"trade_id": 138827865, "side": "sell", "size": "11.80000000", "price": "0.20044000", "time": "2025-07-13T15:38:33.054248Z", "fetched_at": "2025-07-13T15:39:37.167679+00:00", "symbol": "DOGE-USD"}, {"trade_id": 138827864, "side": "sell", "size": "5.50000000", "price": "0.20044000", "time": "2025-07-13T15:38:33.054248Z", "fetched_at": "2025-07-13T15:39:37.167679+00:00", "symbol": "DOGE-USD"}, {"trade_id": 138827863, "side": "sell", "size": "9982.20000000", "price": "0.20043000", "time": "2025-07-13T15:38:32.667754Z", "fetched_at": "2025-07-13T15:39:37.167679+00:00", "symbol": "DOGE-USD"}, {"trade_id": 138827862, "side": "sell", "size": "9982.20000000", "price": "0.20042000", "time": "2025-07-13T15:38:32.662155Z", "fetched_at": "2025-07-13T15:39:37.167679+00:00", "symbol": "DOGE-USD"}, {"trade_id": 138827861, "side": "sell", "size": "12.20000000", "price": "0.20042000", "time": "2025-07-13T15:38:32.662155Z", "fetched_at": "2025-07-13T15:39:37.167679+00:00", "symbol": "DOGE-USD"}, {"trade_id": 138827860, "side": "sell", "size": "5.50000000", "price": "0.20042000", "time": "2025-07-13T15:38:32.662155Z", "fetched_at": "2025-07-13T15:39:37.167679+00:00", "symbol": "DOGE-USD"}, {"trade_id": 138827859, "side": "sell", "size": "1766.60000000", "price": "0.20039000", "time": "2025-07-13T15:38:32.623157Z", "fetched_at": "2025-07-13T15:39:37.167679+00:00", "symbol": "DOGE-USD"}, {"trade_id": 138827858, "side": "sell", "size": "1948.00000000", "price": "0.20040000", "time": "2025-07-13T15:38:32.619281Z", "fetched_at": "2025-07-13T15:39:37.167679+00:00", "symbol": "DOGE-USD"}, {"trade_id": 138827857, "side": "sell", "size": "694.40000000", "price": "0.20039000", "time": "2025-07-13T15:38:32.619281Z", "fetched_at": "2025-07-13T15:39:37.167679+00:00", "symbol": "DOGE-USD"}, {"trade_id": 138827856, "side": "sell", "size": "12.20000000", "price": "0.20038000", "time": "2025-07-13T15:38:32.619281Z", "fetched_at": "2025-07-13T15:39:37.167679+00:00", "symbol": "DOGE-USD"}, {"trade_id": 138827855, "side": "sell", "size": "16.30000000", "price": "0.20038000", "time": "2025-07-13T15:38:31.053085Z", "fetched_at": "2025-07-13T15:39:37.167679+00:00", "symbol": "DOGE-USD"}, {"trade_id": 138827854, "side": "sell", "size": "694.40000000", "price": "0.20038000", "time": "2025-07-13T15:38:31.053085Z", "fetched_at": "2025-07-13T15:39:37.167679+00:00", "symbol": "DOGE-USD"}, {"trade_id": 138827853, "side": "sell", "size": "18735.80000000", "price": "0.20037000", "time": "2025-07-13T15:38:29.983544Z", "fetched_at": "2025-07-13T15:39:37.167679+00:00", "symbol": "DOGE-USD"}, {"trade_id": 138827852, "side": "sell", "size": "1767.10000000", "price": "0.20034000", "time": "2025-07-13T15:38:29.873458Z", "fetched_at": "2025-07-13T15:39:37.167679+00:00", "symbol": "DOGE-USD"}, {"trade_id": 138827851, "side": "sell", "size": "25.40000000", "price": "0.20034000", "time": "2025-07-13T15:38:29.873458Z", "fetched_at": "2025-07-13T15:39:37.167679+00:00", "symbol": "DOGE-USD"}, {"trade_id": 138827850, "side": "sell", "size": "694.40000000", "price": "0.20033000", "time": "2025-07-13T15:38:29.775714Z", "fetched_at": "2025-07-13T15:39:37.167679+00:00", "symbol": "DOGE-USD"}, {"trade_id": 138827849, "side": "sell", "size": "159.50000000", "price": "0.20033000", "time": "2025-07-13T15:38:29.775714Z", "fetched_at": "2025-07-13T15:39:37.167679+00:00", "symbol": "DOGE-USD"}, {"trade_id": 138827848, "side": "sell", "size": "25.40000000", "price": "0.20032000", "time": "2025-07-13T15:38:29.772049Z", "fetched_at": "2025-07-13T15:39:37.167679+00:00", "symbol": "DOGE-USD"}, {"trade_id": 138827847, "side": "buy", "size": "17.70000000", "price": "0.20033000", "time": "2025-07-13T15:38:28.846609Z", "fetched_at": "2025-07-13T15:39:37.167679+00:00", "symbol": "DOGE-USD"}, {"trade_id": 138827846, "side": "sell", "size": "694.40000000", "price": "0.20033000", "time": "2025-07-13T15:38:28.832053Z", "fetched_at": "2025-07-13T15:39:37.167679+00:00", "symbol": "DOGE-USD"}, {"trade_id": 138827845, "side": "sell", "size": "3780.90000000", "price": "0.20033000", "time": "2025-07-13T15:38:28.832053Z", "fetched_at": "2025-07-13T15:39:37.167679+00:00", "symbol": "DOGE-USD"}, {"trade_id": 138827844, "side": "sell", "size": "5752.40000000", "price": "0.20033000", "time": "2025-07-13T15:38:28.832053Z", "fetched_at": "2025-07-13T15:39:37.167679+00:00", "symbol": "DOGE-USD"}, {"trade_id": 138827843, "side": "sell", "size": "1980.70000000", "price": "0.20033000", "time": "2025-07-13T15:38:28.832053Z", "fetched_at": "2025-07-13T15:39:37.167679+00:00", "symbol": "DOGE-USD"}, {"trade_id": 138827842, "side": "sell", "size": "318.90000000", "price": "0.20033000", "time": "2025-07-13T15:38:28.832053Z", "fetched_at": "2025-07-13T15:39:37.167679+00:00", "symbol": "DOGE-USD"}, {"trade_id": 138827841, "side": "sell", "size": "694.40000000", "price": "0.20032000", "time": "2025-07-13T15:38:28.832053Z", "fetched_at": "2025-07-13T15:39:37.167679+00:00", "symbol": "DOGE-USD"}, {"trade_id": 138827840, "side": "sell", "size": "28.90000000", "price": "0.20031000", "time": "2025-07-13T15:38:28.832053Z", "fetched_at": "2025-07-13T15:39:37.167679+00:00", "symbol": "DOGE-USD"}, {"trade_id": 138827839, "side": "sell", "size": "30.60000000", "price": "0.20029000", "time": "2025-07-13T15:38:28.645312Z", "fetched_at": "2025-07-13T15:39:37.167679+00:00", "symbol": "DOGE-USD"}, {"trade_id": 138827838, "side": "sell", "size": "32.20000000", "price": "0.20032000", "time": "2025-07-13T15:38:27.846103Z", "fetched_at": "2025-07-13T15:39:37.167679+00:00", "symbol": "DOGE-USD"}, {"trade_id": 138827837, "side": "sell", "size": "1251.20000000", "price": "0.20032000", "time": "2025-07-13T15:38:27.392911Z", "fetched_at": "2025-07-13T15:39:37.167679+00:00", "symbol": "DOGE-USD"}, {"trade_id": 138827836, "side": "sell", "size": "694.40000000", "price": "0.20031000", "time": "2025-07-13T15:38:27.392911Z", "fetched_at": "2025-07-13T15:39:37.167679+00:00", "symbol": "DOGE-USD"}