[{"trade_id": 138814478, "side": "sell", "size": "511.60000000", "price": "0.20082000", "time": "2025-07-13T14:10:39.666253Z", "fetched_at": "2025-07-13T14:10:49.083640+00:00", "symbol": "DOGE-USD"}, {"trade_id": 138814477, "side": "sell", "size": "5.50000000", "price": "0.20082000", "time": "2025-07-13T14:10:39.666253Z", "fetched_at": "2025-07-13T14:10:49.083640+00:00", "symbol": "DOGE-USD"}, {"trade_id": 138814476, "side": "sell", "size": "16.30000000", "price": "0.20081000", "time": "2025-07-13T14:10:39.666253Z", "fetched_at": "2025-07-13T14:10:49.083640+00:00", "symbol": "DOGE-USD"}, {"trade_id": 138814475, "side": "sell", "size": "5.50000000", "price": "0.20080000", "time": "2025-07-13T14:10:39.666253Z", "fetched_at": "2025-07-13T14:10:49.083640+00:00", "symbol": "DOGE-USD"}, {"trade_id": 138814474, "side": "sell", "size": "5.50000000", "price": "0.20078000", "time": "2025-07-13T14:10:37.784120Z", "fetched_at": "2025-07-13T14:10:49.083640+00:00", "symbol": "DOGE-USD"}, {"trade_id": 138814473, "side": "sell", "size": "923.20000000", "price": "0.20076000", "time": "2025-07-13T14:10:37.734714Z", "fetched_at": "2025-07-13T14:10:49.083640+00:00", "symbol": "DOGE-USD"}, {"trade_id": 138814472, "side": "sell", "size": "5.50000000", "price": "0.20076000", "time": "2025-07-13T14:10:37.734714Z", "fetched_at": "2025-07-13T14:10:49.083640+00:00", "symbol": "DOGE-USD"}, {"trade_id": 138814471, "side": "sell", "size": "5.50000000", "price": "0.20072000", "time": "2025-07-13T14:10:35.998756Z", "fetched_at": "2025-07-13T14:10:49.083640+00:00", "symbol": "DOGE-USD"}, {"trade_id": 138814470, "side": "sell", "size": "5.50000000", "price": "0.20070000", "time": "2025-07-13T14:10:34.456130Z", "fetched_at": "2025-07-13T14:10:49.083640+00:00", "symbol": "DOGE-USD"}, {"trade_id": 138814469, "side": "sell", "size": "121.30000000", "price": "0.20069000", "time": "2025-07-13T14:10:33.281226Z", "fetched_at": "2025-07-13T14:10:49.083640+00:00", "symbol": "DOGE-USD"}, {"trade_id": 138814468, "side": "sell", "size": "18.50000000", "price": "0.20069000", "time": "2025-07-13T14:10:33.281226Z", "fetched_at": "2025-07-13T14:10:49.083640+00:00", "symbol": "DOGE-USD"}, {"trade_id": 138814467, "side": "sell", "size": "5.50000000", "price": "0.20068000", "time": "2025-07-13T14:10:33.281226Z", "fetched_at": "2025-07-13T14:10:49.083640+00:00", "symbol": "DOGE-USD"}, {"trade_id": 138814466, "side": "sell", "size": "5.50000000", "price": "0.20066000", "time": "2025-07-13T14:10:32.347421Z", "fetched_at": "2025-07-13T14:10:49.083640+00:00", "symbol": "DOGE-USD"}, {"trade_id": 138814465, "side": "buy", "size": "5.50000000", "price": "0.20062000", "time": "2025-07-13T14:10:22.110304Z", "fetched_at": "2025-07-13T14:10:49.083640+00:00", "symbol": "DOGE-USD"}, {"trade_id": 138814464, "side": "buy", "size": "5.50000000", "price": "0.20064000", "time": "2025-07-13T14:10:21.976918Z", "fetched_at": "2025-07-13T14:10:49.083640+00:00", "symbol": "DOGE-USD"}, {"trade_id": 138814463, "side": "buy", "size": "3471.50000000", "price": "0.20066000", "time": "2025-07-13T14:10:21.497066Z", "fetched_at": "2025-07-13T14:10:49.083640+00:00", "symbol": "DOGE-USD"}, {"trade_id": 138814462, "side": "buy", "size": "3637.70000000", "price": "0.20066000", "time": "2025-07-13T14:10:21.497066Z", "fetched_at": "2025-07-13T14:10:49.083640+00:00", "symbol": "DOGE-USD"}, {"trade_id": 138814461, "side": "buy", "size": "5.50000000", "price": "0.20066000", "time": "2025-07-13T14:10:21.497066Z", "fetched_at": "2025-07-13T14:10:49.083640+00:00", "symbol": "DOGE-USD"}, {"trade_id": 138814460, "side": "buy", "size": "2117.80000000", "price": "0.20067000", "time": "2025-07-13T14:10:21.497066Z", "fetched_at": "2025-07-13T14:10:49.083640+00:00", "symbol": "DOGE-USD"}, {"trade_id": 138814459, "side": "buy", "size": "2414.80000000", "price": "0.20067000", "time": "2025-07-13T14:10:21.497066Z", "fetched_at": "2025-07-13T14:10:49.083640+00:00", "symbol": "DOGE-USD"}, {"trade_id": 138814458, "side": "buy", "size": "5.50000000", "price": "0.20068000", "time": "2025-07-13T14:10:21.497066Z", "fetched_at": "2025-07-13T14:10:49.083640+00:00", "symbol": "DOGE-USD"}, {"trade_id": 138814457, "side": "buy", "size": "42.30000000", "price": "0.20069000", "time": "2025-07-13T14:10:21.497066Z", "fetched_at": "2025-07-13T14:10:49.083640+00:00", "symbol": "DOGE-USD"}, {"trade_id": 138814456, "side": "buy", "size": "90.20000000", "price": "0.20067000", "time": "2025-07-13T14:10:15.868925Z", "fetched_at": "2025-07-13T14:10:49.083640+00:00", "symbol": "DOGE-USD"}, {"trade_id": 138814455, "side": "buy", "size": "48.20000000", "price": "0.20068000", "time": "2025-07-13T14:10:15.868925Z", "fetched_at": "2025-07-13T14:10:49.083640+00:00", "symbol": "DOGE-USD"}, {"trade_id": 138814454, "side": "buy", "size": "5.50000000", "price": "0.20068000", "time": "2025-07-13T14:10:15.868925Z", "fetched_at": "2025-07-13T14:10:49.083640+00:00", "symbol": "DOGE-USD"}, {"trade_id": 138814453, "side": "buy", "size": "5.50000000", "price": "0.20070000", "time": "2025-07-13T14:10:15.868925Z", "fetched_at": "2025-07-13T14:10:49.083640+00:00", "symbol": "DOGE-USD"}, {"trade_id": 138814452, "side": "buy", "size": "105.40000000", "price": "0.20072000", "time": "2025-07-13T14:10:14.833196Z", "fetched_at": "2025-07-13T14:10:49.083640+00:00", "symbol": "DOGE-USD"}, {"trade_id": 138814451, "side": "buy", "size": "30.30000000", "price": "0.20071000", "time": "2025-07-13T14:10:12.994941Z", "fetched_at": "2025-07-13T14:10:49.083640+00:00", "symbol": "DOGE-USD"}, {"trade_id": 138814450, "side": "sell", "size": "453.70000000", "price": "0.20074000", "time": "2025-07-13T14:10:12.480925Z", "fetched_at": "2025-07-13T14:10:49.083640+00:00", "symbol": "DOGE-USD"}, {"trade_id": 138814449, "side": "buy", "size": "5.50000000", "price": "0.20072000", "time": "2025-07-13T14:10:05.369129Z", "fetched_at": "2025-07-13T14:10:49.083640+00:00", "symbol": "DOGE-USD"}, {"trade_id": 138814448, "side": "buy", "size": "5.50000000", "price": "0.20074000", "time": "2025-07-13T14:10:05.263845Z", "fetched_at": "2025-07-13T14:10:49.083640+00:00", "symbol": "DOGE-USD"}, {"trade_id": 138814447, "side": "buy", "size": "5.50000000", "price": "0.20076000", "time": "2025-07-13T14:10:05.152366Z", "fetched_at": "2025-07-13T14:10:49.083640+00:00", "symbol": "DOGE-USD"}, {"trade_id": 138814446, "side": "buy", "size": "5.50000000", "price": "0.20078000", "time": "2025-07-13T14:10:05.085884Z", "fetched_at": "2025-07-13T14:10:49.083640+00:00", "symbol": "DOGE-USD"}, {"trade_id": 138814445, "side": "sell", "size": "37.00000000", "price": "0.20079000", "time": "2025-07-13T14:10:03.094486Z", "fetched_at": "2025-07-13T14:10:49.083640+00:00", "symbol": "DOGE-USD"}, {"trade_id": 138814444, "side": "sell", "size": "183.00000000", "price": "0.20079000", "time": "2025-07-13T14:10:03.094486Z", "fetched_at": "2025-07-13T14:10:49.083640+00:00", "symbol": "DOGE-USD"}, {"trade_id": 138814443, "side": "buy", "size": "5.50000000", "price": "0.20080000", "time": "2025-07-13T14:10:03.015981Z", "fetched_at": "2025-07-13T14:10:49.083640+00:00", "symbol": "DOGE-USD"}, {"trade_id": 138814442, "side": "buy", "size": "5.50000000", "price": "0.20082000", "time": "2025-07-13T14:10:02.232450Z", "fetched_at": "2025-07-13T14:10:49.083640+00:00", "symbol": "DOGE-USD"}, {"trade_id": 138814441, "side": "buy", "size": "3756.20000000", "price": "0.20082000", "time": "2025-07-13T14:10:02.232450Z", "fetched_at": "2025-07-13T14:10:49.083640+00:00", "symbol": "DOGE-USD"}, {"trade_id": 138814440, "side": "buy", "size": "5.50000000", "price": "0.20084000", "time": "2025-07-13T14:10:02.232450Z", "fetched_at": "2025-07-13T14:10:49.083640+00:00", "symbol": "DOGE-USD"}, {"trade_id": 138814439, "side": "buy", "size": "5.50000000", "price": "0.20086000", "time": "2025-07-13T14:10:02.184541Z", "fetched_at": "2025-07-13T14:10:49.083640+00:00", "symbol": "DOGE-USD"}, {"trade_id": 138814438, "side": "sell", "size": "52.10000000", "price": "0.20087000", "time": "2025-07-13T14:10:02.112611Z", "fetched_at": "2025-07-13T14:10:49.083640+00:00", "symbol": "DOGE-USD"}, {"trade_id": 138814437, "side": "buy", "size": "17842.70000000", "price": "0.20088000", "time": "2025-07-13T14:09:59.703914Z", "fetched_at": "2025-07-13T14:10:49.083640+00:00", "symbol": "DOGE-USD"}, {"trade_id": 138814436, "side": "buy", "size": "5.50000000", "price": "0.20088000", "time": "2025-07-13T14:09:59.703914Z", "fetched_at": "2025-07-13T14:10:49.083640+00:00", "symbol": "DOGE-USD"}, {"trade_id": 138814435, "side": "buy", "size": "47.50000000", "price": "0.20089000", "time": "2025-07-13T14:09:59.703914Z", "fetched_at": "2025-07-13T14:10:49.083640+00:00", "symbol": "DOGE-USD"}, {"trade_id": 138814434, "side": "buy", "size": "5.50000000", "price": "0.20090000", "time": "2025-07-13T14:09:59.703914Z", "fetched_at": "2025-07-13T14:10:49.083640+00:00", "symbol": "DOGE-USD"}, {"trade_id": 138814433, "side": "sell", "size": "4.00000000", "price": "0.20091000", "time": "2025-07-13T14:09:57.787643Z", "fetched_at": "2025-07-13T14:10:49.083640+00:00", "symbol": "DOGE-USD"}, {"trade_id": 138814432, "side": "sell", "size": "66.60000000", "price": "0.20093000", "time": "2025-07-13T14:09:51.129291Z", "fetched_at": "2025-07-13T14:10:49.083640+00:00", "symbol": "DOGE-USD"}, {"trade_id": 138814431, "side": "buy", "size": "1072.60000000", "price": "0.20093000", "time": "2025-07-13T14:09:41.693285Z", "fetched_at": "2025-07-13T14:10:49.083640+00:00", "symbol": "DOGE-USD"}, {"trade_id": 138814430, "side": "sell", "size": "4098.30000000", "price": "0.20093000", "time": "2025-07-13T14:09:38.695845Z", "fetched_at": "2025-07-13T14:10:49.083640+00:00", "symbol": "DOGE-USD"}, {"trade_id": 138814429, "side": "sell", "size": "1274.00000000", "price": "0.20093000", "time": "2025-07-13T14:09:38.695423Z", "fetched_at": "2025-07-13T14:10:49.083640+00:00", "symbol": "DOGE-USD"}, {"trade_id": 138814428, "side": "sell", "size": "2987.60000000", "price": "0.20093000", "time": "2025-07-13T14:09:38.695423Z", "fetched_at": "2025-07-13T14:10:49.083640+00:00", "symbol": "DOGE-USD"}, {"trade_id": 138814427, "side": "sell", "size": "5.50000000", "price": "0.20092000", "time": "2025-07-13T14:09:38.695423Z", "fetched_at": "2025-07-13T14:10:49.083640+00:00", "symbol": "DOGE-USD"}, {"trade_id": 138814426, "side": "sell", "size": "12533.90000000", "price": "0.20094000", "time": "2025-07-13T14:09:38.689326Z", "fetched_at": "2025-07-13T14:10:49.083640+00:00", "symbol": "DOGE-USD"}, {"trade_id": 138814425, "side": "sell", "size": "5.50000000", "price": "0.20094000", "time": "2025-07-13T14:09:38.689326Z", "fetched_at": "2025-07-13T14:10:49.083640+00:00", "symbol": "DOGE-USD"}, {"trade_id": 138814424, "side": "sell", "size": "12718.70000000", "price": "0.20094000", "time": "2025-07-13T14:09:38.689326Z", "fetched_at": "2025-07-13T14:10:49.083640+00:00", "symbol": "DOGE-USD"}, {"trade_id": 138814423, "side": "sell", "size": "769.50000000", "price": "0.20094000", "time": "2025-07-13T14:09:38.689326Z", "fetched_at": "2025-07-13T14:10:49.083640+00:00", "symbol": "DOGE-USD"}, {"trade_id": 138814422, "side": "sell", "size": "7046.00000000", "price": "0.20093000", "time": "2025-07-13T14:09:38.689059Z", "fetched_at": "2025-07-13T14:10:49.083640+00:00", "symbol": "DOGE-USD"}, {"trade_id": 138814421, "side": "sell", "size": "15391.40000000", "price": "0.20093000", "time": "2025-07-13T14:09:38.688983Z", "fetched_at": "2025-07-13T14:10:49.083640+00:00", "symbol": "DOGE-USD"}, {"trade_id": 138814420, "side": "sell", "size": "5.40000000", "price": "0.20092000", "time": "2025-07-13T14:09:38.688983Z", "fetched_at": "2025-07-13T14:10:49.083640+00:00", "symbol": "DOGE-USD"}, {"trade_id": 138814419, "side": "buy", "size": "1491.70000000", "price": "0.20082000", "time": "2025-07-13T14:09:36.552633Z", "fetched_at": "2025-07-13T14:10:49.083640+00:00", "symbol": "DOGE-USD"}, {"trade_id": 138814418, "side": "buy", "size": "47.50000000", "price": "0.20083000", "time": "2025-07-13T14:09:36.552633Z", "fetched_at": "2025-07-13T14:10:49.083640+00:00", "symbol": "DOGE-USD"}, {"trade_id": 138814417, "side": "buy", "size": "769.50000000", "price": "0.20083000", "time": "2025-07-13T14:09:36.552633Z", "fetched_at": "2025-07-13T14:10:49.083640+00:00", "symbol": "DOGE-USD"}, {"trade_id": 138814416, "side": "buy", "size": "5.50000000", "price": "0.20084000", "time": "2025-07-13T14:09:36.552633Z", "fetched_at": "2025-07-13T14:10:49.083640+00:00", "symbol": "DOGE-USD"}, {"trade_id": 138814415, "side": "buy", "size": "1315.90000000", "price": "0.20085000", "time": "2025-07-13T14:09:36.552633Z", "fetched_at": "2025-07-13T14:10:49.083640+00:00", "symbol": "DOGE-USD"}, {"trade_id": 138814414, "side": "buy", "size": "1238.20000000", "price": "0.20086000", "time": "2025-07-13T14:09:36.552633Z", "fetched_at": "2025-07-13T14:10:49.083640+00:00", "symbol": "DOGE-USD"}, {"trade_id": 138814413, "side": "buy", "size": "5.50000000", "price": "0.20086000", "time": "2025-07-13T14:09:36.552633Z", "fetched_at": "2025-07-13T14:10:49.083640+00:00", "symbol": "DOGE-USD"}, {"trade_id": 138814412, "side": "sell", "size": "266.50000000", "price": "0.20088000", "time": "2025-07-13T14:09:35.870142Z", "fetched_at": "2025-07-13T14:10:49.083640+00:00", "symbol": "DOGE-USD"}, {"trade_id": 138814411, "side": "sell", "size": "217.10000000", "price": "0.20087000", "time": "2025-07-13T14:09:35.870142Z", "fetched_at": "2025-07-13T14:10:49.083640+00:00", "symbol": "DOGE-USD"}, {"trade_id": 138814410, "side": "buy", "size": "5.50000000", "price": "0.20088000", "time": "2025-07-13T14:09:35.832607Z", "fetched_at": "2025-07-13T14:10:49.083640+00:00", "symbol": "DOGE-USD"}, {"trade_id": 138814409, "side": "buy", "size": "5.50000000", "price": "0.20090000", "time": "2025-07-13T14:09:35.823794Z", "fetched_at": "2025-07-13T14:10:49.083640+00:00", "symbol": "DOGE-USD"}, {"trade_id": 138814408, "side": "buy", "size": "49.80000000", "price": "0.20091000", "time": "2025-07-13T14:09:32.620568Z", "fetched_at": "2025-07-13T14:10:49.083640+00:00", "symbol": "DOGE-USD"}, {"trade_id": 138814407, "side": "sell", "size": "15.60000000", "price": "0.20095000", "time": "2025-07-13T14:09:29.800351Z", "fetched_at": "2025-07-13T14:10:49.083640+00:00", "symbol": "DOGE-USD"}, {"trade_id": 138814406, "side": "buy", "size": "5.50000000", "price": "0.20092000", "time": "2025-07-13T14:09:27.442347Z", "fetched_at": "2025-07-13T14:10:49.083640+00:00", "symbol": "DOGE-USD"}, {"trade_id": 138814405, "side": "buy", "size": "5.50000000", "price": "0.20094000", "time": "2025-07-13T14:09:22.948187Z", "fetched_at": "2025-07-13T14:10:49.083640+00:00", "symbol": "DOGE-USD"}, {"trade_id": 138814404, "side": "buy", "size": "1146.90000000", "price": "0.20095000", "time": "2025-07-13T14:09:22.881176Z", "fetched_at": "2025-07-13T14:10:49.083640+00:00", "symbol": "DOGE-USD"}, {"trade_id": 138814403, "side": "buy", "size": "206.50000000", "price": "0.20095000", "time": "2025-07-13T14:09:22.208791Z", "fetched_at": "2025-07-13T14:10:49.083640+00:00", "symbol": "DOGE-USD"}, {"trade_id": 138814402, "side": "buy", "size": "1248.30000000", "price": "0.20095000", "time": "2025-07-13T14:09:22.208791Z", "fetched_at": "2025-07-13T14:10:49.083640+00:00", "symbol": "DOGE-USD"}, {"trade_id": 138814401, "side": "buy", "size": "47.50000000", "price": "0.20096000", "time": "2025-07-13T14:09:22.208791Z", "fetched_at": "2025-07-13T14:10:49.083640+00:00", "symbol": "DOGE-USD"}, {"trade_id": 138814400, "side": "buy", "size": "5.50000000", "price": "0.20096000", "time": "2025-07-13T14:09:22.208791Z", "fetched_at": "2025-07-13T14:10:49.083640+00:00", "symbol": "DOGE-USD"}, {"trade_id": 138814399, "side": "buy", "size": "49.80000000", "price": "0.20099000", "time": "2025-07-13T14:09:18.958117Z", "fetched_at": "2025-07-13T14:10:49.083640+00:00", "symbol": "DOGE-USD"}, {"trade_id": 138814398, "side": "sell", "size": "5.50000000", "price": "0.20100000", "time": "2025-07-13T14:09:18.201157Z", "fetched_at": "2025-07-13T14:10:49.083640+00:00", "symbol": "DOGE-USD"}, {"trade_id": 138814397, "side": "sell", "size": "90.90000000", "price": "0.20100000", "time": "2025-07-13T14:09:18.201157Z", "fetched_at": "2025-07-13T14:10:49.083640+00:00", "symbol": "DOGE-USD"}, {"trade_id": 138814396, "side": "buy", "size": "835.40000000", "price": "0.20099000", "time": "2025-07-13T14:09:17.872450Z", "fetched_at": "2025-07-13T14:10:49.083640+00:00", "symbol": "DOGE-USD"}, {"trade_id": 138814395, "side": "buy", "size": "1303.90000000", "price": "0.20099000", "time": "2025-07-13T14:09:17.872450Z", "fetched_at": "2025-07-13T14:10:49.083640+00:00", "symbol": "DOGE-USD"}, {"trade_id": 138814394, "side": "buy", "size": "265.20000000", "price": "0.20099000", "time": "2025-07-13T14:09:17.872450Z", "fetched_at": "2025-07-13T14:10:49.083640+00:00", "symbol": "DOGE-USD"}, {"trade_id": 138814393, "side": "buy", "size": "262.00000000", "price": "0.20099000", "time": "2025-07-13T14:09:17.872450Z", "fetched_at": "2025-07-13T14:10:49.083640+00:00", "symbol": "DOGE-USD"}, {"trade_id": 138814392, "side": "sell", "size": "5.50000000", "price": "0.20098000", "time": "2025-07-13T14:09:07.170921Z", "fetched_at": "2025-07-13T14:10:49.083640+00:00", "symbol": "DOGE-USD"}, {"trade_id": 138814391, "side": "sell", "size": "5.50000000", "price": "0.20096000", "time": "2025-07-13T14:09:02.770304Z", "fetched_at": "2025-07-13T14:10:49.083640+00:00", "symbol": "DOGE-USD"}, {"trade_id": 138814390, "side": "buy", "size": "398.40000000", "price": "0.20095000", "time": "2025-07-13T14:09:02.671006Z", "fetched_at": "2025-07-13T14:10:49.083640+00:00", "symbol": "DOGE-USD"}, {"trade_id": 138814389, "side": "sell", "size": "2988.20000000", "price": "0.20094000", "time": "2025-07-13T14:09:02.329091Z", "fetched_at": "2025-07-13T14:10:49.083640+00:00", "symbol": "DOGE-USD"}, {"trade_id": 138814388, "side": "sell", "size": "5.50000000", "price": "0.20094000", "time": "2025-07-13T14:09:02.329091Z", "fetched_at": "2025-07-13T14:10:49.083640+00:00", "symbol": "DOGE-USD"}, {"trade_id": 138814387, "side": "sell", "size": "10718.10000000", "price": "0.20093000", "time": "2025-07-13T14:09:02.319821Z", "fetched_at": "2025-07-13T14:10:49.083640+00:00", "symbol": "DOGE-USD"}, {"trade_id": 138814386, "side": "sell", "size": "5.50000000", "price": "0.20092000", "time": "2025-07-13T14:09:02.319821Z", "fetched_at": "2025-07-13T14:10:49.083640+00:00", "symbol": "DOGE-USD"}, {"trade_id": 138814385, "side": "sell", "size": "5.50000000", "price": "0.20090000", "time": "2025-07-13T14:09:02.317986Z", "fetched_at": "2025-07-13T14:10:49.083640+00:00", "symbol": "DOGE-USD"}, {"trade_id": 138814384, "side": "sell", "size": "3611.50000000", "price": "0.20089000", "time": "2025-07-13T14:09:01.781367Z", "fetched_at": "2025-07-13T14:10:49.083640+00:00", "symbol": "DOGE-USD"}, {"trade_id": 138814383, "side": "sell", "size": "7.60000000", "price": "0.20088000", "time": "2025-07-13T14:09:01.781367Z", "fetched_at": "2025-07-13T14:10:49.083640+00:00", "symbol": "DOGE-USD"}, {"trade_id": 138814382, "side": "sell", "size": "5.50000000", "price": "0.20088000", "time": "2025-07-13T14:09:01.781367Z", "fetched_at": "2025-07-13T14:10:49.083640+00:00", "symbol": "DOGE-USD"}, {"trade_id": 138814381, "side": "sell", "size": "5.50000000", "price": "0.20086000", "time": "2025-07-13T14:09:01.776471Z", "fetched_at": "2025-07-13T14:10:49.083640+00:00", "symbol": "DOGE-USD"}, {"trade_id": 138814380, "side": "sell", "size": "1196.60000000", "price": "0.20084000", "time": "2025-07-13T14:09:01.101767Z", "fetched_at": "2025-07-13T14:10:49.083640+00:00", "symbol": "DOGE-USD"}, {"trade_id": 138814379, "side": "sell", "size": "5.50000000", "price": "0.20084000", "time": "2025-07-13T14:09:01.101767Z", "fetched_at": "2025-07-13T14:10:49.083640+00:00", "symbol": "DOGE-USD"}, {"trade_id": 138814378, "side": "sell", "size": "7.50000000", "price": "0.20083000", "time": "2025-07-13T14:09:01.101767Z", "fetched_at": "2025-07-13T14:10:49.083640+00:00", "symbol": "DOGE-USD"}, {"trade_id": 138814377, "side": "sell", "size": "0.80000000", "price": "0.20083000", "time": "2025-07-13T14:09:00.591044Z", "fetched_at": "2025-07-13T14:10:49.083640+00:00", "symbol": "DOGE-USD"}, {"trade_id": 138814376, "side": "sell", "size": "145.30000000", "price": "0.20082000", "time": "2025-07-13T14:08:56.918873Z", "fetched_at": "2025-07-13T14:10:49.083640+00:00", "symbol": "DOGE-USD"}, {"trade_id": 138814375, "side": "sell", "size": "5.50000000", "price": "0.20082000", "time": "2025-07-13T14:08:52.529304Z", "fetched_at": "2025-07-13T14:10:49.083640+00:00", "symbol": "DOGE-USD"}, {"trade_id": 138814374, "side": "buy", "size": "35.10000000", "price": "0.20081000", "time": "2025-07-13T14:08:52.164628Z", "fetched_at": "2025-07-13T14:10:49.083640+00:00", "symbol": "DOGE-USD"}, {"trade_id": 138814373, "side": "sell", "size": "5.50000000", "price": "0.20080000", "time": "2025-07-13T14:08:51.449183Z", "fetched_at": "2025-07-13T14:10:49.083640+00:00", "symbol": "DOGE-USD"}, {"trade_id": 138814372, "side": "sell", "size": "5.50000000", "price": "0.20078000", "time": "2025-07-13T14:08:49.886148Z", "fetched_at": "2025-07-13T14:10:49.083640+00:00", "symbol": "DOGE-USD"}, {"trade_id": 138814371, "side": "buy", "size": "109.00000000", "price": "0.20076000", "time": "2025-07-13T14:08:47.778930Z", "fetched_at": "2025-07-13T14:10:49.083640+00:00", "symbol": "DOGE-USD"}, {"trade_id": 138814370, "side": "sell", "size": "5.50000000", "price": "0.20076000", "time": "2025-07-13T14:08:45.980856Z", "fetched_at": "2025-07-13T14:10:49.083640+00:00", "symbol": "DOGE-USD"}, {"trade_id": 138814369, "side": "sell", "size": "5.50000000", "price": "0.20074000", "time": "2025-07-13T14:08:45.812883Z", "fetched_at": "2025-07-13T14:10:49.083640+00:00", "symbol": "DOGE-USD"}, {"trade_id": 138814368, "side": "sell", "size": "5.50000000", "price": "0.20072000", "time": "2025-07-13T14:08:45.315401Z", "fetched_at": "2025-07-13T14:10:49.083640+00:00", "symbol": "DOGE-USD"}, {"trade_id": 138814367, "side": "sell", "size": "2991.40000000", "price": "0.20071000", "time": "2025-07-13T14:08:45.273012Z", "fetched_at": "2025-07-13T14:10:49.083640+00:00", "symbol": "DOGE-USD"}, {"trade_id": 138814366, "side": "sell", "size": "5.50000000", "price": "0.20070000", "time": "2025-07-13T14:08:45.262852Z", "fetched_at": "2025-07-13T14:10:49.083640+00:00", "symbol": "DOGE-USD"}, {"trade_id": 138814365, "side": "sell", "size": "5.50000000", "price": "0.20068000", "time": "2025-07-13T14:08:45.250433Z", "fetched_at": "2025-07-13T14:10:49.083640+00:00", "symbol": "DOGE-USD"}, {"trade_id": 138814364, "side": "sell", "size": "5.50000000", "price": "0.20066000", "time": "2025-07-13T14:08:39.866150Z", "fetched_at": "2025-07-13T14:10:49.083640+00:00", "symbol": "DOGE-USD"}, {"trade_id": 138814363, "side": "sell", "size": "137.00000000", "price": "0.20065000", "time": "2025-07-13T14:08:38.839714Z", "fetched_at": "2025-07-13T14:10:49.083640+00:00", "symbol": "DOGE-USD"}, {"trade_id": 138814362, "side": "sell", "size": "5.50000000", "price": "0.20064000", "time": "2025-07-13T14:08:38.795509Z", "fetched_at": "2025-07-13T14:10:49.083640+00:00", "symbol": "DOGE-USD"}, {"trade_id": 138814361, "side": "sell", "size": "5.90000000", "price": "0.20063000", "time": "2025-07-13T14:08:34.412805Z", "fetched_at": "2025-07-13T14:10:49.083640+00:00", "symbol": "DOGE-USD"}, {"trade_id": 138814360, "side": "sell", "size": "17.30000000", "price": "0.20062000", "time": "2025-07-13T14:08:34.412805Z", "fetched_at": "2025-07-13T14:10:49.083640+00:00", "symbol": "DOGE-USD"}, {"trade_id": 138814359, "side": "sell", "size": "5.50000000", "price": "0.20062000", "time": "2025-07-13T14:08:32.752038Z", "fetched_at": "2025-07-13T14:10:49.083640+00:00", "symbol": "DOGE-USD"}, {"trade_id": 138814358, "side": "sell", "size": "5.50000000", "price": "0.20060000", "time": "2025-07-13T14:08:32.638225Z", "fetched_at": "2025-07-13T14:10:49.083640+00:00", "symbol": "DOGE-USD"}, {"trade_id": 138814357, "side": "sell", "size": "46.40000000", "price": "0.20055000", "time": "2025-07-13T14:08:30.149031Z", "fetched_at": "2025-07-13T14:10:49.083640+00:00", "symbol": "DOGE-USD"}, {"trade_id": 138814356, "side": "buy", "size": "5.50000000", "price": "0.20056000", "time": "2025-07-13T14:08:30.043294Z", "fetched_at": "2025-07-13T14:10:49.083640+00:00", "symbol": "DOGE-USD"}, {"trade_id": 138814355, "side": "buy", "size": "5.50000000", "price": "0.20058000", "time": "2025-07-13T14:08:25.385525Z", "fetched_at": "2025-07-13T14:10:49.083640+00:00", "symbol": "DOGE-USD"}, {"trade_id": 138814354, "side": "buy", "size": "5.50000000", "price": "0.20060000", "time": "2025-07-13T14:08:21.567070Z", "fetched_at": "2025-07-13T14:10:49.083640+00:00", "symbol": "DOGE-USD"}, {"trade_id": 138814353, "side": "buy", "size": "37.60000000", "price": "0.20062000", "time": "2025-07-13T14:08:14.275882Z", "fetched_at": "2025-07-13T14:10:49.083640+00:00", "symbol": "DOGE-USD"}, {"trade_id": 138814352, "side": "sell", "size": "35.60000000", "price": "0.20063000", "time": "2025-07-13T14:08:11.215956Z", "fetched_at": "2025-07-13T14:10:49.083640+00:00", "symbol": "DOGE-USD"}, {"trade_id": 138814351, "side": "sell", "size": "21.30000000", "price": "0.20062000", "time": "2025-07-13T14:08:11.215956Z", "fetched_at": "2025-07-13T14:10:49.083640+00:00", "symbol": "DOGE-USD"}, {"trade_id": 138814350, "side": "sell", "size": "26.50000000", "price": "0.20065000", "time": "2025-07-13T14:08:08.791150Z", "fetched_at": "2025-07-13T14:10:49.083640+00:00", "symbol": "DOGE-USD"}, {"trade_id": 138814349, "side": "sell", "size": "21.90000000", "price": "0.20064000", "time": "2025-07-13T14:08:08.791150Z", "fetched_at": "2025-07-13T14:10:49.083640+00:00", "symbol": "DOGE-USD"}, {"trade_id": 138814348, "side": "sell", "size": "247.70000000", "price": "0.20062000", "time": "2025-07-13T14:08:07.495533Z", "fetched_at": "2025-07-13T14:10:49.083640+00:00", "symbol": "DOGE-USD"}, {"trade_id": 138814347, "side": "sell", "size": "101.60000000", "price": "0.20064000", "time": "2025-07-13T14:08:06.231287Z", "fetched_at": "2025-07-13T14:10:49.083640+00:00", "symbol": "DOGE-USD"}, {"trade_id": 138814346, "side": "sell", "size": "16.50000000", "price": "0.20064000", "time": "2025-07-13T14:08:06.231287Z", "fetched_at": "2025-07-13T14:10:49.083640+00:00", "symbol": "DOGE-USD"}, {"trade_id": 138814345, "side": "sell", "size": "506.40000000", "price": "0.20064000", "time": "2025-07-13T14:08:06.209815Z", "fetched_at": "2025-07-13T14:10:49.083640+00:00", "symbol": "DOGE-USD"}, {"trade_id": 138814344, "side": "sell", "size": "1399.90000000", "price": "0.20063000", "time": "2025-07-13T14:08:06.209815Z", "fetched_at": "2025-07-13T14:10:49.083640+00:00", "symbol": "DOGE-USD"}, {"trade_id": 138814343, "side": "sell", "size": "1223.40000000", "price": "0.20062000", "time": "2025-07-13T14:08:06.209815Z", "fetched_at": "2025-07-13T14:10:49.083640+00:00", "symbol": "DOGE-USD"}, {"trade_id": 138814342, "side": "sell", "size": "16.50000000", "price": "0.20062000", "time": "2025-07-13T14:08:06.209815Z", "fetched_at": "2025-07-13T14:10:49.083640+00:00", "symbol": "DOGE-USD"}, {"trade_id": 138814341, "side": "sell", "size": "23.40000000", "price": "0.20062000", "time": "2025-07-13T14:08:05.824918Z", "fetched_at": "2025-07-13T14:10:49.083640+00:00", "symbol": "DOGE-USD"}, {"trade_id": 138814340, "side": "buy", "size": "1082.60000000", "price": "0.20061000", "time": "2025-07-13T14:08:04.242351Z", "fetched_at": "2025-07-13T14:10:49.083640+00:00", "symbol": "DOGE-USD"}, {"trade_id": 138814339, "side": "buy", "size": "1250.10000000", "price": "0.20061000", "time": "2025-07-13T14:08:04.242351Z", "fetched_at": "2025-07-13T14:10:49.083640+00:00", "symbol": "DOGE-USD"}, {"trade_id": 138814338, "side": "buy", "size": "47.60000000", "price": "0.20062000", "time": "2025-07-13T14:08:04.242351Z", "fetched_at": "2025-07-13T14:10:49.083640+00:00", "symbol": "DOGE-USD"}, {"trade_id": 138814337, "side": "buy", "size": "5.50000000", "price": "0.20062000", "time": "2025-07-13T14:08:04.242351Z", "fetched_at": "2025-07-13T14:10:49.083640+00:00", "symbol": "DOGE-USD"}, {"trade_id": 138814336, "side": "buy", "size": "5.50000000", "price": "0.20064000", "time": "2025-07-13T14:08:04.242351Z", "fetched_at": "2025-07-13T14:10:49.083640+00:00", "symbol": "DOGE-USD"}, {"trade_id": 138814335, "side": "buy", "size": "5.50000000", "price": "0.20066000", "time": "2025-07-13T14:08:03.775737Z", "fetched_at": "2025-07-13T14:10:49.083640+00:00", "symbol": "DOGE-USD"}, {"trade_id": 138814334, "side": "buy", "size": "173.00000000", "price": "0.20068000", "time": "2025-07-13T14:08:02.593058Z", "fetched_at": "2025-07-13T14:10:49.083640+00:00", "symbol": "DOGE-USD"}, {"trade_id": 138814333, "side": "buy", "size": "5.50000000", "price": "0.20068000", "time": "2025-07-13T14:08:02.593058Z", "fetched_at": "2025-07-13T14:10:49.083640+00:00", "symbol": "DOGE-USD"}, {"trade_id": 138814332, "side": "buy", "size": "5.50000000", "price": "0.20070000", "time": "2025-07-13T14:08:02.593058Z", "fetched_at": "2025-07-13T14:10:49.083640+00:00", "symbol": "DOGE-USD"}, {"trade_id": 138814331, "side": "buy", "size": "5.50000000", "price": "0.20072000", "time": "2025-07-13T14:08:02.593058Z", "fetched_at": "2025-07-13T14:10:49.083640+00:00", "symbol": "DOGE-USD"}, {"trade_id": 138814330, "side": "sell", "size": "5.50000000", "price": "0.20078000", "time": "2025-07-13T14:07:55.968260Z", "fetched_at": "2025-07-13T14:10:49.083640+00:00", "symbol": "DOGE-USD"}, {"trade_id": 138814329, "side": "sell", "size": "704.60000000", "price": "0.20077000", "time": "2025-07-13T14:07:55.956348Z", "fetched_at": "2025-07-13T14:10:49.083640+00:00", "symbol": "DOGE-USD"}, {"trade_id": 138814328, "side": "sell", "size": "2000.00000000", "price": "0.20077000", "time": "2025-07-13T14:07:55.954688Z", "fetched_at": "2025-07-13T14:10:49.083640+00:00", "symbol": "DOGE-USD"}, {"trade_id": 138814327, "side": "sell", "size": "285.10000000", "price": "0.20077000", "time": "2025-07-13T14:07:55.944931Z", "fetched_at": "2025-07-13T14:10:49.083640+00:00", "symbol": "DOGE-USD"}, {"trade_id": 138814326, "side": "sell", "size": "17889.20000000", "price": "0.20077000", "time": "2025-07-13T14:07:55.939884Z", "fetched_at": "2025-07-13T14:10:49.083640+00:00", "symbol": "DOGE-USD"}, {"trade_id": 138814325, "side": "sell", "size": "7761.60000000", "price": "0.20077000", "time": "2025-07-13T14:07:55.939884Z", "fetched_at": "2025-07-13T14:10:49.083640+00:00", "symbol": "DOGE-USD"}, {"trade_id": 138814324, "side": "sell", "size": "8751.60000000", "price": "0.20076000", "time": "2025-07-13T14:07:55.938831Z", "fetched_at": "2025-07-13T14:10:49.083640+00:00", "symbol": "DOGE-USD"}, {"trade_id": 138814323, "side": "sell", "size": "1706.00000000", "price": "0.20076000", "time": "2025-07-13T14:07:55.938278Z", "fetched_at": "2025-07-13T14:10:49.083640+00:00", "symbol": "DOGE-USD"}, {"trade_id": 138814322, "side": "sell", "size": "5.50000000", "price": "0.20076000", "time": "2025-07-13T14:07:55.938278Z", "fetched_at": "2025-07-13T14:10:49.083640+00:00", "symbol": "DOGE-USD"}, {"trade_id": 138814321, "side": "sell", "size": "5445.20000000", "price": "0.20076000", "time": "2025-07-13T14:07:55.938278Z", "fetched_at": "2025-07-13T14:10:49.083640+00:00", "symbol": "DOGE-USD"}, {"trade_id": 138814320, "side": "sell", "size": "18.70000000", "price": "0.20075000", "time": "2025-07-13T14:07:55.938278Z", "fetched_at": "2025-07-13T14:10:49.083640+00:00", "symbol": "DOGE-USD"}, {"trade_id": 138814319, "side": "sell", "size": "5.50000000", "price": "0.20074000", "time": "2025-07-13T14:07:55.938278Z", "fetched_at": "2025-07-13T14:10:49.083640+00:00", "symbol": "DOGE-USD"}, {"trade_id": 138814318, "side": "buy", "size": "54.20000000", "price": "0.20072000", "time": "2025-07-13T14:07:45.114541Z", "fetched_at": "2025-07-13T14:10:49.083640+00:00", "symbol": "DOGE-USD"}, {"trade_id": 138814317, "side": "buy", "size": "5.50000000", "price": "0.20068000", "time": "2025-07-13T14:07:35.095699Z", "fetched_at": "2025-07-13T14:10:49.083640+00:00", "symbol": "DOGE-USD"}, {"trade_id": 138814316, "side": "buy", "size": "5.50000000", "price": "0.20070000", "time": "2025-07-13T14:07:34.878774Z", "fetched_at": "2025-07-13T14:10:49.083640+00:00", "symbol": "DOGE-USD"}, {"trade_id": 138814315, "side": "buy", "size": "17864.10000000", "price": "0.20071000", "time": "2025-07-13T14:07:32.728094Z", "fetched_at": "2025-07-13T14:10:49.083640+00:00", "symbol": "DOGE-USD"}, {"trade_id": 138814314, "side": "buy", "size": "5.50000000", "price": "0.20072000", "time": "2025-07-13T14:07:32.728094Z", "fetched_at": "2025-07-13T14:10:49.083640+00:00", "symbol": "DOGE-USD"}, {"trade_id": 138814313, "side": "buy", "size": "5.50000000", "price": "0.20074000", "time": "2025-07-13T14:07:32.728094Z", "fetched_at": "2025-07-13T14:10:49.083640+00:00", "symbol": "DOGE-USD"}, {"trade_id": 138814312, "side": "buy", "size": "5.50000000", "price": "0.20076000", "time": "2025-07-13T14:07:31.678975Z", "fetched_at": "2025-07-13T14:10:49.083640+00:00", "symbol": "DOGE-USD"}, {"trade_id": 138814311, "side": "buy", "size": "5.50000000", "price": "0.20078000", "time": "2025-07-13T14:07:31.435408Z", "fetched_at": "2025-07-13T14:10:49.083640+00:00", "symbol": "DOGE-USD"}, {"trade_id": 138814310, "side": "buy", "size": "5.50000000", "price": "0.20080000", "time": "2025-07-13T14:07:31.181298Z", "fetched_at": "2025-07-13T14:10:49.083640+00:00", "symbol": "DOGE-USD"}, {"trade_id": 138814309, "side": "buy", "size": "5.50000000", "price": "0.20082000", "time": "2025-07-13T14:07:30.891056Z", "fetched_at": "2025-07-13T14:10:49.083640+00:00", "symbol": "DOGE-USD"}, {"trade_id": 138814308, "side": "sell", "size": "169.20000000", "price": "0.20085000", "time": "2025-07-13T14:07:30.795029Z", "fetched_at": "2025-07-13T14:10:49.083640+00:00", "symbol": "DOGE-USD"}, {"trade_id": 138814307, "side": "buy", "size": "5.50000000", "price": "0.20084000", "time": "2025-07-13T14:07:30.187978Z", "fetched_at": "2025-07-13T14:10:49.083640+00:00", "symbol": "DOGE-USD"}, {"trade_id": 138814306, "side": "buy", "size": "5.50000000", "price": "0.20086000", "time": "2025-07-13T14:07:30.187978Z", "fetched_at": "2025-07-13T14:10:49.083640+00:00", "symbol": "DOGE-USD"}, {"trade_id": 138814305, "side": "buy", "size": "137.00000000", "price": "0.20088000", "time": "2025-07-13T14:07:28.618076Z", "fetched_at": "2025-07-13T14:10:49.083640+00:00", "symbol": "DOGE-USD"}, {"trade_id": 138814304, "side": "buy", "size": "5.50000000", "price": "0.20088000", "time": "2025-07-13T14:07:28.618076Z", "fetched_at": "2025-07-13T14:10:49.083640+00:00", "symbol": "DOGE-USD"}, {"trade_id": 138814303, "side": "sell", "size": "216.10000000", "price": "0.20097000", "time": "2025-07-13T14:07:27.061230Z", "fetched_at": "2025-07-13T14:10:49.083640+00:00", "symbol": "DOGE-USD"}, {"trade_id": 138814302, "side": "sell", "size": "20.10000000", "price": "0.20096000", "time": "2025-07-13T14:07:27.061230Z", "fetched_at": "2025-07-13T14:10:49.083640+00:00", "symbol": "DOGE-USD"}, {"trade_id": 138814301, "side": "sell", "size": "5.50000000", "price": "0.20096000", "time": "2025-07-13T14:07:27.061230Z", "fetched_at": "2025-07-13T14:10:49.083640+00:00", "symbol": "DOGE-USD"}, {"trade_id": 138814300, "side": "sell", "size": "20.30000000", "price": "0.20093000", "time": "2025-07-13T14:07:26.866655Z", "fetched_at": "2025-07-13T14:10:49.083640+00:00", "symbol": "DOGE-USD"}, {"trade_id": 138814299, "side": "sell", "size": "5.50000000", "price": "0.20092000", "time": "2025-07-13T14:07:26.856288Z", "fetched_at": "2025-07-13T14:10:49.083640+00:00", "symbol": "DOGE-USD"}, {"trade_id": 138814298, "side": "sell", "size": "26.80000000", "price": "0.20089000", "time": "2025-07-13T14:07:26.093518Z", "fetched_at": "2025-07-13T14:10:49.083640+00:00", "symbol": "DOGE-USD"}, {"trade_id": 138814297, "side": "sell", "size": "183.10000000", "price": "0.20089000", "time": "2025-07-13T14:07:26.055600Z", "fetched_at": "2025-07-13T14:10:49.083640+00:00", "symbol": "DOGE-USD"}, {"trade_id": 138814296, "side": "buy", "size": "183.10000000", "price": "0.20088000", "time": "2025-07-13T14:07:23.959292Z", "fetched_at": "2025-07-13T14:10:49.083640+00:00", "symbol": "DOGE-USD"}, {"trade_id": 138814295, "side": "buy", "size": "769.50000000", "price": "0.20088000", "time": "2025-07-13T14:07:23.959292Z", "fetched_at": "2025-07-13T14:10:49.083640+00:00", "symbol": "DOGE-USD"}, {"trade_id": 138814294, "side": "buy", "size": "5.50000000", "price": "0.20088000", "time": "2025-07-13T14:07:23.959292Z", "fetched_at": "2025-07-13T14:10:49.083640+00:00", "symbol": "DOGE-USD"}, {"trade_id": 138814293, "side": "buy", "size": "13.20000000", "price": "0.20089000", "time": "2025-07-13T14:07:23.959292Z", "fetched_at": "2025-07-13T14:10:49.083640+00:00", "symbol": "DOGE-USD"}, {"trade_id": 138814292, "side": "buy", "size": "5.50000000", "price": "0.20090000", "time": "2025-07-13T14:07:23.959292Z", "fetched_at": "2025-07-13T14:10:49.083640+00:00", "symbol": "DOGE-USD"}, {"trade_id": 138814291, "side": "buy", "size": "471.90000000", "price": "0.20095000", "time": "2025-07-13T14:07:19.347500Z", "fetched_at": "2025-07-13T14:10:49.083640+00:00", "symbol": "DOGE-USD"}, {"trade_id": 138814290, "side": "sell", "size": "5.50000000", "price": "0.20096000", "time": "2025-07-13T14:07:19.117747Z", "fetched_at": "2025-07-13T14:10:49.083640+00:00", "symbol": "DOGE-USD"}, {"trade_id": 138814289, "side": "sell", "size": "5.50000000", "price": "0.20094000", "time": "2025-07-13T14:07:17.731758Z", "fetched_at": "2025-07-13T14:10:49.083640+00:00", "symbol": "DOGE-USD"}, {"trade_id": 138814288, "side": "sell", "size": "17857.30000000", "price": "0.20093000", "time": "2025-07-13T14:07:17.084910Z", "fetched_at": "2025-07-13T14:10:49.083640+00:00", "symbol": "DOGE-USD"}, {"trade_id": 138814287, "side": "sell", "size": "5000.00000000", "price": "0.20093000", "time": "2025-07-13T14:07:17.084910Z", "fetched_at": "2025-07-13T14:10:49.083640+00:00", "symbol": "DOGE-USD"}, {"trade_id": 138814286, "side": "sell", "size": "2500.00000000", "price": "0.20093000", "time": "2025-07-13T14:07:17.084910Z", "fetched_at": "2025-07-13T14:10:49.083640+00:00", "symbol": "DOGE-USD"}, {"trade_id": 138814285, "side": "sell", "size": "769.50000000", "price": "0.20093000", "time": "2025-07-13T14:07:17.084910Z", "fetched_at": "2025-07-13T14:10:49.083640+00:00", "symbol": "DOGE-USD"}, {"trade_id": 138814284, "side": "sell", "size": "11739.70000000", "price": "0.20092000", "time": "2025-07-13T14:07:17.084064Z", "fetched_at": "2025-07-13T14:10:49.083640+00:00", "symbol": "DOGE-USD"}, {"trade_id": 138814283, "side": "sell", "size": "5.50000000", "price": "0.20092000", "time": "2025-07-13T14:07:17.084064Z", "fetched_at": "2025-07-13T14:10:49.083640+00:00", "symbol": "DOGE-USD"}, {"trade_id": 138814282, "side": "sell", "size": "47.50000000", "price": "0.20091000", "time": "2025-07-13T14:07:17.084064Z", "fetched_at": "2025-07-13T14:10:49.083640+00:00", "symbol": "DOGE-USD"}, {"trade_id": 138814281, "side": "sell", "size": "5.50000000", "price": "0.20090000", "time": "2025-07-13T14:07:17.084064Z", "fetched_at": "2025-07-13T14:10:49.083640+00:00", "symbol": "DOGE-USD"}, {"trade_id": 138814280, "side": "buy", "size": "52.00000000", "price": "0.20086000", "time": "2025-07-13T14:07:09.863747Z", "fetched_at": "2025-07-13T14:10:49.083640+00:00", "symbol": "DOGE-USD"}, {"trade_id": 138814279, "side": "buy", "size": "47.50000000", "price": "0.20087000", "time": "2025-07-13T14:07:09.863747Z", "fetched_at": "2025-07-13T14:10:49.083640+00:00", "symbol": "DOGE-USD"}, {"trade_id": 138814278, "side": "buy", "size": "1408.40000000", "price": "0.20087000", "time": "2025-07-13T14:07:09.863747Z", "fetched_at": "2025-07-13T14:10:49.083640+00:00", "symbol": "DOGE-USD"}, {"trade_id": 138814277, "side": "sell", "size": "5.50000000", "price": "0.20090000", "time": "2025-07-13T14:07:08.716614Z", "fetched_at": "2025-07-13T14:10:49.083640+00:00", "symbol": "DOGE-USD"}, {"trade_id": 138814276, "side": "sell", "size": "5.50000000", "price": "0.20088000", "time": "2025-07-13T14:07:08.662014Z", "fetched_at": "2025-07-13T14:10:49.083640+00:00", "symbol": "DOGE-USD"}, {"trade_id": 138814275, "side": "buy", "size": "176.50000000", "price": "0.20083000", "time": "2025-07-13T14:07:08.483440Z", "fetched_at": "2025-07-13T14:10:49.083640+00:00", "symbol": "DOGE-USD"}, {"trade_id": 138814274, "side": "buy", "size": "3815.80000000", "price": "0.20083000", "time": "2025-07-13T14:07:08.483440Z", "fetched_at": "2025-07-13T14:10:49.083640+00:00", "symbol": "DOGE-USD"}, {"trade_id": 138814273, "side": "buy", "size": "3812.70000000", "price": "0.20083000", "time": "2025-07-13T14:07:08.483440Z", "fetched_at": "2025-07-13T14:10:49.083640+00:00", "symbol": "DOGE-USD"}, {"trade_id": 138814272, "side": "buy", "size": "1399.70000000", "price": "0.20083000", "time": "2025-07-13T14:07:08.483440Z", "fetched_at": "2025-07-13T14:10:49.083640+00:00", "symbol": "DOGE-USD"}, {"trade_id": 138814271, "side": "buy", "size": "47.50000000", "price": "0.20085000", "time": "2025-07-13T14:07:08.483440Z", "fetched_at": "2025-07-13T14:10:49.083640+00:00", "symbol": "DOGE-USD"}, {"trade_id": 138814270, "side": "buy", "size": "1395.30000000", "price": "0.20086000", "time": "2025-07-13T14:07:08.483440Z", "fetched_at": "2025-07-13T14:10:49.083640+00:00", "symbol": "DOGE-USD"}, {"trade_id": 138814269, "side": "buy", "size": "1292.40000000", "price": "0.20087000", "time": "2025-07-13T14:07:08.483440Z", "fetched_at": "2025-07-13T14:10:49.083640+00:00", "symbol": "DOGE-USD"}, {"trade_id": 138814268, "side": "buy", "size": "1390.90000000", "price": "0.20087000", "time": "2025-07-13T14:07:08.483440Z", "fetched_at": "2025-07-13T14:10:49.083640+00:00", "symbol": "DOGE-USD"}, {"trade_id": 138814267, "side": "buy", "size": "262.00000000", "price": "0.20087000", "time": "2025-07-13T14:07:08.483440Z", "fetched_at": "2025-07-13T14:10:49.083640+00:00", "symbol": "DOGE-USD"}, {"trade_id": 138814266, "side": "buy", "size": "183.00000000", "price": "0.20087000", "time": "2025-07-13T14:07:08.483440Z", "fetched_at": "2025-07-13T14:10:49.083640+00:00", "symbol": "DOGE-USD"}, {"trade_id": 138814265, "side": "sell", "size": "37.00000000", "price": "0.20087000", "time": "2025-07-13T14:07:07.071054Z", "fetched_at": "2025-07-13T14:10:49.083640+00:00", "symbol": "DOGE-USD"}, {"trade_id": 138814264, "side": "sell", "size": "5.50000000", "price": "0.20086000", "time": "2025-07-13T14:07:07.053875Z", "fetched_at": "2025-07-13T14:10:49.083640+00:00", "symbol": "DOGE-USD"}, {"trade_id": 138814263, "side": "sell", "size": "91.90000000", "price": "0.20086000", "time": "2025-07-13T14:07:07.053875Z", "fetched_at": "2025-07-13T14:10:49.083640+00:00", "symbol": "DOGE-USD"}, {"trade_id": 138814262, "side": "buy", "size": "1.00000000", "price": "0.20085000", "time": "2025-07-13T14:07:06.950853Z", "fetched_at": "2025-07-13T14:10:49.083640+00:00", "symbol": "DOGE-USD"}, {"trade_id": 138814261, "side": "sell", "size": "82.00000000", "price": "0.20085000", "time": "2025-07-13T14:07:06.360419Z", "fetched_at": "2025-07-13T14:10:49.083640+00:00", "symbol": "DOGE-USD"}, {"trade_id": 138814260, "side": "sell", "size": "171.40000000", "price": "0.20084000", "time": "2025-07-13T14:07:06.282559Z", "fetched_at": "2025-07-13T14:10:49.083640+00:00", "symbol": "DOGE-USD"}, {"trade_id": 138814259, "side": "sell", "size": "5.50000000", "price": "0.20084000", "time": "2025-07-13T14:07:06.282559Z", "fetched_at": "2025-07-13T14:10:49.083640+00:00", "symbol": "DOGE-USD"}, {"trade_id": 138814258, "side": "sell", "size": "131.50000000", "price": "0.20083000", "time": "2025-07-13T14:07:06.265552Z", "fetched_at": "2025-07-13T14:10:49.083640+00:00", "symbol": "DOGE-USD"}, {"trade_id": 138814257, "side": "sell", "size": "5.50000000", "price": "0.20082000", "time": "2025-07-13T14:07:06.258290Z", "fetched_at": "2025-07-13T14:10:49.083640+00:00", "symbol": "DOGE-USD"}, {"trade_id": 138814256, "side": "sell", "size": "37.80000000", "price": "0.20082000", "time": "2025-07-13T14:07:06.258290Z", "fetched_at": "2025-07-13T14:10:49.083640+00:00", "symbol": "DOGE-USD"}, {"trade_id": 138814255, "side": "sell", "size": "98.70000000", "price": "0.20082000", "time": "2025-07-13T14:07:04.226890Z", "fetched_at": "2025-07-13T14:10:49.083640+00:00", "symbol": "DOGE-USD"}, {"trade_id": 138814254, "side": "sell", "size": "176.50000000", "price": "0.20081000", "time": "2025-07-13T14:07:02.298176Z", "fetched_at": "2025-07-13T14:10:49.083640+00:00", "symbol": "DOGE-USD"}, {"trade_id": 138814253, "side": "buy", "size": "251.70000000", "price": "0.20079000", "time": "2025-07-13T14:07:01.604775Z", "fetched_at": "2025-07-13T14:10:49.083640+00:00", "symbol": "DOGE-USD"}, {"trade_id": 138814252, "side": "sell", "size": "91.80000000", "price": "0.20080000", "time": "2025-07-13T14:06:58.754027Z", "fetched_at": "2025-07-13T14:10:49.083640+00:00", "symbol": "DOGE-USD"}, {"trade_id": 138814251, "side": "sell", "size": "5.50000000", "price": "0.20080000", "time": "2025-07-13T14:06:58.754027Z", "fetched_at": "2025-07-13T14:10:49.083640+00:00", "symbol": "DOGE-USD"}, {"trade_id": 138814250, "side": "sell", "size": "141.40000000", "price": "0.20079000", "time": "2025-07-13T14:06:58.744092Z", "fetched_at": "2025-07-13T14:10:49.083640+00:00", "symbol": "DOGE-USD"}, {"trade_id": 138814249, "side": "sell", "size": "5.50000000", "price": "0.20078000", "time": "2025-07-13T14:06:58.712633Z", "fetched_at": "2025-07-13T14:10:49.083640+00:00", "symbol": "DOGE-USD"}, {"trade_id": 138814248, "side": "sell", "size": "17.20000000", "price": "0.20078000", "time": "2025-07-13T14:06:58.712633Z", "fetched_at": "2025-07-13T14:10:49.083640+00:00", "symbol": "DOGE-USD"}, {"trade_id": 138814247, "side": "sell", "size": "5.50000000", "price": "0.20076000", "time": "2025-07-13T14:06:58.694911Z", "fetched_at": "2025-07-13T14:10:49.083640+00:00", "symbol": "DOGE-USD"}, {"trade_id": 138814246, "side": "sell", "size": "5.50000000", "price": "0.20074000", "time": "2025-07-13T14:06:58.628514Z", "fetched_at": "2025-07-13T14:10:49.083640+00:00", "symbol": "DOGE-USD"}, {"trade_id": 138814245, "side": "sell", "size": "5.50000000", "price": "0.20072000", "time": "2025-07-13T14:06:58.534058Z", "fetched_at": "2025-07-13T14:10:49.083640+00:00", "symbol": "DOGE-USD"}, {"trade_id": 138814244, "side": "sell", "size": "5.50000000", "price": "0.20070000", "time": "2025-07-13T14:06:57.719698Z", "fetched_at": "2025-07-13T14:10:49.083640+00:00", "symbol": "DOGE-USD"}, {"trade_id": 138814243, "side": "sell", "size": "47.60000000", "price": "0.20068000", "time": "2025-07-13T14:06:51.645672Z", "fetched_at": "2025-07-13T14:10:49.083640+00:00", "symbol": "DOGE-USD"}, {"trade_id": 138814242, "side": "sell", "size": "5.50000000", "price": "0.20068000", "time": "2025-07-13T14:06:51.645672Z", "fetched_at": "2025-07-13T14:10:49.083640+00:00", "symbol": "DOGE-USD"}, {"trade_id": 138814241, "side": "sell", "size": "5.50000000", "price": "0.20066000", "time": "2025-07-13T14:06:51.542318Z", "fetched_at": "2025-07-13T14:10:49.083640+00:00", "symbol": "DOGE-USD"}, {"trade_id": 138814240, "side": "sell", "size": "5.50000000", "price": "0.20064000", "time": "2025-07-13T14:06:51.214551Z", "fetched_at": "2025-07-13T14:10:49.083640+00:00", "symbol": "DOGE-USD"}, {"trade_id": 138814239, "side": "sell", "size": "3.00000000", "price": "0.20062000", "time": "2025-07-13T14:06:50.705573Z", "fetched_at": "2025-07-13T14:10:49.083640+00:00", "symbol": "DOGE-USD"}, {"trade_id": 138814238, "side": "sell", "size": "5.50000000", "price": "0.20060000", "time": "2025-07-13T14:06:50.052391Z", "fetched_at": "2025-07-13T14:10:49.083640+00:00", "symbol": "DOGE-USD"}, {"trade_id": 138814237, "side": "sell", "size": "47.60000000", "price": "0.20059000", "time": "2025-07-13T14:06:49.944698Z", "fetched_at": "2025-07-13T14:10:49.083640+00:00", "symbol": "DOGE-USD"}, {"trade_id": 138814236, "side": "sell", "size": "5.50000000", "price": "0.20058000", "time": "2025-07-13T14:06:49.940635Z", "fetched_at": "2025-07-13T14:10:49.083640+00:00", "symbol": "DOGE-USD"}, {"trade_id": 138814235, "side": "sell", "size": "5.50000000", "price": "0.20056000", "time": "2025-07-13T14:06:49.233184Z", "fetched_at": "2025-07-13T14:10:49.083640+00:00", "symbol": "DOGE-USD"}, {"trade_id": 138814234, "side": "buy", "size": "233.70000000", "price": "0.20055000", "time": "2025-07-13T14:06:46.811491Z", "fetched_at": "2025-07-13T14:10:49.083640+00:00", "symbol": "DOGE-USD"}, {"trade_id": 138814233, "side": "buy", "size": "265.20000000", "price": "0.20055000", "time": "2025-07-13T14:06:46.811491Z", "fetched_at": "2025-07-13T14:10:49.083640+00:00", "symbol": "DOGE-USD"}, {"trade_id": 138814232, "side": "sell", "size": "5.50000000", "price": "0.20054000", "time": "2025-07-13T14:06:46.700101Z", "fetched_at": "2025-07-13T14:10:49.083640+00:00", "symbol": "DOGE-USD"}, {"trade_id": 138814231, "side": "sell", "size": "41.60000000", "price": "0.20053000", "time": "2025-07-13T14:06:46.644548Z", "fetched_at": "2025-07-13T14:10:49.083640+00:00", "symbol": "DOGE-USD"}, {"trade_id": 138814230, "side": "sell", "size": "5.50000000", "price": "0.20052000", "time": "2025-07-13T14:06:46.640486Z", "fetched_at": "2025-07-13T14:10:49.083640+00:00", "symbol": "DOGE-USD"}, {"trade_id": 138814229, "side": "sell", "size": "5.50000000", "price": "0.20050000", "time": "2025-07-13T14:06:44.479306Z", "fetched_at": "2025-07-13T14:10:49.083640+00:00", "symbol": "DOGE-USD"}, {"trade_id": 138814228, "side": "sell", "size": "5.50000000", "price": "0.20048000", "time": "2025-07-13T14:06:41.999081Z", "fetched_at": "2025-07-13T14:10:49.083640+00:00", "symbol": "DOGE-USD"}, {"trade_id": 138814227, "side": "sell", "size": "37.20000000", "price": "0.20045000", "time": "2025-07-13T14:06:40.797034Z", "fetched_at": "2025-07-13T14:10:49.083640+00:00", "symbol": "DOGE-USD"}, {"trade_id": 138814226, "side": "sell", "size": "47.60000000", "price": "0.20044000", "time": "2025-07-13T14:06:40.797034Z", "fetched_at": "2025-07-13T14:10:49.083640+00:00", "symbol": "DOGE-USD"}, {"trade_id": 138814225, "side": "sell", "size": "4.90000000", "price": "0.20044000", "time": "2025-07-13T14:06:35.292647Z", "fetched_at": "2025-07-13T14:10:49.083640+00:00", "symbol": "DOGE-USD"}, {"trade_id": 138814224, "side": "sell", "size": "365.10000000", "price": "0.20044000", "time": "2025-07-13T14:06:33.223300Z", "fetched_at": "2025-07-13T14:10:49.083640+00:00", "symbol": "DOGE-USD"}, {"trade_id": 138814223, "side": "sell", "size": "37.30000000", "price": "0.20044000", "time": "2025-07-13T14:06:33.223300Z", "fetched_at": "2025-07-13T14:10:49.083640+00:00", "symbol": "DOGE-USD"}, {"trade_id": 138814222, "side": "buy", "size": "45.60000000", "price": "0.20043000", "time": "2025-07-13T14:06:32.397919Z", "fetched_at": "2025-07-13T14:10:49.083640+00:00", "symbol": "DOGE-USD"}, {"trade_id": 138814221, "side": "sell", "size": "1161.70000000", "price": "0.20043000", "time": "2025-07-13T14:06:31.621318Z", "fetched_at": "2025-07-13T14:10:49.083640+00:00", "symbol": "DOGE-USD"}, {"trade_id": 138814220, "side": "sell", "size": "1229.00000000", "price": "0.20043000", "time": "2025-07-13T14:06:31.621318Z", "fetched_at": "2025-07-13T14:10:49.083640+00:00", "symbol": "DOGE-USD"}, {"trade_id": 138814219, "side": "sell", "size": "434.10000000", "price": "0.20043000", "time": "2025-07-13T14:06:31.621318Z", "fetched_at": "2025-07-13T14:10:49.083640+00:00", "symbol": "DOGE-USD"}, {"trade_id": 138814218, "side": "sell", "size": "5.50000000", "price": "0.20046000", "time": "2025-07-13T14:06:28.950070Z", "fetched_at": "2025-07-13T14:10:49.083640+00:00", "symbol": "DOGE-USD"}, {"trade_id": 138814217, "side": "sell", "size": "1.50000000", "price": "0.20043000", "time": "2025-07-13T14:06:28.699907Z", "fetched_at": "2025-07-13T14:10:49.083640+00:00", "symbol": "DOGE-USD"}, {"trade_id": 138814216, "side": "buy", "size": "119.10000000", "price": "0.20041000", "time": "2025-07-13T14:06:25.075450Z", "fetched_at": "2025-07-13T14:10:49.083640+00:00", "symbol": "DOGE-USD"}, {"trade_id": 138814215, "side": "buy", "size": "14225.70000000", "price": "0.20041000", "time": "2025-07-13T14:06:20.881456Z", "fetched_at": "2025-07-13T14:10:49.083640+00:00", "symbol": "DOGE-USD"}, {"trade_id": 138814214, "side": "buy", "size": "28745.40000000", "price": "0.20041000", "time": "2025-07-13T14:06:20.879302Z", "fetched_at": "2025-07-13T14:10:49.083640+00:00", "symbol": "DOGE-USD"}, {"trade_id": 138814213, "side": "buy", "size": "5.50000000", "price": "0.20042000", "time": "2025-07-13T14:06:20.879302Z", "fetched_at": "2025-07-13T14:10:49.083640+00:00", "symbol": "DOGE-USD"}, {"trade_id": 138814212, "side": "sell", "size": "5.50000000", "price": "0.20046000", "time": "2025-07-13T14:06:14.094230Z", "fetched_at": "2025-07-13T14:10:49.083640+00:00", "symbol": "DOGE-USD"}, {"trade_id": 138814211, "side": "sell", "size": "47.60000000", "price": "0.20044000", "time": "2025-07-13T14:06:14.049273Z", "fetched_at": "2025-07-13T14:10:49.083640+00:00", "symbol": "DOGE-USD"}, {"trade_id": 138814210, "side": "buy", "size": "6614.40000000", "price": "0.20042000", "time": "2025-07-13T14:06:12.793852Z", "fetched_at": "2025-07-13T14:10:49.083640+00:00", "symbol": "DOGE-USD"}, {"trade_id": 138814209, "side": "buy", "size": "265.20000000", "price": "0.20043000", "time": "2025-07-13T14:06:10.449924Z", "fetched_at": "2025-07-13T14:10:49.083640+00:00", "symbol": "DOGE-USD"}, {"trade_id": 138814208, "side": "buy", "size": "1232.70000000", "price": "0.20043000", "time": "2025-07-13T14:06:10.449924Z", "fetched_at": "2025-07-13T14:10:49.083640+00:00", "symbol": "DOGE-USD"}, {"trade_id": 138814207, "side": "sell", "size": "3.30000000", "price": "0.20042000", "time": "2025-07-13T14:06:07.843470Z", "fetched_at": "2025-07-13T14:10:49.083640+00:00", "symbol": "DOGE-USD"}, {"trade_id": 138814206, "side": "buy", "size": "4884.80000000", "price": "0.20041000", "time": "2025-07-13T14:05:52.662392Z", "fetched_at": "2025-07-13T14:10:49.083640+00:00", "symbol": "DOGE-USD"}, {"trade_id": 138814205, "side": "buy", "size": "675.20000000", "price": "0.20042000", "time": "2025-07-13T14:05:49.879283Z", "fetched_at": "2025-07-13T14:10:49.083640+00:00", "symbol": "DOGE-USD"}, {"trade_id": 138814204, "side": "buy", "size": "5.50000000", "price": "0.20042000", "time": "2025-07-13T14:05:49.879283Z", "fetched_at": "2025-07-13T14:10:49.083640+00:00", "symbol": "DOGE-USD"}, {"trade_id": 138814203, "side": "buy", "size": "5.50000000", "price": "0.20044000", "time": "2025-07-13T14:05:47.166970Z", "fetched_at": "2025-07-13T14:10:49.083640+00:00", "symbol": "DOGE-USD"}, {"trade_id": 138814202, "side": "buy", "size": "5.50000000", "price": "0.20046000", "time": "2025-07-13T14:05:45.090948Z", "fetched_at": "2025-07-13T14:10:49.083640+00:00", "symbol": "DOGE-USD"}, {"trade_id": 138814201, "side": "buy", "size": "5.50000000", "price": "0.20048000", "time": "2025-07-13T14:05:40.403291Z", "fetched_at": "2025-07-13T14:10:49.083640+00:00", "symbol": "DOGE-USD"}, {"trade_id": 138814200, "side": "buy", "size": "5.50000000", "price": "0.20050000", "time": "2025-07-13T14:05:39.080268Z", "fetched_at": "2025-07-13T14:10:49.083640+00:00", "symbol": "DOGE-USD"}, {"trade_id": 138814199, "side": "sell", "size": "250.00000000", "price": "0.20051000", "time": "2025-07-13T14:05:39.057220Z", "fetched_at": "2025-07-13T14:10:49.083640+00:00", "symbol": "DOGE-USD"}, {"trade_id": 138814198, "side": "buy", "size": "54.80000000", "price": "0.20052000", "time": "2025-07-13T14:05:37.173654Z", "fetched_at": "2025-07-13T14:10:49.083640+00:00", "symbol": "DOGE-USD"}, {"trade_id": 138814197, "side": "buy", "size": "5.50000000", "price": "0.20052000", "time": "2025-07-13T14:05:37.173654Z", "fetched_at": "2025-07-13T14:10:49.083640+00:00", "symbol": "DOGE-USD"}, {"trade_id": 138814196, "side": "buy", "size": "30.80000000", "price": "0.20053000", "time": "2025-07-13T14:05:37.173654Z", "fetched_at": "2025-07-13T14:10:49.083640+00:00", "symbol": "DOGE-USD"}, {"trade_id": 138814195, "side": "buy", "size": "5.50000000", "price": "0.20054000", "time": "2025-07-13T14:05:37.173654Z", "fetched_at": "2025-07-13T14:10:49.083640+00:00", "symbol": "DOGE-USD"}, {"trade_id": 138814194, "side": "sell", "size": "35.50000000", "price": "0.20056000", "time": "2025-07-13T14:05:33.844862Z", "fetched_at": "2025-07-13T14:10:49.083640+00:00", "symbol": "DOGE-USD"}, {"trade_id": 138814193, "side": "sell", "size": "35.50000000", "price": "0.20056000", "time": "2025-07-13T14:05:33.831298Z", "fetched_at": "2025-07-13T14:10:49.083640+00:00", "symbol": "DOGE-USD"}, {"trade_id": 138814192, "side": "sell", "size": "36.40000000", "price": "0.20056000", "time": "2025-07-13T14:05:33.494446Z", "fetched_at": "2025-07-13T14:10:49.083640+00:00", "symbol": "DOGE-USD"}, {"trade_id": 138814191, "side": "sell", "size": "5.50000000", "price": "0.20060000", "time": "2025-07-13T14:05:27.831353Z", "fetched_at": "2025-07-13T14:10:49.083640+00:00", "symbol": "DOGE-USD"}, {"trade_id": 138814190, "side": "sell", "size": "48.10000000", "price": "0.20057000", "time": "2025-07-13T14:05:25.595440Z", "fetched_at": "2025-07-13T14:10:49.083640+00:00", "symbol": "DOGE-USD"}, {"trade_id": 138814189, "side": "sell", "size": "38.20000000", "price": "0.20061000", "time": "2025-07-13T14:05:21.716472Z", "fetched_at": "2025-07-13T14:10:49.083640+00:00", "symbol": "DOGE-USD"}, {"trade_id": 138814188, "side": "sell", "size": "0.40000000", "price": "0.20062000", "time": "2025-07-13T14:05:20.719665Z", "fetched_at": "2025-07-13T14:10:49.083640+00:00", "symbol": "DOGE-USD"}, {"trade_id": 138814187, "side": "sell", "size": "2.10000000", "price": "0.20062000", "time": "2025-07-13T14:05:20.150332Z", "fetched_at": "2025-07-13T14:10:49.083640+00:00", "symbol": "DOGE-USD"}, {"trade_id": 138814186, "side": "sell", "size": "5.50000000", "price": "0.20060000", "time": "2025-07-13T14:05:17.394829Z", "fetched_at": "2025-07-13T14:10:49.083640+00:00", "symbol": "DOGE-USD"}, {"trade_id": 138814185, "side": "sell", "size": "24.80000000", "price": "0.20055000", "time": "2025-07-13T14:05:13.276945Z", "fetched_at": "2025-07-13T14:10:49.083640+00:00", "symbol": "DOGE-USD"}, {"trade_id": 138814184, "side": "sell", "size": "5.50000000", "price": "0.20060000", "time": "2025-07-13T14:05:07.296716Z", "fetched_at": "2025-07-13T14:10:49.083640+00:00", "symbol": "DOGE-USD"}, {"trade_id": 138814183, "side": "sell", "size": "1900.30000000", "price": "0.20060000", "time": "2025-07-13T14:05:07.296716Z", "fetched_at": "2025-07-13T14:10:49.083640+00:00", "symbol": "DOGE-USD"}, {"trade_id": 138814182, "side": "sell", "size": "11054.30000000", "price": "0.20058000", "time": "2025-07-13T14:05:07.106001Z", "fetched_at": "2025-07-13T14:10:49.083640+00:00", "symbol": "DOGE-USD"}, {"trade_id": 138814181, "side": "sell", "size": "1391.60000000", "price": "0.20057000", "time": "2025-07-13T14:05:07.082287Z", "fetched_at": "2025-07-13T14:10:49.083640+00:00", "symbol": "DOGE-USD"}, {"trade_id": 138814180, "side": "sell", "size": "1379.70000000", "price": "0.20055000", "time": "2025-07-13T14:05:06.036486Z", "fetched_at": "2025-07-13T14:10:49.083640+00:00", "symbol": "DOGE-USD"}, {"trade_id": 138814179, "side": "sell", "size": "34.60000000", "price": "0.20057000", "time": "2025-07-13T14:05:04.313346Z", "fetched_at": "2025-07-13T14:10:49.083640+00:00", "symbol": "DOGE-USD"}, {"trade_id": 138814178, "side": "buy", "size": "498.40000000", "price": "0.20055000", "time": "2025-07-13T14:05:02.613647Z", "fetched_at": "2025-07-13T14:10:49.083640+00:00", "symbol": "DOGE-USD"}, {"trade_id": 138814177, "side": "sell", "size": "49.40000000", "price": "0.20056000", "time": "2025-07-13T14:04:57.978368Z", "fetched_at": "2025-07-13T14:10:49.083640+00:00", "symbol": "DOGE-USD"}, {"trade_id": 138814176, "side": "sell", "size": "30.50000000", "price": "0.20055000", "time": "2025-07-13T14:04:57.936157Z", "fetched_at": "2025-07-13T14:10:49.083640+00:00", "symbol": "DOGE-USD"}, {"trade_id": 138814175, "side": "sell", "size": "30.50000000", "price": "0.20062000", "time": "2025-07-13T14:04:54.311906Z", "fetched_at": "2025-07-13T14:10:49.083640+00:00", "symbol": "DOGE-USD"}, {"trade_id": 138814174, "side": "sell", "size": "5.50000000", "price": "0.20062000", "time": "2025-07-13T14:04:54.311906Z", "fetched_at": "2025-07-13T14:10:49.083640+00:00", "symbol": "DOGE-USD"}, {"trade_id": 138814173, "side": "sell", "size": "30.50000000", "price": "0.20060000", "time": "2025-07-13T14:04:54.276109Z", "fetched_at": "2025-07-13T14:10:49.083640+00:00", "symbol": "DOGE-USD"}, {"trade_id": 138814172, "side": "sell", "size": "5.50000000", "price": "0.20060000", "time": "2025-07-13T14:04:54.276109Z", "fetched_at": "2025-07-13T14:10:49.083640+00:00", "symbol": "DOGE-USD"}, {"trade_id": 138814171, "side": "buy", "size": "34.80000000", "price": "0.20059000", "time": "2025-07-13T14:04:54.268994Z", "fetched_at": "2025-07-13T14:10:49.083640+00:00", "symbol": "DOGE-USD"}, {"trade_id": 138814170, "side": "sell", "size": "5.50000000", "price": "0.20058000", "time": "2025-07-13T14:04:46.452048Z", "fetched_at": "2025-07-13T14:10:49.083640+00:00", "symbol": "DOGE-USD"}, {"trade_id": 138814169, "side": "sell", "size": "24.40000000", "price": "0.20056000", "time": "2025-07-13T14:04:46.344800Z", "fetched_at": "2025-07-13T14:10:49.083640+00:00", "symbol": "DOGE-USD"}, {"trade_id": 138814168, "side": "sell", "size": "5.50000000", "price": "0.20056000", "time": "2025-07-13T14:04:46.344800Z", "fetched_at": "2025-07-13T14:10:49.083640+00:00", "symbol": "DOGE-USD"}, {"trade_id": 138814167, "side": "sell", "size": "24.40000000", "price": "0.20055000", "time": "2025-07-13T14:04:46.303923Z", "fetched_at": "2025-07-13T14:10:49.083640+00:00", "symbol": "DOGE-USD"}, {"trade_id": 138814166, "side": "sell", "size": "5.50000000", "price": "0.20054000", "time": "2025-07-13T14:04:46.291833Z", "fetched_at": "2025-07-13T14:10:49.083640+00:00", "symbol": "DOGE-USD"}, {"trade_id": 138814165, "side": "sell", "size": "5.50000000", "price": "0.20052000", "time": "2025-07-13T14:04:43.787985Z", "fetched_at": "2025-07-13T14:10:49.083640+00:00", "symbol": "DOGE-USD"}, {"trade_id": 138814164, "side": "sell", "size": "26.30000000", "price": "0.20051000", "time": "2025-07-13T14:04:43.776560Z", "fetched_at": "2025-07-13T14:10:49.083640+00:00", "symbol": "DOGE-USD"}, {"trade_id": 138814163, "side": "sell", "size": "5.50000000", "price": "0.20050000", "time": "2025-07-13T14:04:43.760469Z", "fetched_at": "2025-07-13T14:10:49.083640+00:00", "symbol": "DOGE-USD"}, {"trade_id": 138814162, "side": "sell", "size": "5.50000000", "price": "0.20048000", "time": "2025-07-13T14:04:42.759606Z", "fetched_at": "2025-07-13T14:10:49.083640+00:00", "symbol": "DOGE-USD"}, {"trade_id": 138814161, "side": "sell", "size": "5.50000000", "price": "0.20046000", "time": "2025-07-13T14:04:42.701023Z", "fetched_at": "2025-07-13T14:10:49.083640+00:00", "symbol": "DOGE-USD"}, {"trade_id": 138814160, "side": "sell", "size": "5.50000000", "price": "0.20044000", "time": "2025-07-13T14:04:42.638423Z", "fetched_at": "2025-07-13T14:10:49.083640+00:00", "symbol": "DOGE-USD"}, {"trade_id": 138814159, "side": "sell", "size": "1234.80000000", "price": "0.20041000", "time": "2025-07-13T14:04:41.583615Z", "fetched_at": "2025-07-13T14:10:49.083640+00:00", "symbol": "DOGE-USD"}, {"trade_id": 138814158, "side": "sell", "size": "1189.30000000", "price": "0.20040000", "time": "2025-07-13T14:04:41.583615Z", "fetched_at": "2025-07-13T14:10:49.083640+00:00", "symbol": "DOGE-USD"}, {"trade_id": 138814157, "side": "sell", "size": "17.70000000", "price": "0.20044000", "time": "2025-07-13T14:04:35.915735Z", "fetched_at": "2025-07-13T14:10:49.083640+00:00", "symbol": "DOGE-USD"}, {"trade_id": 138814156, "side": "sell", "size": "1037.10000000", "price": "0.20044000", "time": "2025-07-13T14:04:35.762336Z", "fetched_at": "2025-07-13T14:10:49.083640+00:00", "symbol": "DOGE-USD"}, {"trade_id": 138814155, "side": "sell", "size": "2516.20000000", "price": "0.20044000", "time": "2025-07-13T14:04:35.739461Z", "fetched_at": "2025-07-13T14:10:49.083640+00:00", "symbol": "DOGE-USD"}, {"trade_id": 138814154, "side": "sell", "size": "3581.60000000", "price": "0.20044000", "time": "2025-07-13T14:04:35.729523Z", "fetched_at": "2025-07-13T14:10:49.083640+00:00", "symbol": "DOGE-USD"}, {"trade_id": 138814153, "side": "sell", "size": "9657.60000000", "price": "0.20044000", "time": "2025-07-13T14:04:35.718787Z", "fetched_at": "2025-07-13T14:10:49.083640+00:00", "symbol": "DOGE-USD"}, {"trade_id": 138814152, "side": "sell", "size": "1146.90000000", "price": "0.20044000", "time": "2025-07-13T14:04:35.704165Z", "fetched_at": "2025-07-13T14:10:49.083640+00:00", "symbol": "DOGE-USD"}, {"trade_id": 138814151, "side": "sell", "size": "10771.90000000", "price": "0.20043000", "time": "2025-07-13T14:04:35.692550Z", "fetched_at": "2025-07-13T14:10:49.083640+00:00", "symbol": "DOGE-USD"}, {"trade_id": 138814150, "side": "sell", "size": "18.50000000", "price": "0.20042000", "time": "2025-07-13T14:04:35.692550Z", "fetched_at": "2025-07-13T14:10:49.083640+00:00", "symbol": "DOGE-USD"}, {"trade_id": 138814149, "side": "sell", "size": "18.50000000", "price": "0.20042000", "time": "2025-07-13T14:04:35.681171Z", "fetched_at": "2025-07-13T14:10:49.083640+00:00", "symbol": "DOGE-USD"}, {"trade_id": 138814148, "side": "sell", "size": "727.00000000", "price": "0.20041000", "time": "2025-07-13T14:04:35.508869Z", "fetched_at": "2025-07-13T14:10:49.083640+00:00", "symbol": "DOGE-USD"}, {"trade_id": 138814147, "side": "buy", "size": "45.10000000", "price": "0.20042000", "time": "2025-07-13T14:04:34.461904Z", "fetched_at": "2025-07-13T14:10:49.083640+00:00", "symbol": "DOGE-USD"}, {"trade_id": 138814146, "side": "sell", "size": "24.20000000", "price": "0.20044000", "time": "2025-07-13T14:04:31.986824Z", "fetched_at": "2025-07-13T14:10:49.083640+00:00", "symbol": "DOGE-USD"}, {"trade_id": 138814145, "side": "buy", "size": "298.00000000", "price": "0.20040000", "time": "2025-07-13T14:04:31.291757Z", "fetched_at": "2025-07-13T14:10:49.083640+00:00", "symbol": "DOGE-USD"}, {"trade_id": 138814144, "side": "buy", "size": "5.50000000", "price": "0.20040000", "time": "2025-07-13T14:04:31.291757Z", "fetched_at": "2025-07-13T14:10:49.083640+00:00", "symbol": "DOGE-USD"}, {"trade_id": 138814143, "side": "buy", "size": "1319.10000000", "price": "0.20041000", "time": "2025-07-13T14:04:31.291757Z", "fetched_at": "2025-07-13T14:10:49.083640+00:00", "symbol": "DOGE-USD"}, {"trade_id": 138814142, "side": "buy", "size": "47.40000000", "price": "0.20042000", "time": "2025-07-13T14:04:31.291757Z", "fetched_at": "2025-07-13T14:10:49.083640+00:00", "symbol": "DOGE-USD"}, {"trade_id": 138814141, "side": "buy", "size": "5.50000000", "price": "0.20042000", "time": "2025-07-13T14:04:31.291757Z", "fetched_at": "2025-07-13T14:10:49.083640+00:00", "symbol": "DOGE-USD"}, {"trade_id": 138814140, "side": "buy", "size": "10.10000000", "price": "0.20043000", "time": "2025-07-13T14:04:27.072301Z", "fetched_at": "2025-07-13T14:10:49.083640+00:00", "symbol": "DOGE-USD"}, {"trade_id": 138814139, "side": "buy", "size": "473.30000000", "price": "0.20043000", "time": "2025-07-13T14:04:26.760513Z", "fetched_at": "2025-07-13T14:10:49.083640+00:00", "symbol": "DOGE-USD"}, {"trade_id": 138814138, "side": "buy", "size": "47.40000000", "price": "0.20044000", "time": "2025-07-13T14:04:26.760513Z", "fetched_at": "2025-07-13T14:10:49.083640+00:00", "symbol": "DOGE-USD"}, {"trade_id": 138814137, "side": "buy", "size": "3275.30000000", "price": "0.20044000", "time": "2025-07-13T14:04:20.634249Z", "fetched_at": "2025-07-13T14:10:49.083640+00:00", "symbol": "DOGE-USD"}, {"trade_id": 138814136, "side": "buy", "size": "2500.00000000", "price": "0.20044000", "time": "2025-07-13T14:04:20.634249Z", "fetched_at": "2025-07-13T14:10:49.083640+00:00", "symbol": "DOGE-USD"}, {"trade_id": 138814135, "side": "buy", "size": "2250.00000000", "price": "0.20044000", "time": "2025-07-13T14:04:20.634249Z", "fetched_at": "2025-07-13T14:10:49.083640+00:00", "symbol": "DOGE-USD"}, {"trade_id": 138814134, "side": "buy", "size": "6144.20000000", "price": "0.20044000", "time": "2025-07-13T14:04:20.634249Z", "fetched_at": "2025-07-13T14:10:49.083640+00:00", "symbol": "DOGE-USD"}, {"trade_id": 138814133, "side": "buy", "size": "3000.00000000", "price": "0.20044000", "time": "2025-07-13T14:04:20.634249Z", "fetched_at": "2025-07-13T14:10:49.083640+00:00", "symbol": "DOGE-USD"}, {"trade_id": 138814132, "side": "buy", "size": "769.50000000", "price": "0.20044000", "time": "2025-07-13T14:04:20.634249Z", "fetched_at": "2025-07-13T14:10:49.083640+00:00", "symbol": "DOGE-USD"}, {"trade_id": 138814131, "side": "buy", "size": "5.50000000", "price": "0.20044000", "time": "2025-07-13T14:04:20.634249Z", "fetched_at": "2025-07-13T14:10:49.083640+00:00", "symbol": "DOGE-USD"}, {"trade_id": 138814130, "side": "buy", "size": "3819.40000000", "price": "0.20045000", "time": "2025-07-13T14:04:20.634249Z", "fetched_at": "2025-07-13T14:10:49.083640+00:00", "symbol": "DOGE-USD"}, {"trade_id": 138814129, "side": "buy", "size": "4151.50000000", "price": "0.20045000", "time": "2025-07-13T14:04:20.634249Z", "fetched_at": "2025-07-13T14:10:49.083640+00:00", "symbol": "DOGE-USD"}, {"trade_id": 138814128, "side": "buy", "size": "17936.00000000", "price": "0.20045000", "time": "2025-07-13T14:04:20.634249Z", "fetched_at": "2025-07-13T14:10:49.083640+00:00", "symbol": "DOGE-USD"}, {"trade_id": 138814127, "side": "buy", "size": "2500.00000000", "price": "0.20046000", "time": "2025-07-13T14:04:20.634249Z", "fetched_at": "2025-07-13T14:10:49.083640+00:00", "symbol": "DOGE-USD"}, {"trade_id": 138814126, "side": "buy", "size": "3816.90000000", "price": "0.20046000", "time": "2025-07-13T14:04:20.634249Z", "fetched_at": "2025-07-13T14:10:49.083640+00:00", "symbol": "DOGE-USD"}, {"trade_id": 138814125, "side": "buy", "size": "6149.20000000", "price": "0.20046000", "time": "2025-07-13T14:04:20.634249Z", "fetched_at": "2025-07-13T14:10:49.083640+00:00", "symbol": "DOGE-USD"}, {"trade_id": 138814124, "side": "buy", "size": "10761.60000000", "price": "0.20046000", "time": "2025-07-13T14:04:20.634249Z", "fetched_at": "2025-07-13T14:10:49.083640+00:00", "symbol": "DOGE-USD"}, {"trade_id": 138814123, "side": "buy", "size": "3986.40000000", "price": "0.20046000", "time": "2025-07-13T14:04:20.634249Z", "fetched_at": "2025-07-13T14:10:49.083640+00:00", "symbol": "DOGE-USD"}, {"trade_id": 138814122, "side": "buy", "size": "5.50000000", "price": "0.20046000", "time": "2025-07-13T14:04:20.634249Z", "fetched_at": "2025-07-13T14:10:49.083640+00:00", "symbol": "DOGE-USD"}, {"trade_id": 138814121, "side": "buy", "size": "5000.00000000", "price": "0.20047000", "time": "2025-07-13T14:04:20.634249Z", "fetched_at": "2025-07-13T14:10:49.083640+00:00", "symbol": "DOGE-USD"}, {"trade_id": 138814120, "side": "buy", "size": "15.90000000", "price": "0.20048000", "time": "2025-07-13T14:04:20.634249Z", "fetched_at": "2025-07-13T14:10:49.083640+00:00", "symbol": "DOGE-USD"}, {"trade_id": 138814119, "side": "buy", "size": "1324.20000000", "price": "0.20048000", "time": "2025-07-13T14:04:20.634249Z", "fetched_at": "2025-07-13T14:10:49.083640+00:00", "symbol": "DOGE-USD"}, {"trade_id": 138814118, "side": "buy", "size": "5.50000000", "price": "0.20048000", "time": "2025-07-13T14:04:20.634249Z", "fetched_at": "2025-07-13T14:10:49.083640+00:00", "symbol": "DOGE-USD"}, {"trade_id": 138814117, "side": "buy", "size": "1298.10000000", "price": "0.20049000", "time": "2025-07-13T14:04:20.634249Z", "fetched_at": "2025-07-13T14:10:49.083640+00:00", "symbol": "DOGE-USD"}, {"trade_id": 138814116, "side": "buy", "size": "1230.90000000", "price": "0.20049000", "time": "2025-07-13T14:04:20.634249Z", "fetched_at": "2025-07-13T14:10:49.083640+00:00", "symbol": "DOGE-USD"}, {"trade_id": 138814115, "side": "sell", "size": "39.30000000", "price": "0.20049000", "time": "2025-07-13T14:04:14.541960Z", "fetched_at": "2025-07-13T14:10:49.083640+00:00", "symbol": "DOGE-USD"}, {"trade_id": 138814114, "side": "buy", "size": "5316.70000000", "price": "0.20048000", "time": "2025-07-13T14:04:11.250306Z", "fetched_at": "2025-07-13T14:10:49.083640+00:00", "symbol": "DOGE-USD"}, {"trade_id": 138814113, "side": "buy", "size": "5.50000000", "price": "0.20048000", "time": "2025-07-13T14:04:11.250306Z", "fetched_at": "2025-07-13T14:10:49.083640+00:00", "symbol": "DOGE-USD"}, {"trade_id": 138814112, "side": "buy", "size": "5.50000000", "price": "0.20050000", "time": "2025-07-13T14:04:11.250306Z", "fetched_at": "2025-07-13T14:10:49.083640+00:00", "symbol": "DOGE-USD"}, {"trade_id": 138814111, "side": "buy", "size": "2.40000000", "price": "0.20052000", "time": "2025-07-13T14:04:10.999027Z", "fetched_at": "2025-07-13T14:10:49.083640+00:00", "symbol": "DOGE-USD"}, {"trade_id": 138814110, "side": "sell", "size": "118.20000000", "price": "0.20059000", "time": "2025-07-13T14:04:07.082597Z", "fetched_at": "2025-07-13T14:10:49.083640+00:00", "symbol": "DOGE-USD"}, {"trade_id": 138814109, "side": "sell", "size": "19.80000000", "price": "0.20056000", "time": "2025-07-13T14:04:06.607451Z", "fetched_at": "2025-07-13T14:10:49.083640+00:00", "symbol": "DOGE-USD"}, {"trade_id": 138814108, "side": "buy", "size": "91.60000000", "price": "0.20054000", "time": "2025-07-13T14:04:04.354460Z", "fetched_at": "2025-07-13T14:10:49.083640+00:00", "symbol": "DOGE-USD"}, {"trade_id": 138814107, "side": "buy", "size": "5.50000000", "price": "0.20054000", "time": "2025-07-13T14:04:04.354460Z", "fetched_at": "2025-07-13T14:10:49.083640+00:00", "symbol": "DOGE-USD"}, {"trade_id": 138814106, "side": "buy", "size": "47.40000000", "price": "0.20055000", "time": "2025-07-13T14:04:04.354460Z", "fetched_at": "2025-07-13T14:10:49.083640+00:00", "symbol": "DOGE-USD"}, {"trade_id": 138814105, "side": "buy", "size": "5.50000000", "price": "0.20056000", "time": "2025-07-13T14:04:04.354460Z", "fetched_at": "2025-07-13T14:10:49.083640+00:00", "symbol": "DOGE-USD"}, {"trade_id": 138814104, "side": "sell", "size": "9.50000000", "price": "0.20057000", "time": "2025-07-13T14:04:03.074487Z", "fetched_at": "2025-07-13T14:10:49.083640+00:00", "symbol": "DOGE-USD"}, {"trade_id": 138814103, "side": "sell", "size": "246.80000000", "price": "0.20057000", "time": "2025-07-13T14:04:02.155249Z", "fetched_at": "2025-07-13T14:10:49.083640+00:00", "symbol": "DOGE-USD"}, {"trade_id": 138814102, "side": "buy", "size": "5.50000000", "price": "0.20058000", "time": "2025-07-13T14:04:01.316567Z", "fetched_at": "2025-07-13T14:10:49.083640+00:00", "symbol": "DOGE-USD"}, {"trade_id": 138814101, "side": "sell", "size": "1230.00000000", "price": "0.20062000", "time": "2025-07-13T14:04:00.165756Z", "fetched_at": "2025-07-13T14:10:49.083640+00:00", "symbol": "DOGE-USD"}, {"trade_id": 138814100, "side": "sell", "size": "1190.70000000", "price": "0.20062000", "time": "2025-07-13T14:04:00.165756Z", "fetched_at": "2025-07-13T14:10:49.083640+00:00", "symbol": "DOGE-USD"}, {"trade_id": 138814099, "side": "sell", "size": "483.90000000", "price": "0.20063000", "time": "2025-07-13T14:03:56.355780Z", "fetched_at": "2025-07-13T14:10:49.083640+00:00", "symbol": "DOGE-USD"}, {"trade_id": 138814098, "side": "sell", "size": "484.60000000", "price": "0.20063000", "time": "2025-07-13T14:03:56.108161Z", "fetched_at": "2025-07-13T14:10:49.083640+00:00", "symbol": "DOGE-USD"}, {"trade_id": 138814097, "side": "sell", "size": "5.50000000", "price": "0.20064000", "time": "2025-07-13T14:03:52.640682Z", "fetched_at": "2025-07-13T14:10:49.083640+00:00", "symbol": "DOGE-USD"}, {"trade_id": 138814096, "side": "sell", "size": "5.50000000", "price": "0.20062000", "time": "2025-07-13T14:03:52.556340Z", "fetched_at": "2025-07-13T14:10:49.083640+00:00", "symbol": "DOGE-USD"}, {"trade_id": 138814095, "side": "sell", "size": "5.50000000", "price": "0.20060000", "time": "2025-07-13T14:03:52.486157Z", "fetched_at": "2025-07-13T14:10:49.083640+00:00", "symbol": "DOGE-USD"}, {"trade_id": 138814094, "side": "sell", "size": "2992.10000000", "price": "0.20058000", "time": "2025-07-13T14:03:51.961339Z", "fetched_at": "2025-07-13T14:10:49.083640+00:00", "symbol": "DOGE-USD"}, {"trade_id": 138814093, "side": "sell", "size": "5.50000000", "price": "0.20058000", "time": "2025-07-13T14:03:51.961339Z", "fetched_at": "2025-07-13T14:10:49.083640+00:00", "symbol": "DOGE-USD"}, {"trade_id": 138814092, "side": "sell", "size": "1199.30000000", "price": "0.20055000", "time": "2025-07-13T14:03:51.034824Z", "fetched_at": "2025-07-13T14:10:49.083640+00:00", "symbol": "DOGE-USD"}, {"trade_id": 138814091, "side": "sell", "size": "41.70000000", "price": "0.20054000", "time": "2025-07-13T14:03:50.059912Z", "fetched_at": "2025-07-13T14:10:49.083640+00:00", "symbol": "DOGE-USD"}, {"trade_id": 138814090, "side": "sell", "size": "1319.20000000", "price": "0.20054000", "time": "2025-07-13T14:03:50.036782Z", "fetched_at": "2025-07-13T14:10:49.083640+00:00", "symbol": "DOGE-USD"}, {"trade_id": 138814089, "side": "sell", "size": "1214.10000000", "price": "0.20053000", "time": "2025-07-13T14:03:46.789178Z", "fetched_at": "2025-07-13T14:10:49.083640+00:00", "symbol": "DOGE-USD"}, {"trade_id": 138814088, "side": "buy", "size": "3.10000000", "price": "0.20052000", "time": "2025-07-13T14:03:44.034071Z", "fetched_at": "2025-07-13T14:10:49.083640+00:00", "symbol": "DOGE-USD"}, {"trade_id": 138814087, "side": "buy", "size": "47.40000000", "price": "0.20053000", "time": "2025-07-13T14:03:44.034071Z", "fetched_at": "2025-07-13T14:10:49.083640+00:00", "symbol": "DOGE-USD"}, {"trade_id": 138814086, "side": "buy", "size": "183.00000000", "price": "0.20054000", "time": "2025-07-13T14:03:44.034071Z", "fetched_at": "2025-07-13T14:10:49.083640+00:00", "symbol": "DOGE-USD"}, {"trade_id": 138814085, "side": "sell", "size": "7191.10000000", "price": "0.20056000", "time": "2025-07-13T14:03:42.106968Z", "fetched_at": "2025-07-13T14:10:49.083640+00:00", "symbol": "DOGE-USD"}, {"trade_id": 138814084, "side": "sell", "size": "56.10000000", "price": "0.20054000", "time": "2025-07-13T14:03:36.024517Z", "fetched_at": "2025-07-13T14:10:49.083640+00:00", "symbol": "DOGE-USD"}, {"trade_id": 138814083, "side": "sell", "size": "183.00000000", "price": "0.20053000", "time": "2025-07-13T14:03:36.024517Z", "fetched_at": "2025-07-13T14:10:49.083640+00:00", "symbol": "DOGE-USD"}, {"trade_id": 138814082, "side": "sell", "size": "1241.80000000", "price": "0.20053000", "time": "2025-07-13T14:03:36.024517Z", "fetched_at": "2025-07-13T14:10:49.083640+00:00", "symbol": "DOGE-USD"}, {"trade_id": 138814081, "side": "sell", "size": "1337.70000000", "price": "0.20054000", "time": "2025-07-13T14:03:30.257850Z", "fetched_at": "2025-07-13T14:10:49.083640+00:00", "symbol": "DOGE-USD"}, {"trade_id": 138814080, "side": "sell", "size": "1285.10000000", "price": "0.20053000", "time": "2025-07-13T14:03:30.247192Z", "fetched_at": "2025-07-13T14:10:49.083640+00:00", "symbol": "DOGE-USD"}, {"trade_id": 138814079, "side": "sell", "size": "1299.10000000", "price": "0.20054000", "time": "2025-07-13T14:03:29.764974Z", "fetched_at": "2025-07-13T14:10:49.083640+00:00", "symbol": "DOGE-USD"}, {"trade_id": 138814078, "side": "sell", "size": "47.40000000", "price": "0.20054000", "time": "2025-07-13T14:03:29.728571Z", "fetched_at": "2025-07-13T14:10:49.083640+00:00", "symbol": "DOGE-USD"}, {"trade_id": 138814077, "side": "buy", "size": "91.50000000", "price": "0.20054000", "time": "2025-07-13T14:03:28.313545Z", "fetched_at": "2025-07-13T14:10:49.083640+00:00", "symbol": "DOGE-USD"}, {"trade_id": 138814076, "side": "buy", "size": "47.40000000", "price": "0.20055000", "time": "2025-07-13T14:03:28.313545Z", "fetched_at": "2025-07-13T14:10:49.083640+00:00", "symbol": "DOGE-USD"}, {"trade_id": 138814075, "side": "sell", "size": "47.40000000", "price": "0.20057000", "time": "2025-07-13T14:03:26.472627Z", "fetched_at": "2025-07-13T14:10:49.083640+00:00", "symbol": "DOGE-USD"}, {"trade_id": 138814074, "side": "sell", "size": "47.40000000", "price": "0.20057000", "time": "2025-07-13T14:03:26.416045Z", "fetched_at": "2025-07-13T14:10:49.083640+00:00", "symbol": "DOGE-USD"}, {"trade_id": 138814073, "side": "sell", "size": "47.40000000", "price": "0.20057000", "time": "2025-07-13T14:03:26.389415Z", "fetched_at": "2025-07-13T14:10:49.083640+00:00", "symbol": "DOGE-USD"}, {"trade_id": 138814072, "side": "sell", "size": "5.50000000", "price": "0.20056000", "time": "2025-07-13T14:03:25.741671Z", "fetched_at": "2025-07-13T14:10:49.083640+00:00", "symbol": "DOGE-USD"}, {"trade_id": 138814071, "side": "sell", "size": "47.40000000", "price": "0.20054000", "time": "2025-07-13T14:03:24.819935Z", "fetched_at": "2025-07-13T14:10:49.083640+00:00", "symbol": "DOGE-USD"}, {"trade_id": 138814070, "side": "sell", "size": "47.40000000", "price": "0.20054000", "time": "2025-07-13T14:03:24.809387Z", "fetched_at": "2025-07-13T14:10:49.083640+00:00", "symbol": "DOGE-USD"}, {"trade_id": 138814069, "side": "sell", "size": "47.40000000", "price": "0.20054000", "time": "2025-07-13T14:03:24.797934Z", "fetched_at": "2025-07-13T14:10:49.083640+00:00", "symbol": "DOGE-USD"}, {"trade_id": 138814068, "side": "sell", "size": "1.90000000", "price": "0.20055000", "time": "2025-07-13T14:03:24.788732Z", "fetched_at": "2025-07-13T14:10:49.083640+00:00", "symbol": "DOGE-USD"}, {"trade_id": 138814067, "side": "sell", "size": "47.40000000", "price": "0.20054000", "time": "2025-07-13T14:03:24.788732Z", "fetched_at": "2025-07-13T14:10:49.083640+00:00", "symbol": "DOGE-USD"}, {"trade_id": 138814066, "side": "sell", "size": "1179.20000000", "price": "0.20052000", "time": "2025-07-13T14:03:24.775717Z", "fetched_at": "2025-07-13T14:10:49.083640+00:00", "symbol": "DOGE-USD"}, {"trade_id": 138814065, "side": "sell", "size": "1378.10000000", "price": "0.20051000", "time": "2025-07-13T14:03:24.586665Z", "fetched_at": "2025-07-13T14:10:49.083640+00:00", "symbol": "DOGE-USD"}, {"trade_id": 138814064, "side": "sell", "size": "1163.40000000", "price": "0.20051000", "time": "2025-07-13T14:03:23.877082Z", "fetched_at": "2025-07-13T14:10:49.083640+00:00", "symbol": "DOGE-USD"}, {"trade_id": 138814063, "side": "sell", "size": "5.50000000", "price": "0.20056000", "time": "2025-07-13T14:03:20.631912Z", "fetched_at": "2025-07-13T14:10:49.083640+00:00", "symbol": "DOGE-USD"}, {"trade_id": 138814062, "side": "buy", "size": "86.90000000", "price": "0.20055000", "time": "2025-07-13T14:03:20.540416Z", "fetched_at": "2025-07-13T14:10:49.083640+00:00", "symbol": "DOGE-USD"}, {"trade_id": 138814061, "side": "sell", "size": "5.50000000", "price": "0.20054000", "time": "2025-07-13T14:03:20.499667Z", "fetched_at": "2025-07-13T14:10:49.083640+00:00", "symbol": "DOGE-USD"}, {"trade_id": 138814060, "side": "sell", "size": "47.40000000", "price": "0.20053000", "time": "2025-07-13T14:03:20.359267Z", "fetched_at": "2025-07-13T14:10:49.083640+00:00", "symbol": "DOGE-USD"}, {"trade_id": 138814059, "side": "sell", "size": "47.40000000", "price": "0.20053000", "time": "2025-07-13T14:03:20.334002Z", "fetched_at": "2025-07-13T14:10:49.083640+00:00", "symbol": "DOGE-USD"}, {"trade_id": 138814058, "side": "sell", "size": "47.40000000", "price": "0.20053000", "time": "2025-07-13T14:03:20.308223Z", "fetched_at": "2025-07-13T14:10:49.083640+00:00", "symbol": "DOGE-USD"}, {"trade_id": 138814057, "side": "sell", "size": "1.70000000", "price": "0.20052000", "time": "2025-07-13T14:03:19.894226Z", "fetched_at": "2025-07-13T14:10:49.083640+00:00", "symbol": "DOGE-USD"}, {"trade_id": 138814056, "side": "sell", "size": "47.40000000", "price": "0.20051000", "time": "2025-07-13T14:03:19.718135Z", "fetched_at": "2025-07-13T14:10:49.083640+00:00", "symbol": "DOGE-USD"}, {"trade_id": 138814055, "side": "sell", "size": "47.40000000", "price": "0.20051000", "time": "2025-07-13T14:03:19.692883Z", "fetched_at": "2025-07-13T14:10:49.083640+00:00", "symbol": "DOGE-USD"}, {"trade_id": 138814054, "side": "sell", "size": "47.40000000", "price": "0.20051000", "time": "2025-07-13T14:03:19.395931Z", "fetched_at": "2025-07-13T14:10:49.083640+00:00", "symbol": "DOGE-USD"}, {"trade_id": 138814053, "side": "sell", "size": "47.40000000", "price": "0.20051000", "time": "2025-07-13T14:03:19.255390Z", "fetched_at": "2025-07-13T14:10:49.083640+00:00", "symbol": "DOGE-USD"}, {"trade_id": 138814052, "side": "sell", "size": "1384.90000000", "price": "0.20051000", "time": "2025-07-13T14:03:18.871656Z", "fetched_at": "2025-07-13T14:10:49.083640+00:00", "symbol": "DOGE-USD"}, {"trade_id": 138814051, "side": "sell", "size": "47.40000000", "price": "0.20051000", "time": "2025-07-13T14:03:18.736315Z", "fetched_at": "2025-07-13T14:10:49.083640+00:00", "symbol": "DOGE-USD"}, {"trade_id": 138814050, "side": "sell", "size": "47.40000000", "price": "0.20051000", "time": "2025-07-13T14:03:18.710040Z", "fetched_at": "2025-07-13T14:10:49.083640+00:00", "symbol": "DOGE-USD"}, {"trade_id": 138814049, "side": "sell", "size": "47.40000000", "price": "0.20051000", "time": "2025-07-13T14:03:18.685881Z", "fetched_at": "2025-07-13T14:10:49.083640+00:00", "symbol": "DOGE-USD"}, {"trade_id": 138814048, "side": "sell", "size": "47.40000000", "price": "0.20051000", "time": "2025-07-13T14:03:18.659514Z", "fetched_at": "2025-07-13T14:10:49.083640+00:00", "symbol": "DOGE-USD"}, {"trade_id": 138814047, "side": "sell", "size": "47.40000000", "price": "0.20051000", "time": "2025-07-13T14:03:18.634369Z", "fetched_at": "2025-07-13T14:10:49.083640+00:00", "symbol": "DOGE-USD"}, {"trade_id": 138814046, "side": "sell", "size": "47.40000000", "price": "0.20051000", "time": "2025-07-13T14:03:18.608641Z", "fetched_at": "2025-07-13T14:10:49.083640+00:00", "symbol": "DOGE-USD"}, {"trade_id": 138814045, "side": "sell", "size": "47.40000000", "price": "0.20051000", "time": "2025-07-13T14:03:18.596855Z", "fetched_at": "2025-07-13T14:10:49.083640+00:00", "symbol": "DOGE-USD"}, {"trade_id": 138814044, "side": "sell", "size": "47.40000000", "price": "0.20051000", "time": "2025-07-13T14:03:18.569767Z", "fetched_at": "2025-07-13T14:10:49.083640+00:00", "symbol": "DOGE-USD"}, {"trade_id": 138814043, "side": "sell", "size": "47.40000000", "price": "0.20051000", "time": "2025-07-13T14:03:18.545052Z", "fetched_at": "2025-07-13T14:10:49.083640+00:00", "symbol": "DOGE-USD"}, {"trade_id": 138814042, "side": "sell", "size": "47.40000000", "price": "0.20051000", "time": "2025-07-13T14:03:18.532899Z", "fetched_at": "2025-07-13T14:10:49.083640+00:00", "symbol": "DOGE-USD"}, {"trade_id": 138814041, "side": "sell", "size": "47.40000000", "price": "0.20052000", "time": "2025-07-13T14:03:18.191927Z", "fetched_at": "2025-07-13T14:10:49.083640+00:00", "symbol": "DOGE-USD"}, {"trade_id": 138814040, "side": "sell", "size": "47.40000000", "price": "0.20051000", "time": "2025-07-13T14:03:17.608317Z", "fetched_at": "2025-07-13T14:10:49.083640+00:00", "symbol": "DOGE-USD"}, {"trade_id": 138814039, "side": "sell", "size": "47.40000000", "price": "0.20051000", "time": "2025-07-13T14:03:17.583451Z", "fetched_at": "2025-07-13T14:10:49.083640+00:00", "symbol": "DOGE-USD"}, {"trade_id": 138814038, "side": "sell", "size": "47.40000000", "price": "0.20051000", "time": "2025-07-13T14:03:17.438206Z", "fetched_at": "2025-07-13T14:10:49.083640+00:00", "symbol": "DOGE-USD"}, {"trade_id": 138814037, "side": "sell", "size": "47.40000000", "price": "0.20051000", "time": "2025-07-13T14:03:17.413939Z", "fetched_at": "2025-07-13T14:10:49.083640+00:00", "symbol": "DOGE-USD"}, {"trade_id": 138814036, "side": "sell", "size": "47.40000000", "price": "0.20051000", "time": "2025-07-13T14:03:17.399859Z", "fetched_at": "2025-07-13T14:10:49.083640+00:00", "symbol": "DOGE-USD"}, {"trade_id": 138814035, "side": "sell", "size": "47.40000000", "price": "0.20051000", "time": "2025-07-13T14:03:17.368383Z", "fetched_at": "2025-07-13T14:10:49.083640+00:00", "symbol": "DOGE-USD"}, {"trade_id": 138814034, "side": "sell", "size": "47.40000000", "price": "0.20051000", "time": "2025-07-13T14:03:17.342244Z", "fetched_at": "2025-07-13T14:10:49.083640+00:00", "symbol": "DOGE-USD"}, {"trade_id": 138814033, "side": "sell", "size": "47.40000000", "price": "0.20051000", "time": "2025-07-13T14:03:17.268444Z", "fetched_at": "2025-07-13T14:10:49.083640+00:00", "symbol": "DOGE-USD"}, {"trade_id": 138814032, "side": "sell", "size": "47.40000000", "price": "0.20051000", "time": "2025-07-13T14:03:17.241517Z", "fetched_at": "2025-07-13T14:10:49.083640+00:00", "symbol": "DOGE-USD"}, {"trade_id": 138814031, "side": "sell", "size": "47.40000000", "price": "0.20051000", "time": "2025-07-13T14:03:17.215361Z", "fetched_at": "2025-07-13T14:10:49.083640+00:00", "symbol": "DOGE-USD"}, {"trade_id": 138814030, "side": "sell", "size": "47.40000000", "price": "0.20051000", "time": "2025-07-13T14:03:17.188368Z", "fetched_at": "2025-07-13T14:10:49.083640+00:00", "symbol": "DOGE-USD"}, {"trade_id": 138814029, "side": "sell", "size": "47.40000000", "price": "0.20052000", "time": "2025-07-13T14:03:17.069003Z", "fetched_at": "2025-07-13T14:10:49.083640+00:00", "symbol": "DOGE-USD"}, {"trade_id": 138814028, "side": "sell", "size": "47.40000000", "price": "0.20052000", "time": "2025-07-13T14:03:17.041930Z", "fetched_at": "2025-07-13T14:10:49.083640+00:00", "symbol": "DOGE-USD"}, {"trade_id": 138814027, "side": "sell", "size": "47.40000000", "price": "0.20052000", "time": "2025-07-13T14:03:17.010661Z", "fetched_at": "2025-07-13T14:10:49.083640+00:00", "symbol": "DOGE-USD"}, {"trade_id": 138814026, "side": "sell", "size": "47.40000000", "price": "0.20052000", "time": "2025-07-13T14:03:16.951148Z", "fetched_at": "2025-07-13T14:10:49.083640+00:00", "symbol": "DOGE-USD"}, {"trade_id": 138814025, "side": "sell", "size": "47.40000000", "price": "0.20052000", "time": "2025-07-13T14:03:16.940081Z", "fetched_at": "2025-07-13T14:10:49.083640+00:00", "symbol": "DOGE-USD"}, {"trade_id": 138814024, "side": "sell", "size": "47.40000000", "price": "0.20052000", "time": "2025-07-13T14:03:16.865053Z", "fetched_at": "2025-07-13T14:10:49.083640+00:00", "symbol": "DOGE-USD"}, {"trade_id": 138814023, "side": "sell", "size": "47.40000000", "price": "0.20052000", "time": "2025-07-13T14:03:16.851382Z", "fetched_at": "2025-07-13T14:10:49.083640+00:00", "symbol": "DOGE-USD"}, {"trade_id": 138814022, "side": "sell", "size": "47.40000000", "price": "0.20052000", "time": "2025-07-13T14:03:16.792621Z", "fetched_at": "2025-07-13T14:10:49.083640+00:00", "symbol": "DOGE-USD"}, {"trade_id": 138814021, "side": "sell", "size": "47.40000000", "price": "0.20051000", "time": "2025-07-13T14:03:16.711270Z", "fetched_at": "2025-07-13T14:10:49.083640+00:00", "symbol": "DOGE-USD"}, {"trade_id": 138814020, "side": "sell", "size": "47.40000000", "price": "0.20051000", "time": "2025-07-13T14:03:16.096933Z", "fetched_at": "2025-07-13T14:10:49.083640+00:00", "symbol": "DOGE-USD"}, {"trade_id": 138814019, "side": "sell", "size": "47.40000000", "price": "0.20051000", "time": "2025-07-13T14:03:16.072737Z", "fetched_at": "2025-07-13T14:10:49.083640+00:00", "symbol": "DOGE-USD"}, {"trade_id": 138814018, "side": "sell", "size": "47.40000000", "price": "0.20051000", "time": "2025-07-13T14:03:16.045541Z", "fetched_at": "2025-07-13T14:10:49.083640+00:00", "symbol": "DOGE-USD"}, {"trade_id": 138814017, "side": "sell", "size": "1390.10000000", "price": "0.20051000", "time": "2025-07-13T14:03:15.875591Z", "fetched_at": "2025-07-13T14:10:49.083640+00:00", "symbol": "DOGE-USD"}, {"trade_id": 138814016, "side": "sell", "size": "47.40000000", "price": "0.20050000", "time": "2025-07-13T14:03:15.062313Z", "fetched_at": "2025-07-13T14:10:49.083640+00:00", "symbol": "DOGE-USD"}, {"trade_id": 138814015, "side": "sell", "size": "47.40000000", "price": "0.20050000", "time": "2025-07-13T14:03:14.819313Z", "fetched_at": "2025-07-13T14:10:49.083640+00:00", "symbol": "DOGE-USD"}, {"trade_id": 138814014, "side": "sell", "size": "1384.40000000", "price": "0.20050000", "time": "2025-07-13T14:03:14.794663Z", "fetched_at": "2025-07-13T14:10:49.083640+00:00", "symbol": "DOGE-USD"}, {"trade_id": 138814013, "side": "sell", "size": "25.40000000", "price": "0.20049000", "time": "2025-07-13T14:03:14.176406Z", "fetched_at": "2025-07-13T14:10:49.083640+00:00", "symbol": "DOGE-USD"}, {"trade_id": 138814012, "side": "sell", "size": "25.40000000", "price": "0.20049000", "time": "2025-07-13T14:03:14.155399Z", "fetched_at": "2025-07-13T14:10:49.083640+00:00", "symbol": "DOGE-USD"}, {"trade_id": 138814011, "side": "sell", "size": "25.40000000", "price": "0.20049000", "time": "2025-07-13T14:03:14.144782Z", "fetched_at": "2025-07-13T14:10:49.083640+00:00", "symbol": "DOGE-USD"}, {"trade_id": 138814010, "side": "buy", "size": "1698.70000000", "price": "0.20047000", "time": "2025-07-13T14:03:14.006005Z", "fetched_at": "2025-07-13T14:10:49.083640+00:00", "symbol": "DOGE-USD"}, {"trade_id": 138814009, "side": "buy", "size": "1313.70000000", "price": "0.20049000", "time": "2025-07-13T14:03:14.006005Z", "fetched_at": "2025-07-13T14:10:49.083640+00:00", "symbol": "DOGE-USD"}, {"trade_id": 138814008, "side": "buy", "size": "19.90000000", "price": "0.20050000", "time": "2025-07-13T14:03:14.006005Z", "fetched_at": "2025-07-13T14:10:49.083640+00:00", "symbol": "DOGE-USD"}, {"trade_id": 138814007, "side": "sell", "size": "4.90000000", "price": "0.20053000", "time": "2025-07-13T14:03:09.642882Z", "fetched_at": "2025-07-13T14:10:49.083640+00:00", "symbol": "DOGE-USD"}, {"trade_id": 138814006, "side": "sell", "size": "5.50000000", "price": "0.20052000", "time": "2025-07-13T14:03:08.052601Z", "fetched_at": "2025-07-13T14:10:49.083640+00:00", "symbol": "DOGE-USD"}, {"trade_id": 138814005, "side": "sell", "size": "5.50000000", "price": "0.20050000", "time": "2025-07-13T14:03:07.420272Z", "fetched_at": "2025-07-13T14:10:49.083640+00:00", "symbol": "DOGE-USD"}, {"trade_id": 138814004, "side": "sell", "size": "5.50000000", "price": "0.20048000", "time": "2025-07-13T14:03:06.297818Z", "fetched_at": "2025-07-13T14:10:49.083640+00:00", "symbol": "DOGE-USD"}, {"trade_id": 138814003, "side": "sell", "size": "145.50000000", "price": "0.20047000", "time": "2025-07-13T14:03:06.287978Z", "fetched_at": "2025-07-13T14:10:49.083640+00:00", "symbol": "DOGE-USD"}, {"trade_id": 138814002, "side": "sell", "size": "1261.70000000", "price": "0.20046000", "time": "2025-07-13T14:03:05.820919Z", "fetched_at": "2025-07-13T14:10:49.083640+00:00", "symbol": "DOGE-USD"}, {"trade_id": 138814001, "side": "sell", "size": "5.50000000", "price": "0.20046000", "time": "2025-07-13T14:03:04.844707Z", "fetched_at": "2025-07-13T14:10:49.083640+00:00", "symbol": "DOGE-USD"}, {"trade_id": 138814000, "side": "sell", "size": "47.40000000", "price": "0.20044000", "time": "2025-07-13T14:03:04.757539Z", "fetched_at": "2025-07-13T14:10:49.083640+00:00", "symbol": "DOGE-USD"}, {"trade_id": 138813999, "side": "sell", "size": "2974.30000000", "price": "0.20044000", "time": "2025-07-13T14:03:04.757539Z", "fetched_at": "2025-07-13T14:10:49.083640+00:00", "symbol": "DOGE-USD"}, {"trade_id": 138813998, "side": "sell", "size": "1251.40000000", "price": "0.20041000", "time": "2025-07-13T14:03:04.674345Z", "fetched_at": "2025-07-13T14:10:49.083640+00:00", "symbol": "DOGE-USD"}, {"trade_id": 138813997, "side": "sell", "size": "1310.70000000", "price": "0.20041000", "time": "2025-07-13T14:03:04.165110Z", "fetched_at": "2025-07-13T14:10:49.083640+00:00", "symbol": "DOGE-USD"}, {"trade_id": 138813996, "side": "sell", "size": "1191.40000000", "price": "0.20041000", "time": "2025-07-13T14:03:02.860531Z", "fetched_at": "2025-07-13T14:10:49.083640+00:00", "symbol": "DOGE-USD"}, {"trade_id": 138813995, "side": "sell", "size": "1161.30000000", "price": "0.20042000", "time": "2025-07-13T14:03:01.705911Z", "fetched_at": "2025-07-13T14:10:49.083640+00:00", "symbol": "DOGE-USD"}, {"trade_id": 138813994, "side": "sell", "size": "72.70000000", "price": "0.20042000", "time": "2025-07-13T14:03:01.504295Z", "fetched_at": "2025-07-13T14:10:49.083640+00:00", "symbol": "DOGE-USD"}, {"trade_id": 138813993, "side": "sell", "size": "1427.80000000", "price": "0.20041000", "time": "2025-07-13T14:03:01.105535Z", "fetched_at": "2025-07-13T14:10:49.083640+00:00", "symbol": "DOGE-USD"}, {"trade_id": 138813992, "side": "sell", "size": "1278.90000000", "price": "0.20041000", "time": "2025-07-13T14:03:00.392182Z", "fetched_at": "2025-07-13T14:10:49.083640+00:00", "symbol": "DOGE-USD"}, {"trade_id": 138813991, "side": "sell", "size": "1155.30000000", "price": "0.20042000", "time": "2025-07-13T14:03:00.077712Z", "fetched_at": "2025-07-13T14:10:49.083640+00:00", "symbol": "DOGE-USD"}, {"trade_id": 138813990, "side": "sell", "size": "5.50000000", "price": "0.20046000", "time": "2025-07-13T14:02:53.791269Z", "fetched_at": "2025-07-13T14:10:49.083640+00:00", "symbol": "DOGE-USD"}, {"trade_id": 138813989, "side": "sell", "size": "1189.80000000", "price": "0.20045000", "time": "2025-07-13T14:02:53.075981Z", "fetched_at": "2025-07-13T14:10:49.083640+00:00", "symbol": "DOGE-USD"}, {"trade_id": 138813988, "side": "sell", "size": "5.50000000", "price": "0.20044000", "time": "2025-07-13T14:02:51.700741Z", "fetched_at": "2025-07-13T14:10:49.083640+00:00", "symbol": "DOGE-USD"}, {"trade_id": 138813987, "side": "sell", "size": "5.50000000", "price": "0.20042000", "time": "2025-07-13T14:02:51.686796Z", "fetched_at": "2025-07-13T14:10:49.083640+00:00", "symbol": "DOGE-USD"}, {"trade_id": 138813986, "side": "sell", "size": "2034.10000000", "price": "0.20041000", "time": "2025-07-13T14:02:51.641071Z", "fetched_at": "2025-07-13T14:10:49.083640+00:00", "symbol": "DOGE-USD"}, {"trade_id": 138813985, "side": "sell", "size": "16055.10000000", "price": "0.20041000", "time": "2025-07-13T14:02:51.630545Z", "fetched_at": "2025-07-13T14:10:49.083640+00:00", "symbol": "DOGE-USD"}, {"trade_id": 138813984, "side": "sell", "size": "47.40000000", "price": "0.20040000", "time": "2025-07-13T14:02:51.482405Z", "fetched_at": "2025-07-13T14:10:49.083640+00:00", "symbol": "DOGE-USD"}, {"trade_id": 138813983, "side": "sell", "size": "47.40000000", "price": "0.20040000", "time": "2025-07-13T14:02:51.469042Z", "fetched_at": "2025-07-13T14:10:49.083640+00:00", "symbol": "DOGE-USD"}, {"trade_id": 138813982, "side": "sell", "size": "47.40000000", "price": "0.20040000", "time": "2025-07-13T14:02:51.458574Z", "fetched_at": "2025-07-13T14:10:49.083640+00:00", "symbol": "DOGE-USD"}, {"trade_id": 138813981, "side": "sell", "size": "5.50000000", "price": "0.20040000", "time": "2025-07-13T14:02:51.458574Z", "fetched_at": "2025-07-13T14:10:49.083640+00:00", "symbol": "DOGE-USD"}, {"trade_id": 138813980, "side": "sell", "size": "47.40000000", "price": "0.20039000", "time": "2025-07-13T14:02:51.065967Z", "fetched_at": "2025-07-13T14:10:49.083640+00:00", "symbol": "DOGE-USD"}, {"trade_id": 138813979, "side": "sell", "size": "47.40000000", "price": "0.20039000", "time": "2025-07-13T14:02:50.975356Z", "fetched_at": "2025-07-13T14:10:49.083640+00:00", "symbol": "DOGE-USD"}, {"trade_id": 138813978, "side": "sell", "size": "1396.60000000", "price": "0.20039000", "time": "2025-07-13T14:02:50.761705Z", "fetched_at": "2025-07-13T14:10:49.083640+00:00", "symbol": "DOGE-USD"}, {"trade_id": 138813977, "side": "sell", "size": "47.40000000", "price": "0.20039000", "time": "2025-07-13T14:02:50.442486Z", "fetched_at": "2025-07-13T14:10:49.083640+00:00", "symbol": "DOGE-USD"}, {"trade_id": 138813976, "side": "sell", "size": "47.40000000", "price": "0.20039000", "time": "2025-07-13T14:02:50.338097Z", "fetched_at": "2025-07-13T14:10:49.083640+00:00", "symbol": "DOGE-USD"}, {"trade_id": 138813975, "side": "sell", "size": "1384.70000000", "price": "0.20039000", "time": "2025-07-13T14:02:50.338097Z", "fetched_at": "2025-07-13T14:10:49.083640+00:00", "symbol": "DOGE-USD"}, {"trade_id": 138813974, "side": "sell", "size": "1291.00000000", "price": "0.20039000", "time": "2025-07-13T14:02:50.214507Z", "fetched_at": "2025-07-13T14:10:49.083640+00:00", "symbol": "DOGE-USD"}