[{"trade_id": 138804041, "side": "sell", "size": "17.60000000", "price": "0.19867000", "time": "2025-07-13T11:37:47.363223Z", "fetched_at": "2025-07-13T11:37:51.672818+00:00", "symbol": "DOGE-USD"}, {"trade_id": 138804040, "side": "buy", "size": "2.50000000", "price": "0.19866000", "time": "2025-07-13T11:37:40.450390Z", "fetched_at": "2025-07-13T11:37:51.672818+00:00", "symbol": "DOGE-USD"}, {"trade_id": 138804039, "side": "buy", "size": "278.60000000", "price": "0.19866000", "time": "2025-07-13T11:37:37.920718Z", "fetched_at": "2025-07-13T11:37:51.672818+00:00", "symbol": "DOGE-USD"}, {"trade_id": 138804038, "side": "sell", "size": "5.60000000", "price": "0.19868000", "time": "2025-07-13T11:37:34.107917Z", "fetched_at": "2025-07-13T11:37:51.672818+00:00", "symbol": "DOGE-USD"}, {"trade_id": 138804037, "side": "sell", "size": "5.60000000", "price": "0.19866000", "time": "2025-07-13T11:37:34.074613Z", "fetched_at": "2025-07-13T11:37:51.672818+00:00", "symbol": "DOGE-USD"}, {"trade_id": 138804036, "side": "buy", "size": "20.40000000", "price": "0.19865000", "time": "2025-07-13T11:37:30.971718Z", "fetched_at": "2025-07-13T11:37:51.672818+00:00", "symbol": "DOGE-USD"}, {"trade_id": 138804035, "side": "sell", "size": "50.40000000", "price": "0.19863000", "time": "2025-07-13T11:37:22.646603Z", "fetched_at": "2025-07-13T11:37:51.672818+00:00", "symbol": "DOGE-USD"}, {"trade_id": 138804034, "side": "sell", "size": "4141.50000000", "price": "0.19864000", "time": "2025-07-13T11:37:22.618492Z", "fetched_at": "2025-07-13T11:37:51.672818+00:00", "symbol": "DOGE-USD"}, {"trade_id": 138804033, "side": "sell", "size": "3021.90000000", "price": "0.19861000", "time": "2025-07-13T11:37:22.618492Z", "fetched_at": "2025-07-13T11:37:51.672818+00:00", "symbol": "DOGE-USD"}, {"trade_id": 138804032, "side": "sell", "size": "1567.80000000", "price": "0.19863000", "time": "2025-07-13T11:37:22.615034Z", "fetched_at": "2025-07-13T11:37:51.672818+00:00", "symbol": "DOGE-USD"}, {"trade_id": 138804031, "side": "sell", "size": "5504.30000000", "price": "0.19863000", "time": "2025-07-13T11:37:22.615034Z", "fetched_at": "2025-07-13T11:37:51.672818+00:00", "symbol": "DOGE-USD"}, {"trade_id": 138804030, "side": "sell", "size": "5504.30000000", "price": "0.19862000", "time": "2025-07-13T11:37:22.613549Z", "fetched_at": "2025-07-13T11:37:51.672818+00:00", "symbol": "DOGE-USD"}, {"trade_id": 138804029, "side": "sell", "size": "17904.10000000", "price": "0.19862000", "time": "2025-07-13T11:37:22.613549Z", "fetched_at": "2025-07-13T11:37:51.672818+00:00", "symbol": "DOGE-USD"}, {"trade_id": 138804028, "side": "sell", "size": "2500.00000000", "price": "0.19862000", "time": "2025-07-13T11:37:22.613549Z", "fetched_at": "2025-07-13T11:37:51.672818+00:00", "symbol": "DOGE-USD"}, {"trade_id": 138804027, "side": "sell", "size": "10000.00000000", "price": "0.19861000", "time": "2025-07-13T11:37:22.612151Z", "fetched_at": "2025-07-13T11:37:51.672818+00:00", "symbol": "DOGE-USD"}, {"trade_id": 138804026, "side": "sell", "size": "2500.00000000", "price": "0.19861000", "time": "2025-07-13T11:37:22.612151Z", "fetched_at": "2025-07-13T11:37:51.672818+00:00", "symbol": "DOGE-USD"}, {"trade_id": 138804025, "side": "sell", "size": "5000.00000000", "price": "0.19861000", "time": "2025-07-13T11:37:22.612151Z", "fetched_at": "2025-07-13T11:37:51.672818+00:00", "symbol": "DOGE-USD"}, {"trade_id": 138804024, "side": "sell", "size": "5504.30000000", "price": "0.19861000", "time": "2025-07-13T11:37:22.612151Z", "fetched_at": "2025-07-13T11:37:51.672818+00:00", "symbol": "DOGE-USD"}, {"trade_id": 138804023, "side": "sell", "size": "4388.80000000", "price": "0.19860000", "time": "2025-07-13T11:37:22.609112Z", "fetched_at": "2025-07-13T11:37:51.672818+00:00", "symbol": "DOGE-USD"}, {"trade_id": 138804022, "side": "sell", "size": "4363.80000000", "price": "0.19860000", "time": "2025-07-13T11:37:22.609112Z", "fetched_at": "2025-07-13T11:37:51.672818+00:00", "symbol": "DOGE-USD"}, {"trade_id": 138804021, "side": "sell", "size": "5504.30000000", "price": "0.19860000", "time": "2025-07-13T11:37:22.609112Z", "fetched_at": "2025-07-13T11:37:51.672818+00:00", "symbol": "DOGE-USD"}, {"trade_id": 138804020, "side": "sell", "size": "1886.10000000", "price": "0.19858000", "time": "2025-07-13T11:37:22.609112Z", "fetched_at": "2025-07-13T11:37:51.672818+00:00", "symbol": "DOGE-USD"}, {"trade_id": 138804019, "side": "sell", "size": "1343.20000000", "price": "0.19858000", "time": "2025-07-13T11:37:22.609112Z", "fetched_at": "2025-07-13T11:37:51.672818+00:00", "symbol": "DOGE-USD"}, {"trade_id": 138804018, "side": "sell", "size": "50.40000000", "price": "0.19857000", "time": "2025-07-13T11:37:22.609112Z", "fetched_at": "2025-07-13T11:37:51.672818+00:00", "symbol": "DOGE-USD"}, {"trade_id": 138804017, "side": "sell", "size": "254.90000000", "price": "0.19857000", "time": "2025-07-13T11:37:22.609112Z", "fetched_at": "2025-07-13T11:37:51.672818+00:00", "symbol": "DOGE-USD"}, {"trade_id": 138804016, "side": "buy", "size": "5.60000000", "price": "0.19858000", "time": "2025-07-13T11:37:20.795779Z", "fetched_at": "2025-07-13T11:37:51.672818+00:00", "symbol": "DOGE-USD"}, {"trade_id": 138804015, "side": "buy", "size": "5.60000000", "price": "0.19860000", "time": "2025-07-13T11:37:19.926889Z", "fetched_at": "2025-07-13T11:37:51.672818+00:00", "symbol": "DOGE-USD"}, {"trade_id": 138804014, "side": "sell", "size": "18.30000000", "price": "0.19864000", "time": "2025-07-13T11:37:10.265158Z", "fetched_at": "2025-07-13T11:37:51.672818+00:00", "symbol": "DOGE-USD"}, {"trade_id": 138804013, "side": "sell", "size": "5.60000000", "price": "0.19864000", "time": "2025-07-13T11:37:10.265158Z", "fetched_at": "2025-07-13T11:37:51.672818+00:00", "symbol": "DOGE-USD"}, {"trade_id": 138804012, "side": "sell", "size": "50.40000000", "price": "0.19858000", "time": "2025-07-13T11:37:07.699968Z", "fetched_at": "2025-07-13T11:37:51.672818+00:00", "symbol": "DOGE-USD"}, {"trade_id": 138804011, "side": "sell", "size": "14.20000000", "price": "0.19858000", "time": "2025-07-13T11:37:03.633618Z", "fetched_at": "2025-07-13T11:37:51.672818+00:00", "symbol": "DOGE-USD"}, {"trade_id": 138804010, "side": "buy", "size": "384.00000000", "price": "0.19857000", "time": "2025-07-13T11:37:00.323451Z", "fetched_at": "2025-07-13T11:37:51.672818+00:00", "symbol": "DOGE-USD"}, {"trade_id": 138804009, "side": "buy", "size": "5.60000000", "price": "0.19858000", "time": "2025-07-13T11:37:00.160813Z", "fetched_at": "2025-07-13T11:37:51.672818+00:00", "symbol": "DOGE-USD"}, {"trade_id": 138804008, "side": "buy", "size": "1909.10000000", "price": "0.19860000", "time": "2025-07-13T11:36:57.660229Z", "fetched_at": "2025-07-13T11:37:51.672818+00:00", "symbol": "DOGE-USD"}, {"trade_id": 138804007, "side": "buy", "size": "8.90000000", "price": "0.19861000", "time": "2025-07-13T11:36:51.985477Z", "fetched_at": "2025-07-13T11:37:51.672818+00:00", "symbol": "DOGE-USD"}, {"trade_id": 138804006, "side": "buy", "size": "602.20000000", "price": "0.19860000", "time": "2025-07-13T11:36:49.507480Z", "fetched_at": "2025-07-13T11:37:51.672818+00:00", "symbol": "DOGE-USD"}, {"trade_id": 138804005, "side": "sell", "size": "1409.60000000", "price": "0.19868000", "time": "2025-07-13T11:36:31.533540Z", "fetched_at": "2025-07-13T11:37:51.672818+00:00", "symbol": "DOGE-USD"}, {"trade_id": 138804004, "side": "sell", "size": "5.60000000", "price": "0.19868000", "time": "2025-07-13T11:36:31.533540Z", "fetched_at": "2025-07-13T11:37:51.672818+00:00", "symbol": "DOGE-USD"}, {"trade_id": 138804003, "side": "sell", "size": "11917.70000000", "price": "0.19867000", "time": "2025-07-13T11:36:31.494105Z", "fetched_at": "2025-07-13T11:37:51.672818+00:00", "symbol": "DOGE-USD"}, {"trade_id": 138804002, "side": "sell", "size": "5994.40000000", "price": "0.19867000", "time": "2025-07-13T11:36:31.492933Z", "fetched_at": "2025-07-13T11:37:51.672818+00:00", "symbol": "DOGE-USD"}, {"trade_id": 138804001, "side": "sell", "size": "5.60000000", "price": "0.19866000", "time": "2025-07-13T11:36:31.492933Z", "fetched_at": "2025-07-13T11:37:51.672818+00:00", "symbol": "DOGE-USD"}, {"trade_id": 138804000, "side": "sell", "size": "5.00000000", "price": "0.19865000", "time": "2025-07-13T11:36:24.767406Z", "fetched_at": "2025-07-13T11:37:51.672818+00:00", "symbol": "DOGE-USD"}, {"trade_id": 138803999, "side": "sell", "size": "1239.10000000", "price": "0.19865000", "time": "2025-07-13T11:36:23.223940Z", "fetched_at": "2025-07-13T11:37:51.672818+00:00", "symbol": "DOGE-USD"}, {"trade_id": 138803998, "side": "sell", "size": "254.90000000", "price": "0.19864000", "time": "2025-07-13T11:36:23.223940Z", "fetched_at": "2025-07-13T11:37:51.672818+00:00", "symbol": "DOGE-USD"}, {"trade_id": 138803997, "side": "sell", "size": "5.60000000", "price": "0.19864000", "time": "2025-07-13T11:36:22.638054Z", "fetched_at": "2025-07-13T11:37:51.672818+00:00", "symbol": "DOGE-USD"}, {"trade_id": 138803996, "side": "buy", "size": "108.40000000", "price": "0.19860000", "time": "2025-07-13T11:36:16.856144Z", "fetched_at": "2025-07-13T11:37:51.672818+00:00", "symbol": "DOGE-USD"}, {"trade_id": 138803995, "side": "buy", "size": "5.60000000", "price": "0.19860000", "time": "2025-07-13T11:36:16.856144Z", "fetched_at": "2025-07-13T11:37:51.672818+00:00", "symbol": "DOGE-USD"}, {"trade_id": 138803994, "side": "buy", "size": "23.70000000", "price": "0.19861000", "time": "2025-07-13T11:36:16.856144Z", "fetched_at": "2025-07-13T11:37:51.672818+00:00", "symbol": "DOGE-USD"}, {"trade_id": 138803993, "side": "buy", "size": "5.60000000", "price": "0.19862000", "time": "2025-07-13T11:36:16.856144Z", "fetched_at": "2025-07-13T11:37:51.672818+00:00", "symbol": "DOGE-USD"}, {"trade_id": 138803992, "side": "sell", "size": "253.00000000", "price": "0.19863000", "time": "2025-07-13T11:36:12.481457Z", "fetched_at": "2025-07-13T11:37:51.672818+00:00", "symbol": "DOGE-USD"}, {"trade_id": 138803991, "side": "sell", "size": "300.20000000", "price": "0.19865000", "time": "2025-07-13T11:36:09.993305Z", "fetched_at": "2025-07-13T11:37:51.672818+00:00", "symbol": "DOGE-USD"}, {"trade_id": 138803990, "side": "sell", "size": "1748.70000000", "price": "0.19865000", "time": "2025-07-13T11:36:09.993305Z", "fetched_at": "2025-07-13T11:37:51.672818+00:00", "symbol": "DOGE-USD"}, {"trade_id": 138803989, "side": "sell", "size": "1288.00000000", "price": "0.19865000", "time": "2025-07-13T11:36:09.993305Z", "fetched_at": "2025-07-13T11:37:51.672818+00:00", "symbol": "DOGE-USD"}, {"trade_id": 138803988, "side": "sell", "size": "189.30000000", "price": "0.19863000", "time": "2025-07-13T11:36:09.993305Z", "fetched_at": "2025-07-13T11:37:51.672818+00:00", "symbol": "DOGE-USD"}, {"trade_id": 138803987, "side": "sell", "size": "1166.90000000", "price": "0.19863000", "time": "2025-07-13T11:36:09.993305Z", "fetched_at": "2025-07-13T11:37:51.672818+00:00", "symbol": "DOGE-USD"}, {"trade_id": 138803986, "side": "buy", "size": "5.60000000", "price": "0.19864000", "time": "2025-07-13T11:36:06.571277Z", "fetched_at": "2025-07-13T11:37:51.672818+00:00", "symbol": "DOGE-USD"}, {"trade_id": 138803985, "side": "buy", "size": "769.50000000", "price": "0.19865000", "time": "2025-07-13T11:36:06.570890Z", "fetched_at": "2025-07-13T11:37:51.672818+00:00", "symbol": "DOGE-USD"}, {"trade_id": 138803984, "side": "buy", "size": "5.60000000", "price": "0.19866000", "time": "2025-07-13T11:36:06.570509Z", "fetched_at": "2025-07-13T11:37:51.672818+00:00", "symbol": "DOGE-USD"}, {"trade_id": 138803983, "side": "buy", "size": "42.20000000", "price": "0.19867000", "time": "2025-07-13T11:36:06.570509Z", "fetched_at": "2025-07-13T11:37:51.672818+00:00", "symbol": "DOGE-USD"}, {"trade_id": 138803982, "side": "buy", "size": "62.10000000", "price": "0.19868000", "time": "2025-07-13T11:36:06.570509Z", "fetched_at": "2025-07-13T11:37:51.672818+00:00", "symbol": "DOGE-USD"}, {"trade_id": 138803981, "side": "buy", "size": "5.60000000", "price": "0.19868000", "time": "2025-07-13T11:36:06.570509Z", "fetched_at": "2025-07-13T11:37:51.672818+00:00", "symbol": "DOGE-USD"}, {"trade_id": 138803980, "side": "buy", "size": "5.60000000", "price": "0.19870000", "time": "2025-07-13T11:36:06.570509Z", "fetched_at": "2025-07-13T11:37:51.672818+00:00", "symbol": "DOGE-USD"}, {"trade_id": 138803979, "side": "buy", "size": "5.60000000", "price": "0.19872000", "time": "2025-07-13T11:36:06.513599Z", "fetched_at": "2025-07-13T11:37:51.672818+00:00", "symbol": "DOGE-USD"}, {"trade_id": 138803978, "side": "buy", "size": "5.60000000", "price": "0.19874000", "time": "2025-07-13T11:36:03.185199Z", "fetched_at": "2025-07-13T11:37:51.672818+00:00", "symbol": "DOGE-USD"}, {"trade_id": 138803977, "side": "buy", "size": "5.60000000", "price": "0.19876000", "time": "2025-07-13T11:35:57.743687Z", "fetched_at": "2025-07-13T11:37:51.672818+00:00", "symbol": "DOGE-USD"}, {"trade_id": 138803976, "side": "buy", "size": "5.60000000", "price": "0.19878000", "time": "2025-07-13T11:35:57.728248Z", "fetched_at": "2025-07-13T11:37:51.672818+00:00", "symbol": "DOGE-USD"}, {"trade_id": 138803975, "side": "buy", "size": "5.60000000", "price": "0.19880000", "time": "2025-07-13T11:35:56.708323Z", "fetched_at": "2025-07-13T11:37:51.672818+00:00", "symbol": "DOGE-USD"}, {"trade_id": 138803974, "side": "buy", "size": "76.10000000", "price": "0.19881000", "time": "2025-07-13T11:35:51.819875Z", "fetched_at": "2025-07-13T11:37:51.672818+00:00", "symbol": "DOGE-USD"}, {"trade_id": 138803973, "side": "buy", "size": "39.70000000", "price": "0.19882000", "time": "2025-07-13T11:35:51.819875Z", "fetched_at": "2025-07-13T11:37:51.672818+00:00", "symbol": "DOGE-USD"}, {"trade_id": 138803972, "side": "buy", "size": "5.60000000", "price": "0.19882000", "time": "2025-07-13T11:35:51.819875Z", "fetched_at": "2025-07-13T11:37:51.672818+00:00", "symbol": "DOGE-USD"}, {"trade_id": 138803971, "side": "buy", "size": "5.60000000", "price": "0.19884000", "time": "2025-07-13T11:35:51.819875Z", "fetched_at": "2025-07-13T11:37:51.672818+00:00", "symbol": "DOGE-USD"}, {"trade_id": 138803970, "side": "buy", "size": "5.60000000", "price": "0.19886000", "time": "2025-07-13T11:35:50.980662Z", "fetched_at": "2025-07-13T11:37:51.672818+00:00", "symbol": "DOGE-USD"}, {"trade_id": 138803969, "side": "buy", "size": "5.60000000", "price": "0.19888000", "time": "2025-07-13T11:35:49.739304Z", "fetched_at": "2025-07-13T11:37:51.672818+00:00", "symbol": "DOGE-USD"}, {"trade_id": 138803968, "side": "sell", "size": "100.80000000", "price": "0.19889000", "time": "2025-07-13T11:35:43.380421Z", "fetched_at": "2025-07-13T11:37:51.672818+00:00", "symbol": "DOGE-USD"}, {"trade_id": 138803967, "side": "buy", "size": "5.60000000", "price": "0.19890000", "time": "2025-07-13T11:35:43.259309Z", "fetched_at": "2025-07-13T11:37:51.672818+00:00", "symbol": "DOGE-USD"}, {"trade_id": 138803966, "side": "sell", "size": "4.90000000", "price": "0.19891000", "time": "2025-07-13T11:35:39.906800Z", "fetched_at": "2025-07-13T11:37:51.672818+00:00", "symbol": "DOGE-USD"}, {"trade_id": 138803965, "side": "buy", "size": "2000.00000000", "price": "0.19890000", "time": "2025-07-13T11:35:32.082910Z", "fetched_at": "2025-07-13T11:37:51.672818+00:00", "symbol": "DOGE-USD"}, {"trade_id": 138803964, "side": "buy", "size": "1567.80000000", "price": "0.19890000", "time": "2025-07-13T11:35:32.082910Z", "fetched_at": "2025-07-13T11:37:51.672818+00:00", "symbol": "DOGE-USD"}, {"trade_id": 138803963, "side": "buy", "size": "2500.00000000", "price": "0.19890000", "time": "2025-07-13T11:35:32.082910Z", "fetched_at": "2025-07-13T11:37:51.672818+00:00", "symbol": "DOGE-USD"}, {"trade_id": 138803962, "side": "buy", "size": "2250.00000000", "price": "0.19890000", "time": "2025-07-13T11:35:32.082910Z", "fetched_at": "2025-07-13T11:37:51.672818+00:00", "symbol": "DOGE-USD"}, {"trade_id": 138803961, "side": "buy", "size": "1507.60000000", "price": "0.19890000", "time": "2025-07-13T11:35:32.082910Z", "fetched_at": "2025-07-13T11:37:51.672818+00:00", "symbol": "DOGE-USD"}, {"trade_id": 138803960, "side": "buy", "size": "5299.00000000", "price": "0.19890000", "time": "2025-07-13T11:35:32.082910Z", "fetched_at": "2025-07-13T11:37:51.672818+00:00", "symbol": "DOGE-USD"}, {"trade_id": 138803959, "side": "buy", "size": "5.60000000", "price": "0.19890000", "time": "2025-07-13T11:35:32.082910Z", "fetched_at": "2025-07-13T11:37:51.672818+00:00", "symbol": "DOGE-USD"}, {"trade_id": 138803958, "side": "buy", "size": "1246.80000000", "price": "0.19895000", "time": "2025-07-13T11:35:32.082017Z", "fetched_at": "2025-07-13T11:37:51.672818+00:00", "symbol": "DOGE-USD"}, {"trade_id": 138803957, "side": "buy", "size": "173.20000000", "price": "0.19892000", "time": "2025-07-13T11:35:32.080180Z", "fetched_at": "2025-07-13T11:37:51.672818+00:00", "symbol": "DOGE-USD"}, {"trade_id": 138803956, "side": "buy", "size": "2500.00000000", "price": "0.19892000", "time": "2025-07-13T11:35:32.080180Z", "fetched_at": "2025-07-13T11:37:51.672818+00:00", "symbol": "DOGE-USD"}, {"trade_id": 138803955, "side": "buy", "size": "10000.00000000", "price": "0.19892000", "time": "2025-07-13T11:35:32.080180Z", "fetched_at": "2025-07-13T11:37:51.672818+00:00", "symbol": "DOGE-USD"}, {"trade_id": 138803954, "side": "buy", "size": "5000.00000000", "price": "0.19892000", "time": "2025-07-13T11:35:32.080180Z", "fetched_at": "2025-07-13T11:37:51.672818+00:00", "symbol": "DOGE-USD"}, {"trade_id": 138803953, "side": "buy", "size": "5.60000000", "price": "0.19892000", "time": "2025-07-13T11:35:32.080180Z", "fetched_at": "2025-07-13T11:37:51.672818+00:00", "symbol": "DOGE-USD"}, {"trade_id": 138803952, "side": "buy", "size": "1827.10000000", "price": "0.19893000", "time": "2025-07-13T11:35:32.079908Z", "fetched_at": "2025-07-13T11:37:51.672818+00:00", "symbol": "DOGE-USD"}, {"trade_id": 138803951, "side": "buy", "size": "1394.20000000", "price": "0.19893000", "time": "2025-07-13T11:35:32.079908Z", "fetched_at": "2025-07-13T11:37:51.672818+00:00", "symbol": "DOGE-USD"}, {"trade_id": 138803950, "side": "buy", "size": "17887.20000000", "price": "0.19893000", "time": "2025-07-13T11:35:32.079908Z", "fetched_at": "2025-07-13T11:37:51.672818+00:00", "symbol": "DOGE-USD"}, {"trade_id": 138803949, "side": "buy", "size": "769.50000000", "price": "0.19895000", "time": "2025-07-13T11:35:32.079274Z", "fetched_at": "2025-07-13T11:37:51.672818+00:00", "symbol": "DOGE-USD"}, {"trade_id": 138803948, "side": "buy", "size": "769.50000000", "price": "0.19897000", "time": "2025-07-13T11:35:32.079097Z", "fetched_at": "2025-07-13T11:37:51.672818+00:00", "symbol": "DOGE-USD"}, {"trade_id": 138803947, "side": "buy", "size": "33.40000000", "price": "0.19897000", "time": "2025-07-13T11:35:32.079097Z", "fetched_at": "2025-07-13T11:37:51.672818+00:00", "symbol": "DOGE-USD"}, {"trade_id": 138803946, "side": "buy", "size": "11808.70000000", "price": "0.19899000", "time": "2025-07-13T11:35:32.077875Z", "fetched_at": "2025-07-13T11:37:51.672818+00:00", "symbol": "DOGE-USD"}, {"trade_id": 138803945, "side": "sell", "size": "50.30000000", "price": "0.19899000", "time": "2025-07-13T11:35:31.285028Z", "fetched_at": "2025-07-13T11:37:51.672818+00:00", "symbol": "DOGE-USD"}, {"trade_id": 138803944, "side": "sell", "size": "100.00000000", "price": "0.19897000", "time": "2025-07-13T11:35:30.285117Z", "fetched_at": "2025-07-13T11:37:51.672818+00:00", "symbol": "DOGE-USD"}, {"trade_id": 138803943, "side": "sell", "size": "119.20000000", "price": "0.19901000", "time": "2025-07-13T11:35:15.043858Z", "fetched_at": "2025-07-13T11:37:51.672818+00:00", "symbol": "DOGE-USD"}, {"trade_id": 138803942, "side": "sell", "size": "941.60000000", "price": "0.19902000", "time": "2025-07-13T11:35:14.440366Z", "fetched_at": "2025-07-13T11:37:51.672818+00:00", "symbol": "DOGE-USD"}, {"trade_id": 138803941, "side": "sell", "size": "1387.30000000", "price": "0.19902000", "time": "2025-07-13T11:35:14.440366Z", "fetched_at": "2025-07-13T11:37:51.672818+00:00", "symbol": "DOGE-USD"}, {"trade_id": 138803940, "side": "sell", "size": "1313.80000000", "price": "0.19902000", "time": "2025-07-13T11:35:14.440366Z", "fetched_at": "2025-07-13T11:37:51.672818+00:00", "symbol": "DOGE-USD"}, {"trade_id": 138803939, "side": "sell", "size": "5.60000000", "price": "0.19902000", "time": "2025-07-13T11:35:14.440366Z", "fetched_at": "2025-07-13T11:37:51.672818+00:00", "symbol": "DOGE-USD"}, {"trade_id": 138803938, "side": "sell", "size": "5.60000000", "price": "0.19900000", "time": "2025-07-13T11:35:14.440366Z", "fetched_at": "2025-07-13T11:37:51.672818+00:00", "symbol": "DOGE-USD"}, {"trade_id": 138803937, "side": "sell", "size": "5.60000000", "price": "0.19898000", "time": "2025-07-13T11:35:14.440366Z", "fetched_at": "2025-07-13T11:37:51.672818+00:00", "symbol": "DOGE-USD"}, {"trade_id": 138803936, "side": "sell", "size": "5.60000000", "price": "0.19896000", "time": "2025-07-13T11:35:13.719594Z", "fetched_at": "2025-07-13T11:37:51.672818+00:00", "symbol": "DOGE-USD"}, {"trade_id": 138803935, "side": "buy", "size": "159.70000000", "price": "0.19889000", "time": "2025-07-13T11:35:11.355105Z", "fetched_at": "2025-07-13T11:37:51.672818+00:00", "symbol": "DOGE-USD"}, {"trade_id": 138803934, "side": "buy", "size": "4046.20000000", "price": "0.19889000", "time": "2025-07-13T11:35:11.355105Z", "fetched_at": "2025-07-13T11:37:51.672818+00:00", "symbol": "DOGE-USD"}, {"trade_id": 138803933, "side": "buy", "size": "1748.70000000", "price": "0.19889000", "time": "2025-07-13T11:35:11.355105Z", "fetched_at": "2025-07-13T11:37:51.672818+00:00", "symbol": "DOGE-USD"}, {"trade_id": 138803932, "side": "buy", "size": "769.50000000", "price": "0.19889000", "time": "2025-07-13T11:35:11.355105Z", "fetched_at": "2025-07-13T11:37:51.672818+00:00", "symbol": "DOGE-USD"}, {"trade_id": 138803931, "side": "buy", "size": "5.60000000", "price": "0.19890000", "time": "2025-07-13T11:35:11.355105Z", "fetched_at": "2025-07-13T11:37:51.672818+00:00", "symbol": "DOGE-USD"}, {"trade_id": 138803930, "side": "buy", "size": "4504.50000000", "price": "0.19890000", "time": "2025-07-13T11:35:11.355105Z", "fetched_at": "2025-07-13T11:37:51.672818+00:00", "symbol": "DOGE-USD"}, {"trade_id": 138803929, "side": "buy", "size": "5461.90000000", "price": "0.19890000", "time": "2025-07-13T11:35:11.355105Z", "fetched_at": "2025-07-13T11:37:51.672818+00:00", "symbol": "DOGE-USD"}, {"trade_id": 138803928, "side": "buy", "size": "1748.70000000", "price": "0.19890000", "time": "2025-07-13T11:35:11.355105Z", "fetched_at": "2025-07-13T11:37:51.672818+00:00", "symbol": "DOGE-USD"}, {"trade_id": 138803927, "side": "buy", "size": "1302.70000000", "price": "0.19890000", "time": "2025-07-13T11:35:11.355105Z", "fetched_at": "2025-07-13T11:37:51.672818+00:00", "symbol": "DOGE-USD"}, {"trade_id": 138803926, "side": "buy", "size": "74.80000000", "price": "0.19890000", "time": "2025-07-13T11:35:11.355105Z", "fetched_at": "2025-07-13T11:37:51.672818+00:00", "symbol": "DOGE-USD"}, {"trade_id": 138803925, "side": "buy", "size": "5461.90000000", "price": "0.19891000", "time": "2025-07-13T11:35:11.355105Z", "fetched_at": "2025-07-13T11:37:51.672818+00:00", "symbol": "DOGE-USD"}, {"trade_id": 138803924, "side": "buy", "size": "4554.90000000", "price": "0.19891000", "time": "2025-07-13T11:35:11.355105Z", "fetched_at": "2025-07-13T11:37:51.672818+00:00", "symbol": "DOGE-USD"}, {"trade_id": 138803923, "side": "buy", "size": "3175.30000000", "price": "0.19891000", "time": "2025-07-13T11:35:11.355105Z", "fetched_at": "2025-07-13T11:37:51.672818+00:00", "symbol": "DOGE-USD"}, {"trade_id": 138803922, "side": "buy", "size": "1748.70000000", "price": "0.19891000", "time": "2025-07-13T11:35:11.355105Z", "fetched_at": "2025-07-13T11:37:51.672818+00:00", "symbol": "DOGE-USD"}, {"trade_id": 138803921, "side": "buy", "size": "769.50000000", "price": "0.19892000", "time": "2025-07-13T11:35:11.355105Z", "fetched_at": "2025-07-13T11:37:51.672818+00:00", "symbol": "DOGE-USD"}, {"trade_id": 138803920, "side": "buy", "size": "1748.70000000", "price": "0.19892000", "time": "2025-07-13T11:35:11.355105Z", "fetched_at": "2025-07-13T11:37:51.672818+00:00", "symbol": "DOGE-USD"}, {"trade_id": 138803919, "side": "buy", "size": "20.80000000", "price": "0.19893000", "time": "2025-07-13T11:35:11.355105Z", "fetched_at": "2025-07-13T11:37:51.672818+00:00", "symbol": "DOGE-USD"}, {"trade_id": 138803918, "side": "buy", "size": "591.90000000", "price": "0.19894000", "time": "2025-07-13T11:35:11.355105Z", "fetched_at": "2025-07-13T11:37:51.672818+00:00", "symbol": "DOGE-USD"}, {"trade_id": 138803917, "side": "buy", "size": "189.30000000", "price": "0.19895000", "time": "2025-07-13T11:35:11.355105Z", "fetched_at": "2025-07-13T11:37:51.672818+00:00", "symbol": "DOGE-USD"}, {"trade_id": 138803916, "side": "sell", "size": "193.90000000", "price": "0.19894000", "time": "2025-07-13T11:35:02.337242Z", "fetched_at": "2025-07-13T11:37:51.672818+00:00", "symbol": "DOGE-USD"}, {"trade_id": 138803915, "side": "sell", "size": "5.60000000", "price": "0.19894000", "time": "2025-07-13T11:35:02.337242Z", "fetched_at": "2025-07-13T11:37:51.672818+00:00", "symbol": "DOGE-USD"}, {"trade_id": 138803914, "side": "sell", "size": "5.60000000", "price": "0.19892000", "time": "2025-07-13T11:35:02.337242Z", "fetched_at": "2025-07-13T11:37:51.672818+00:00", "symbol": "DOGE-USD"}, {"trade_id": 138803913, "side": "sell", "size": "50.30000000", "price": "0.19888000", "time": "2025-07-13T11:35:00.408564Z", "fetched_at": "2025-07-13T11:37:51.672818+00:00", "symbol": "DOGE-USD"}, {"trade_id": 138803912, "side": "sell", "size": "14.50000000", "price": "0.19888000", "time": "2025-07-13T11:34:53.773236Z", "fetched_at": "2025-07-13T11:37:51.672818+00:00", "symbol": "DOGE-USD"}, {"trade_id": 138803911, "side": "buy", "size": "35.40000000", "price": "0.19890000", "time": "2025-07-13T11:34:53.482968Z", "fetched_at": "2025-07-13T11:37:51.672818+00:00", "symbol": "DOGE-USD"}, {"trade_id": 138803910, "side": "buy", "size": "27.80000000", "price": "0.19886000", "time": "2025-07-13T11:34:43.859988Z", "fetched_at": "2025-07-13T11:37:51.672818+00:00", "symbol": "DOGE-USD"}, {"trade_id": 138803909, "side": "sell", "size": "5.60000000", "price": "0.19890000", "time": "2025-07-13T11:34:34.403502Z", "fetched_at": "2025-07-13T11:37:51.672818+00:00", "symbol": "DOGE-USD"}, {"trade_id": 138803908, "side": "buy", "size": "809.30000000", "price": "0.19888000", "time": "2025-07-13T11:34:25.031729Z", "fetched_at": "2025-07-13T11:37:51.672818+00:00", "symbol": "DOGE-USD"}, {"trade_id": 138803907, "side": "buy", "size": "45.40000000", "price": "0.19889000", "time": "2025-07-13T11:34:25.031729Z", "fetched_at": "2025-07-13T11:37:51.672818+00:00", "symbol": "DOGE-USD"}, {"trade_id": 138803906, "side": "sell", "size": "492.20000000", "price": "0.19888000", "time": "2025-07-13T11:34:20.837318Z", "fetched_at": "2025-07-13T11:37:51.672818+00:00", "symbol": "DOGE-USD"}, {"trade_id": 138803905, "side": "sell", "size": "5.60000000", "price": "0.19888000", "time": "2025-07-13T11:34:20.837318Z", "fetched_at": "2025-07-13T11:37:51.672818+00:00", "symbol": "DOGE-USD"}, {"trade_id": 138803904, "side": "buy", "size": "2.20000000", "price": "0.19887000", "time": "2025-07-13T11:34:17.905896Z", "fetched_at": "2025-07-13T11:37:51.672818+00:00", "symbol": "DOGE-USD"}, {"trade_id": 138803903, "side": "sell", "size": "3.50000000", "price": "0.19884000", "time": "2025-07-13T11:34:00.869069Z", "fetched_at": "2025-07-13T11:37:51.672818+00:00", "symbol": "DOGE-USD"}, {"trade_id": 138803902, "side": "sell", "size": "265.20000000", "price": "0.19884000", "time": "2025-07-13T11:34:00.869069Z", "fetched_at": "2025-07-13T11:37:51.672818+00:00", "symbol": "DOGE-USD"}, {"trade_id": 138803901, "side": "sell", "size": "23.60000000", "price": "0.19883000", "time": "2025-07-13T11:33:59.119371Z", "fetched_at": "2025-07-13T11:37:51.672818+00:00", "symbol": "DOGE-USD"}, {"trade_id": 138803900, "side": "sell", "size": "9.90000000", "price": "0.19886000", "time": "2025-07-13T11:33:49.170273Z", "fetched_at": "2025-07-13T11:37:51.672818+00:00", "symbol": "DOGE-USD"}, {"trade_id": 138803899, "side": "sell", "size": "5.60000000", "price": "0.19888000", "time": "2025-07-13T11:33:44.145362Z", "fetched_at": "2025-07-13T11:37:51.672818+00:00", "symbol": "DOGE-USD"}, {"trade_id": 138803898, "side": "sell", "size": "5.60000000", "price": "0.19886000", "time": "2025-07-13T11:33:44.086922Z", "fetched_at": "2025-07-13T11:37:51.672818+00:00", "symbol": "DOGE-USD"}, {"trade_id": 138803897, "side": "sell", "size": "5.60000000", "price": "0.19884000", "time": "2025-07-13T11:33:39.720040Z", "fetched_at": "2025-07-13T11:37:51.672818+00:00", "symbol": "DOGE-USD"}, {"trade_id": 138803896, "side": "sell", "size": "174.60000000", "price": "0.19879000", "time": "2025-07-13T11:33:35.421714Z", "fetched_at": "2025-07-13T11:37:51.672818+00:00", "symbol": "DOGE-USD"}, {"trade_id": 138803895, "side": "sell", "size": "183.00000000", "price": "0.19879000", "time": "2025-07-13T11:33:35.421714Z", "fetched_at": "2025-07-13T11:37:51.672818+00:00", "symbol": "DOGE-USD"}, {"trade_id": 138803894, "side": "sell", "size": "265.20000000", "price": "0.19879000", "time": "2025-07-13T11:33:35.421714Z", "fetched_at": "2025-07-13T11:37:51.672818+00:00", "symbol": "DOGE-USD"}, {"trade_id": 138803893, "side": "sell", "size": "0.60000000", "price": "0.19882000", "time": "2025-07-13T11:33:29.021769Z", "fetched_at": "2025-07-13T11:37:51.672818+00:00", "symbol": "DOGE-USD"}, {"trade_id": 138803892, "side": "sell", "size": "5.60000000", "price": "0.19882000", "time": "2025-07-13T11:33:29.021769Z", "fetched_at": "2025-07-13T11:37:51.672818+00:00", "symbol": "DOGE-USD"}, {"trade_id": 138803891, "side": "sell", "size": "1003.60000000", "price": "0.19877000", "time": "2025-07-13T11:33:20.936266Z", "fetched_at": "2025-07-13T11:37:51.672818+00:00", "symbol": "DOGE-USD"}, {"trade_id": 138803890, "side": "buy", "size": "5.60000000", "price": "0.19878000", "time": "2025-07-13T11:33:13.491121Z", "fetched_at": "2025-07-13T11:37:51.672818+00:00", "symbol": "DOGE-USD"}, {"trade_id": 138803889, "side": "buy", "size": "5.60000000", "price": "0.19880000", "time": "2025-07-13T11:33:12.247976Z", "fetched_at": "2025-07-13T11:37:51.672818+00:00", "symbol": "DOGE-USD"}, {"trade_id": 138803888, "side": "buy", "size": "5.60000000", "price": "0.19882000", "time": "2025-07-13T11:33:12.203701Z", "fetched_at": "2025-07-13T11:37:51.672818+00:00", "symbol": "DOGE-USD"}, {"trade_id": 138803887, "side": "buy", "size": "5.60000000", "price": "0.19884000", "time": "2025-07-13T11:33:06.669147Z", "fetched_at": "2025-07-13T11:37:51.672818+00:00", "symbol": "DOGE-USD"}, {"trade_id": 138803886, "side": "buy", "size": "5.60000000", "price": "0.19886000", "time": "2025-07-13T11:33:06.115805Z", "fetched_at": "2025-07-13T11:37:51.672818+00:00", "symbol": "DOGE-USD"}, {"trade_id": 138803885, "side": "sell", "size": "99.60000000", "price": "0.19887000", "time": "2025-07-13T11:33:05.444022Z", "fetched_at": "2025-07-13T11:37:51.672818+00:00", "symbol": "DOGE-USD"}, {"trade_id": 138803884, "side": "buy", "size": "64.00000000", "price": "0.19887000", "time": "2025-07-13T11:33:01.276896Z", "fetched_at": "2025-07-13T11:37:51.672818+00:00", "symbol": "DOGE-USD"}, {"trade_id": 138803883, "side": "buy", "size": "36.00000000", "price": "0.19888000", "time": "2025-07-13T11:33:01.276896Z", "fetched_at": "2025-07-13T11:37:51.672818+00:00", "symbol": "DOGE-USD"}, {"trade_id": 138803882, "side": "sell", "size": "5.60000000", "price": "0.19894000", "time": "2025-07-13T11:32:58.602460Z", "fetched_at": "2025-07-13T11:37:51.672818+00:00", "symbol": "DOGE-USD"}, {"trade_id": 138803881, "side": "sell", "size": "58.10000000", "price": "0.19893000", "time": "2025-07-13T11:32:56.281217Z", "fetched_at": "2025-07-13T11:37:51.672818+00:00", "symbol": "DOGE-USD"}, {"trade_id": 138803880, "side": "sell", "size": "769.50000000", "price": "0.19893000", "time": "2025-07-13T11:32:56.281217Z", "fetched_at": "2025-07-13T11:37:51.672818+00:00", "symbol": "DOGE-USD"}, {"trade_id": 138803879, "side": "sell", "size": "2427.60000000", "price": "0.19892000", "time": "2025-07-13T11:32:56.281217Z", "fetched_at": "2025-07-13T11:37:51.672818+00:00", "symbol": "DOGE-USD"}, {"trade_id": 138803878, "side": "sell", "size": "1749.70000000", "price": "0.19892000", "time": "2025-07-13T11:32:56.281217Z", "fetched_at": "2025-07-13T11:37:51.672818+00:00", "symbol": "DOGE-USD"}, {"trade_id": 138803877, "side": "sell", "size": "5.60000000", "price": "0.19892000", "time": "2025-07-13T11:32:56.281217Z", "fetched_at": "2025-07-13T11:37:51.672818+00:00", "symbol": "DOGE-USD"}, {"trade_id": 138803876, "side": "sell", "size": "50.30000000", "price": "0.19891000", "time": "2025-07-13T11:32:56.281217Z", "fetched_at": "2025-07-13T11:37:51.672818+00:00", "symbol": "DOGE-USD"}, {"trade_id": 138803875, "side": "sell", "size": "5.60000000", "price": "0.19890000", "time": "2025-07-13T11:32:56.281217Z", "fetched_at": "2025-07-13T11:37:51.672818+00:00", "symbol": "DOGE-USD"}, {"trade_id": 138803874, "side": "sell", "size": "5.60000000", "price": "0.19888000", "time": "2025-07-13T11:32:56.281217Z", "fetched_at": "2025-07-13T11:37:51.672818+00:00", "symbol": "DOGE-USD"}, {"trade_id": 138803873, "side": "sell", "size": "5.60000000", "price": "0.19886000", "time": "2025-07-13T11:32:56.281217Z", "fetched_at": "2025-07-13T11:37:51.672818+00:00", "symbol": "DOGE-USD"}, {"trade_id": 138803872, "side": "sell", "size": "131.10000000", "price": "0.19884000", "time": "2025-07-13T11:32:54.907403Z", "fetched_at": "2025-07-13T11:37:51.672818+00:00", "symbol": "DOGE-USD"}, {"trade_id": 138803871, "side": "sell", "size": "5.60000000", "price": "0.19884000", "time": "2025-07-13T11:32:54.907403Z", "fetched_at": "2025-07-13T11:37:51.672818+00:00", "symbol": "DOGE-USD"}, {"trade_id": 138803870, "side": "sell", "size": "5.60000000", "price": "0.19882000", "time": "2025-07-13T11:32:54.892027Z", "fetched_at": "2025-07-13T11:37:51.672818+00:00", "symbol": "DOGE-USD"}, {"trade_id": 138803869, "side": "sell", "size": "5.60000000", "price": "0.19880000", "time": "2025-07-13T11:32:50.331516Z", "fetched_at": "2025-07-13T11:37:51.672818+00:00", "symbol": "DOGE-USD"}, {"trade_id": 138803868, "side": "sell", "size": "5.60000000", "price": "0.19878000", "time": "2025-07-13T11:32:49.544176Z", "fetched_at": "2025-07-13T11:37:51.672818+00:00", "symbol": "DOGE-USD"}, {"trade_id": 138803867, "side": "buy", "size": "5.60000000", "price": "0.19874000", "time": "2025-07-13T11:32:42.674357Z", "fetched_at": "2025-07-13T11:37:51.672818+00:00", "symbol": "DOGE-USD"}, {"trade_id": 138803866, "side": "buy", "size": "5.60000000", "price": "0.19876000", "time": "2025-07-13T11:32:37.007815Z", "fetched_at": "2025-07-13T11:37:51.672818+00:00", "symbol": "DOGE-USD"}, {"trade_id": 138803865, "side": "buy", "size": "5.60000000", "price": "0.19878000", "time": "2025-07-13T11:32:33.601708Z", "fetched_at": "2025-07-13T11:37:51.672818+00:00", "symbol": "DOGE-USD"}, {"trade_id": 138803864, "side": "buy", "size": "4920.60000000", "price": "0.19879000", "time": "2025-07-13T11:32:24.696639Z", "fetched_at": "2025-07-13T11:37:51.672818+00:00", "symbol": "DOGE-USD"}, {"trade_id": 138803863, "side": "buy", "size": "17933.70000000", "price": "0.19879000", "time": "2025-07-13T11:32:24.696639Z", "fetched_at": "2025-07-13T11:37:51.672818+00:00", "symbol": "DOGE-USD"}, {"trade_id": 138803862, "side": "buy", "size": "5.60000000", "price": "0.19880000", "time": "2025-07-13T11:32:24.695422Z", "fetched_at": "2025-07-13T11:37:51.672818+00:00", "symbol": "DOGE-USD"}, {"trade_id": 138803861, "side": "buy", "size": "24.40000000", "price": "0.19881000", "time": "2025-07-13T11:32:24.695422Z", "fetched_at": "2025-07-13T11:37:51.672818+00:00", "symbol": "DOGE-USD"}, {"trade_id": 138803860, "side": "buy", "size": "5361.20000000", "price": "0.19882000", "time": "2025-07-13T11:32:24.694247Z", "fetched_at": "2025-07-13T11:37:51.672818+00:00", "symbol": "DOGE-USD"}, {"trade_id": 138803859, "side": "buy", "size": "5.60000000", "price": "0.19882000", "time": "2025-07-13T11:32:24.694247Z", "fetched_at": "2025-07-13T11:37:51.672818+00:00", "symbol": "DOGE-USD"}, {"trade_id": 138803858, "side": "buy", "size": "5.60000000", "price": "0.19884000", "time": "2025-07-13T11:32:24.694247Z", "fetched_at": "2025-07-13T11:37:51.672818+00:00", "symbol": "DOGE-USD"}, {"trade_id": 138803857, "side": "buy", "size": "5.60000000", "price": "0.19886000", "time": "2025-07-13T11:32:20.545439Z", "fetched_at": "2025-07-13T11:37:51.672818+00:00", "symbol": "DOGE-USD"}, {"trade_id": 138803856, "side": "sell", "size": "9.80000000", "price": "0.19887000", "time": "2025-07-13T11:32:20.526873Z", "fetched_at": "2025-07-13T11:37:51.672818+00:00", "symbol": "DOGE-USD"}, {"trade_id": 138803855, "side": "buy", "size": "8057.40000000", "price": "0.19887000", "time": "2025-07-13T11:32:16.637955Z", "fetched_at": "2025-07-13T11:37:51.672818+00:00", "symbol": "DOGE-USD"}, {"trade_id": 138803854, "side": "buy", "size": "5.60000000", "price": "0.19888000", "time": "2025-07-13T11:32:16.637955Z", "fetched_at": "2025-07-13T11:37:51.672818+00:00", "symbol": "DOGE-USD"}, {"trade_id": 138803853, "side": "buy", "size": "2.00000000", "price": "0.19890000", "time": "2025-07-13T11:32:10.327758Z", "fetched_at": "2025-07-13T11:37:51.672818+00:00", "symbol": "DOGE-USD"}, {"trade_id": 138803852, "side": "buy", "size": "131.10000000", "price": "0.19891000", "time": "2025-07-13T11:32:04.689768Z", "fetched_at": "2025-07-13T11:37:51.672818+00:00", "symbol": "DOGE-USD"}, {"trade_id": 138803851, "side": "buy", "size": "5.60000000", "price": "0.19892000", "time": "2025-07-13T11:32:03.996359Z", "fetched_at": "2025-07-13T11:37:51.672818+00:00", "symbol": "DOGE-USD"}, {"trade_id": 138803850, "side": "sell", "size": "49.80000000", "price": "0.19899000", "time": "2025-07-13T11:31:58.979770Z", "fetched_at": "2025-07-13T11:37:51.672818+00:00", "symbol": "DOGE-USD"}, {"trade_id": 138803849, "side": "sell", "size": "1394.00000000", "price": "0.19899000", "time": "2025-07-13T11:31:57.351406Z", "fetched_at": "2025-07-13T11:37:51.672818+00:00", "symbol": "DOGE-USD"}, {"trade_id": 138803848, "side": "sell", "size": "0.60000000", "price": "0.19898000", "time": "2025-07-13T11:31:57.351406Z", "fetched_at": "2025-07-13T11:37:51.672818+00:00", "symbol": "DOGE-USD"}, {"trade_id": 138803847, "side": "sell", "size": "5.00000000", "price": "0.19898000", "time": "2025-07-13T11:31:55.317949Z", "fetched_at": "2025-07-13T11:37:51.672818+00:00", "symbol": "DOGE-USD"}, {"trade_id": 138803846, "side": "sell", "size": "5.60000000", "price": "0.19896000", "time": "2025-07-13T11:31:53.416062Z", "fetched_at": "2025-07-13T11:37:51.672818+00:00", "symbol": "DOGE-USD"}, {"trade_id": 138803845, "side": "sell", "size": "5.60000000", "price": "0.19894000", "time": "2025-07-13T11:31:53.410353Z", "fetched_at": "2025-07-13T11:37:51.672818+00:00", "symbol": "DOGE-USD"}, {"trade_id": 138803844, "side": "sell", "size": "5.60000000", "price": "0.19892000", "time": "2025-07-13T11:31:53.038424Z", "fetched_at": "2025-07-13T11:37:51.672818+00:00", "symbol": "DOGE-USD"}, {"trade_id": 138803843, "side": "buy", "size": "11384.30000000", "price": "0.19887000", "time": "2025-07-13T11:31:47.227124Z", "fetched_at": "2025-07-13T11:37:51.672818+00:00", "symbol": "DOGE-USD"}, {"trade_id": 138803842, "side": "buy", "size": "37.20000000", "price": "0.19888000", "time": "2025-07-13T11:31:47.227124Z", "fetched_at": "2025-07-13T11:37:51.672818+00:00", "symbol": "DOGE-USD"}, {"trade_id": 138803841, "side": "buy", "size": "1345.80000000", "price": "0.19888000", "time": "2025-07-13T11:31:47.227124Z", "fetched_at": "2025-07-13T11:37:51.672818+00:00", "symbol": "DOGE-USD"}, {"trade_id": 138803840, "side": "buy", "size": "5.60000000", "price": "0.19888000", "time": "2025-07-13T11:31:47.227124Z", "fetched_at": "2025-07-13T11:37:51.672818+00:00", "symbol": "DOGE-USD"}, {"trade_id": 138803839, "side": "buy", "size": "450.50000000", "price": "0.19888000", "time": "2025-07-13T11:31:47.227124Z", "fetched_at": "2025-07-13T11:37:51.672818+00:00", "symbol": "DOGE-USD"}, {"trade_id": 138803838, "side": "sell", "size": "4575.30000000", "price": "0.19892000", "time": "2025-07-13T11:31:18.225547Z", "fetched_at": "2025-07-13T11:37:51.672818+00:00", "symbol": "DOGE-USD"}, {"trade_id": 138803837, "side": "sell", "size": "5069.20000000", "price": "0.19892000", "time": "2025-07-13T11:31:18.225547Z", "fetched_at": "2025-07-13T11:37:51.672818+00:00", "symbol": "DOGE-USD"}, {"trade_id": 138803836, "side": "sell", "size": "1808.70000000", "price": "0.19892000", "time": "2025-07-13T11:31:18.225547Z", "fetched_at": "2025-07-13T11:37:51.672818+00:00", "symbol": "DOGE-USD"}, {"trade_id": 138803835, "side": "sell", "size": "1749.70000000", "price": "0.19892000", "time": "2025-07-13T11:31:18.225547Z", "fetched_at": "2025-07-13T11:37:51.672818+00:00", "symbol": "DOGE-USD"}, {"trade_id": 138803834, "side": "sell", "size": "1222.60000000", "price": "0.19891000", "time": "2025-07-13T11:31:18.225547Z", "fetched_at": "2025-07-13T11:37:51.672818+00:00", "symbol": "DOGE-USD"}, {"trade_id": 138803833, "side": "sell", "size": "3000.60000000", "price": "0.19891000", "time": "2025-07-13T11:31:18.225547Z", "fetched_at": "2025-07-13T11:37:51.672818+00:00", "symbol": "DOGE-USD"}, {"trade_id": 138803832, "side": "sell", "size": "2567.00000000", "price": "0.19891000", "time": "2025-07-13T11:31:18.225547Z", "fetched_at": "2025-07-13T11:37:51.672818+00:00", "symbol": "DOGE-USD"}, {"trade_id": 138803831, "side": "sell", "size": "2022.90000000", "price": "0.19891000", "time": "2025-07-13T11:31:18.225547Z", "fetched_at": "2025-07-13T11:37:51.672818+00:00", "symbol": "DOGE-USD"}, {"trade_id": 138803830, "side": "sell", "size": "1749.70000000", "price": "0.19891000", "time": "2025-07-13T11:31:18.225547Z", "fetched_at": "2025-07-13T11:37:51.672818+00:00", "symbol": "DOGE-USD"}, {"trade_id": 138803829, "side": "sell", "size": "50.30000000", "price": "0.19890000", "time": "2025-07-13T11:31:18.225547Z", "fetched_at": "2025-07-13T11:37:51.672818+00:00", "symbol": "DOGE-USD"}, {"trade_id": 138803828, "side": "sell", "size": "183.00000000", "price": "0.19889000", "time": "2025-07-13T11:31:18.225547Z", "fetched_at": "2025-07-13T11:37:51.672818+00:00", "symbol": "DOGE-USD"}, {"trade_id": 138803827, "side": "sell", "size": "1156.70000000", "price": "0.19889000", "time": "2025-07-13T11:31:18.225547Z", "fetched_at": "2025-07-13T11:37:51.672818+00:00", "symbol": "DOGE-USD"}, {"trade_id": 138803826, "side": "sell", "size": "254.90000000", "price": "0.19889000", "time": "2025-07-13T11:31:18.225547Z", "fetched_at": "2025-07-13T11:37:51.672818+00:00", "symbol": "DOGE-USD"}, {"trade_id": 138803825, "side": "buy", "size": "346.60000000", "price": "0.19890000", "time": "2025-07-13T11:31:03.561318Z", "fetched_at": "2025-07-13T11:37:51.672818+00:00", "symbol": "DOGE-USD"}, {"trade_id": 138803824, "side": "buy", "size": "5.60000000", "price": "0.19890000", "time": "2025-07-13T11:31:03.561318Z", "fetched_at": "2025-07-13T11:37:51.672818+00:00", "symbol": "DOGE-USD"}, {"trade_id": 138803823, "side": "sell", "size": "174.20000000", "price": "0.19891000", "time": "2025-07-13T11:30:57.373802Z", "fetched_at": "2025-07-13T11:37:51.672818+00:00", "symbol": "DOGE-USD"}, {"trade_id": 138803822, "side": "sell", "size": "789.70000000", "price": "0.19893000", "time": "2025-07-13T11:30:47.720224Z", "fetched_at": "2025-07-13T11:37:51.672818+00:00", "symbol": "DOGE-USD"}, {"trade_id": 138803821, "side": "sell", "size": "71.90000000", "price": "0.19891000", "time": "2025-07-13T11:30:47.648190Z", "fetched_at": "2025-07-13T11:37:51.672818+00:00", "symbol": "DOGE-USD"}, {"trade_id": 138803820, "side": "sell", "size": "183.00000000", "price": "0.19891000", "time": "2025-07-13T11:30:47.647861Z", "fetched_at": "2025-07-13T11:37:51.672818+00:00", "symbol": "DOGE-USD"}, {"trade_id": 138803819, "side": "buy", "size": "5.60000000", "price": "0.19890000", "time": "2025-07-13T11:30:47.634414Z", "fetched_at": "2025-07-13T11:37:51.672818+00:00", "symbol": "DOGE-USD"}, {"trade_id": 138803818, "side": "buy", "size": "17964.70000000", "price": "0.19891000", "time": "2025-07-13T11:30:47.633911Z", "fetched_at": "2025-07-13T11:37:51.672818+00:00", "symbol": "DOGE-USD"}, {"trade_id": 138803817, "side": "buy", "size": "9878.50000000", "price": "0.19892000", "time": "2025-07-13T11:30:47.632256Z", "fetched_at": "2025-07-13T11:37:51.672818+00:00", "symbol": "DOGE-USD"}, {"trade_id": 138803816, "side": "buy", "size": "1749.70000000", "price": "0.19892000", "time": "2025-07-13T11:30:47.632256Z", "fetched_at": "2025-07-13T11:37:51.672818+00:00", "symbol": "DOGE-USD"}, {"trade_id": 138803815, "side": "buy", "size": "5.60000000", "price": "0.19892000", "time": "2025-07-13T11:30:47.632256Z", "fetched_at": "2025-07-13T11:37:51.672818+00:00", "symbol": "DOGE-USD"}, {"trade_id": 138803814, "side": "buy", "size": "1119.10000000", "price": "0.19893000", "time": "2025-07-13T11:30:47.629940Z", "fetched_at": "2025-07-13T11:37:51.672818+00:00", "symbol": "DOGE-USD"}, {"trade_id": 138803813, "side": "buy", "size": "769.50000000", "price": "0.19893000", "time": "2025-07-13T11:30:47.629940Z", "fetched_at": "2025-07-13T11:37:51.672818+00:00", "symbol": "DOGE-USD"}, {"trade_id": 138803812, "side": "buy", "size": "30.20000000", "price": "0.19894000", "time": "2025-07-13T11:30:47.629940Z", "fetched_at": "2025-07-13T11:37:51.672818+00:00", "symbol": "DOGE-USD"}, {"trade_id": 138803811, "side": "buy", "size": "183.00000000", "price": "0.19895000", "time": "2025-07-13T11:30:47.629940Z", "fetched_at": "2025-07-13T11:37:51.672818+00:00", "symbol": "DOGE-USD"}, {"trade_id": 138803810, "side": "sell", "size": "95.30000000", "price": "0.19895000", "time": "2025-07-13T11:30:46.181268Z", "fetched_at": "2025-07-13T11:37:51.672818+00:00", "symbol": "DOGE-USD"}, {"trade_id": 138803809, "side": "sell", "size": "35925.00000000", "price": "0.19895000", "time": "2025-07-13T11:30:38.467350Z", "fetched_at": "2025-07-13T11:37:51.672818+00:00", "symbol": "DOGE-USD"}, {"trade_id": 138803808, "side": "sell", "size": "35926.30000000", "price": "0.19895000", "time": "2025-07-13T11:30:38.370647Z", "fetched_at": "2025-07-13T11:37:51.672818+00:00", "symbol": "DOGE-USD"}, {"trade_id": 138803807, "side": "buy", "size": "1534.70000000", "price": "0.19895000", "time": "2025-07-13T11:30:38.200341Z", "fetched_at": "2025-07-13T11:37:51.672818+00:00", "symbol": "DOGE-USD"}, {"trade_id": 138803806, "side": "buy", "size": "33.10000000", "price": "0.19896000", "time": "2025-07-13T11:30:38.200341Z", "fetched_at": "2025-07-13T11:37:51.672818+00:00", "symbol": "DOGE-USD"}, {"trade_id": 138803805, "side": "buy", "size": "33.10000000", "price": "0.19897000", "time": "2025-07-13T11:30:38.186722Z", "fetched_at": "2025-07-13T11:37:51.672818+00:00", "symbol": "DOGE-USD"}, {"trade_id": 138803804, "side": "sell", "size": "3016.90000000", "price": "0.19893000", "time": "2025-07-13T11:30:36.947703Z", "fetched_at": "2025-07-13T11:37:51.672818+00:00", "symbol": "DOGE-USD"}, {"trade_id": 138803803, "side": "sell", "size": "50.30000000", "price": "0.19890000", "time": "2025-07-13T11:30:36.937919Z", "fetched_at": "2025-07-13T11:37:51.672818+00:00", "symbol": "DOGE-USD"}, {"trade_id": 138803802, "side": "sell", "size": "1219.50000000", "price": "0.19889000", "time": "2025-07-13T11:30:36.932782Z", "fetched_at": "2025-07-13T11:37:51.672818+00:00", "symbol": "DOGE-USD"}, {"trade_id": 138803801, "side": "buy", "size": "50.30000000", "price": "0.19888000", "time": "2025-07-13T11:30:36.443729Z", "fetched_at": "2025-07-13T11:37:51.672818+00:00", "symbol": "DOGE-USD"}, {"trade_id": 138803800, "side": "buy", "size": "5.60000000", "price": "0.19890000", "time": "2025-07-13T11:30:36.407574Z", "fetched_at": "2025-07-13T11:37:51.672818+00:00", "symbol": "DOGE-USD"}, {"trade_id": 138803799, "side": "buy", "size": "5.60000000", "price": "0.19892000", "time": "2025-07-13T11:30:36.356972Z", "fetched_at": "2025-07-13T11:37:51.672818+00:00", "symbol": "DOGE-USD"}, {"trade_id": 138803798, "side": "buy", "size": "5.60000000", "price": "0.19894000", "time": "2025-07-13T11:30:35.953231Z", "fetched_at": "2025-07-13T11:37:51.672818+00:00", "symbol": "DOGE-USD"}, {"trade_id": 138803797, "side": "buy", "size": "5.60000000", "price": "0.19896000", "time": "2025-07-13T11:30:33.874428Z", "fetched_at": "2025-07-13T11:37:51.672818+00:00", "symbol": "DOGE-USD"}, {"trade_id": 138803796, "side": "buy", "size": "5.60000000", "price": "0.19898000", "time": "2025-07-13T11:30:31.105192Z", "fetched_at": "2025-07-13T11:37:51.672818+00:00", "symbol": "DOGE-USD"}, {"trade_id": 138803795, "side": "sell", "size": "13.00000000", "price": "0.19900000", "time": "2025-07-13T11:30:29.471733Z", "fetched_at": "2025-07-13T11:37:51.672818+00:00", "symbol": "DOGE-USD"}, {"trade_id": 138803794, "side": "buy", "size": "769.50000000", "price": "0.19900000", "time": "2025-07-13T11:30:25.911957Z", "fetched_at": "2025-07-13T11:37:51.672818+00:00", "symbol": "DOGE-USD"}, {"trade_id": 138803793, "side": "buy", "size": "5.60000000", "price": "0.19900000", "time": "2025-07-13T11:30:25.911957Z", "fetched_at": "2025-07-13T11:37:51.672818+00:00", "symbol": "DOGE-USD"}, {"trade_id": 138803792, "side": "buy", "size": "769.50000000", "price": "0.19901000", "time": "2025-07-13T11:30:25.897735Z", "fetched_at": "2025-07-13T11:37:51.672818+00:00", "symbol": "DOGE-USD"}, {"trade_id": 138803791, "side": "buy", "size": "5.60000000", "price": "0.19902000", "time": "2025-07-13T11:30:25.897735Z", "fetched_at": "2025-07-13T11:37:51.672818+00:00", "symbol": "DOGE-USD"}, {"trade_id": 138803790, "side": "buy", "size": "1567.80000000", "price": "0.19904000", "time": "2025-07-13T11:30:25.897735Z", "fetched_at": "2025-07-13T11:37:51.672818+00:00", "symbol": "DOGE-USD"}, {"trade_id": 138803789, "side": "buy", "size": "17915.20000000", "price": "0.19905000", "time": "2025-07-13T11:30:25.892351Z", "fetched_at": "2025-07-13T11:37:51.672818+00:00", "symbol": "DOGE-USD"}, {"trade_id": 138803788, "side": "buy", "size": "3288.20000000", "price": "0.19906000", "time": "2025-07-13T11:30:25.891131Z", "fetched_at": "2025-07-13T11:37:51.672818+00:00", "symbol": "DOGE-USD"}, {"trade_id": 138803787, "side": "buy", "size": "1906.70000000", "price": "0.19906000", "time": "2025-07-13T11:30:25.891015Z", "fetched_at": "2025-07-13T11:37:51.672818+00:00", "symbol": "DOGE-USD"}, {"trade_id": 138803786, "side": "buy", "size": "11399.40000000", "price": "0.19906000", "time": "2025-07-13T11:30:25.891015Z", "fetched_at": "2025-07-13T11:37:51.672818+00:00", "symbol": "DOGE-USD"}, {"trade_id": 138803785, "side": "buy", "size": "693.20000000", "price": "0.19906000", "time": "2025-07-13T11:30:25.890689Z", "fetched_at": "2025-07-13T11:37:51.672818+00:00", "symbol": "DOGE-USD"}, {"trade_id": 138803784, "side": "buy", "size": "1354.80000000", "price": "0.19906000", "time": "2025-07-13T11:30:25.890689Z", "fetched_at": "2025-07-13T11:37:51.672818+00:00", "symbol": "DOGE-USD"}, {"trade_id": 138803783, "side": "buy", "size": "1972.90000000", "price": "0.19906000", "time": "2025-07-13T11:30:25.890689Z", "fetched_at": "2025-07-13T11:37:51.672818+00:00", "symbol": "DOGE-USD"}, {"trade_id": 138803782, "side": "buy", "size": "3051.10000000", "price": "0.19906000", "time": "2025-07-13T11:30:25.890689Z", "fetched_at": "2025-07-13T11:37:51.672818+00:00", "symbol": "DOGE-USD"}, {"trade_id": 138803781, "side": "buy", "size": "954.20000000", "price": "0.19906000", "time": "2025-07-13T11:30:25.889900Z", "fetched_at": "2025-07-13T11:37:51.672818+00:00", "symbol": "DOGE-USD"}, {"trade_id": 138803780, "side": "buy", "size": "1514.50000000", "price": "0.19906000", "time": "2025-07-13T11:30:25.889655Z", "fetched_at": "2025-07-13T11:37:51.672818+00:00", "symbol": "DOGE-USD"}, {"trade_id": 138803779, "side": "buy", "size": "5.60000000", "price": "0.19906000", "time": "2025-07-13T11:30:25.889655Z", "fetched_at": "2025-07-13T11:37:51.672818+00:00", "symbol": "DOGE-USD"}, {"trade_id": 138803778, "side": "buy", "size": "1749.70000000", "price": "0.19906000", "time": "2025-07-13T11:30:25.889655Z", "fetched_at": "2025-07-13T11:37:51.672818+00:00", "symbol": "DOGE-USD"}, {"trade_id": 138803777, "side": "buy", "size": "5086.80000000", "price": "0.19907000", "time": "2025-07-13T11:30:25.889655Z", "fetched_at": "2025-07-13T11:37:51.672818+00:00", "symbol": "DOGE-USD"}, {"trade_id": 138803776, "side": "buy", "size": "645.90000000", "price": "0.19907000", "time": "2025-07-13T11:30:25.889356Z", "fetched_at": "2025-07-13T11:37:51.672818+00:00", "symbol": "DOGE-USD"}, {"trade_id": 138803775, "side": "buy", "size": "3164.10000000", "price": "0.19907000", "time": "2025-07-13T11:30:25.889356Z", "fetched_at": "2025-07-13T11:37:51.672818+00:00", "symbol": "DOGE-USD"}, {"trade_id": 138803774, "side": "buy", "size": "2660.10000000", "price": "0.19907000", "time": "2025-07-13T11:30:25.889356Z", "fetched_at": "2025-07-13T11:37:51.672818+00:00", "symbol": "DOGE-USD"}, {"trade_id": 138803773, "side": "buy", "size": "1749.70000000", "price": "0.19907000", "time": "2025-07-13T11:30:25.889356Z", "fetched_at": "2025-07-13T11:37:51.672818+00:00", "symbol": "DOGE-USD"}, {"trade_id": 138803772, "side": "buy", "size": "394.00000000", "price": "0.19908000", "time": "2025-07-13T11:30:25.889356Z", "fetched_at": "2025-07-13T11:37:51.672818+00:00", "symbol": "DOGE-USD"}, {"trade_id": 138803771, "side": "sell", "size": "17915.60000000", "price": "0.19908000", "time": "2025-07-13T11:30:23.057637Z", "fetched_at": "2025-07-13T11:37:51.672818+00:00", "symbol": "DOGE-USD"}, {"trade_id": 138803770, "side": "sell", "size": "5.60000000", "price": "0.19908000", "time": "2025-07-13T11:30:23.057637Z", "fetched_at": "2025-07-13T11:37:51.672818+00:00", "symbol": "DOGE-USD"}, {"trade_id": 138803769, "side": "buy", "size": "21.20000000", "price": "0.19901000", "time": "2025-07-13T11:30:19.409952Z", "fetched_at": "2025-07-13T11:37:51.672818+00:00", "symbol": "DOGE-USD"}, {"trade_id": 138803768, "side": "sell", "size": "125.00000000", "price": "0.19904000", "time": "2025-07-13T11:30:19.082646Z", "fetched_at": "2025-07-13T11:37:51.672818+00:00", "symbol": "DOGE-USD"}, {"trade_id": 138803767, "side": "buy", "size": "5.60000000", "price": "0.19900000", "time": "2025-07-13T11:30:15.347003Z", "fetched_at": "2025-07-13T11:37:51.672818+00:00", "symbol": "DOGE-USD"}, {"trade_id": 138803766, "side": "buy", "size": "5.60000000", "price": "0.19902000", "time": "2025-07-13T11:30:15.340979Z", "fetched_at": "2025-07-13T11:37:51.672818+00:00", "symbol": "DOGE-USD"}, {"trade_id": 138803765, "side": "sell", "size": "150.80000000", "price": "0.19903000", "time": "2025-07-13T11:30:14.470638Z", "fetched_at": "2025-07-13T11:37:51.672818+00:00", "symbol": "DOGE-USD"}, {"trade_id": 138803764, "side": "buy", "size": "5.60000000", "price": "0.19904000", "time": "2025-07-13T11:30:13.520123Z", "fetched_at": "2025-07-13T11:37:51.672818+00:00", "symbol": "DOGE-USD"}, {"trade_id": 138803763, "side": "sell", "size": "351.40000000", "price": "0.19907000", "time": "2025-07-13T11:30:13.106674Z", "fetched_at": "2025-07-13T11:37:51.672818+00:00", "symbol": "DOGE-USD"}, {"trade_id": 138803762, "side": "sell", "size": "9467.00000000", "price": "0.19906000", "time": "2025-07-13T11:30:13.106674Z", "fetched_at": "2025-07-13T11:37:51.672818+00:00", "symbol": "DOGE-USD"}, {"trade_id": 138803761, "side": "sell", "size": "1749.70000000", "price": "0.19906000", "time": "2025-07-13T11:30:13.106674Z", "fetched_at": "2025-07-13T11:37:51.672818+00:00", "symbol": "DOGE-USD"}, {"trade_id": 138803760, "side": "sell", "size": "50.30000000", "price": "0.19905000", "time": "2025-07-13T11:30:13.106674Z", "fetched_at": "2025-07-13T11:37:51.672818+00:00", "symbol": "DOGE-USD"}, {"trade_id": 138803759, "side": "sell", "size": "1156.80000000", "price": "0.19905000", "time": "2025-07-13T11:30:13.106674Z", "fetched_at": "2025-07-13T11:37:51.672818+00:00", "symbol": "DOGE-USD"}, {"trade_id": 138803758, "side": "sell", "size": "183.00000000", "price": "0.19905000", "time": "2025-07-13T11:30:13.106674Z", "fetched_at": "2025-07-13T11:37:51.672818+00:00", "symbol": "DOGE-USD"}, {"trade_id": 138803757, "side": "sell", "size": "265.20000000", "price": "0.19905000", "time": "2025-07-13T11:30:13.106674Z", "fetched_at": "2025-07-13T11:37:51.672818+00:00", "symbol": "DOGE-USD"}, {"trade_id": 138803756, "side": "sell", "size": "5.60000000", "price": "0.19914000", "time": "2025-07-13T11:29:45.726196Z", "fetched_at": "2025-07-13T11:37:51.672818+00:00", "symbol": "DOGE-USD"}, {"trade_id": 138803755, "side": "sell", "size": "50.30000000", "price": "0.19913000", "time": "2025-07-13T11:29:45.726196Z", "fetched_at": "2025-07-13T11:37:51.672818+00:00", "symbol": "DOGE-USD"}, {"trade_id": 138803754, "side": "sell", "size": "5.60000000", "price": "0.19914000", "time": "2025-07-13T11:29:27.832799Z", "fetched_at": "2025-07-13T11:37:51.672818+00:00", "symbol": "DOGE-USD"}, {"trade_id": 138803753, "side": "sell", "size": "77.50000000", "price": "0.19914000", "time": "2025-07-13T11:29:27.832799Z", "fetched_at": "2025-07-13T11:37:51.672818+00:00", "symbol": "DOGE-USD"}, {"trade_id": 138803752, "side": "sell", "size": "981.50000000", "price": "0.19914000", "time": "2025-07-13T11:29:27.832799Z", "fetched_at": "2025-07-13T11:37:51.672818+00:00", "symbol": "DOGE-USD"}, {"trade_id": 138803751, "side": "sell", "size": "0.10000000", "price": "0.19914000", "time": "2025-07-13T11:29:27.832799Z", "fetched_at": "2025-07-13T11:37:51.672818+00:00", "symbol": "DOGE-USD"}, {"trade_id": 138803750, "side": "sell", "size": "2966.90000000", "price": "0.19913000", "time": "2025-07-13T11:29:27.828583Z", "fetched_at": "2025-07-13T11:37:51.672818+00:00", "symbol": "DOGE-USD"}, {"trade_id": 138803749, "side": "sell", "size": "82.70000000", "price": "0.19913000", "time": "2025-07-13T11:29:27.828583Z", "fetched_at": "2025-07-13T11:37:51.672818+00:00", "symbol": "DOGE-USD"}, {"trade_id": 138803748, "side": "sell", "size": "116.90000000", "price": "0.19913000", "time": "2025-07-13T11:29:27.828583Z", "fetched_at": "2025-07-13T11:37:51.672818+00:00", "symbol": "DOGE-USD"}, {"trade_id": 138803747, "side": "sell", "size": "5.60000000", "price": "0.19912000", "time": "2025-07-13T11:29:27.828583Z", "fetched_at": "2025-07-13T11:37:51.672818+00:00", "symbol": "DOGE-USD"}, {"trade_id": 138803746, "side": "sell", "size": "143.00000000", "price": "0.19912000", "time": "2025-07-13T11:29:27.828583Z", "fetched_at": "2025-07-13T11:37:51.672818+00:00", "symbol": "DOGE-USD"}, {"trade_id": 138803745, "side": "sell", "size": "5.60000000", "price": "0.19910000", "time": "2025-07-13T11:29:27.329429Z", "fetched_at": "2025-07-13T11:37:51.672818+00:00", "symbol": "DOGE-USD"}, {"trade_id": 138803744, "side": "sell", "size": "44.10000000", "price": "0.19908000", "time": "2025-07-13T11:29:22.908812Z", "fetched_at": "2025-07-13T11:37:51.672818+00:00", "symbol": "DOGE-USD"}, {"trade_id": 138803743, "side": "sell", "size": "5.60000000", "price": "0.19908000", "time": "2025-07-13T11:29:22.908812Z", "fetched_at": "2025-07-13T11:37:51.672818+00:00", "symbol": "DOGE-USD"}, {"trade_id": 138803742, "side": "buy", "size": "32.80000000", "price": "0.19904000", "time": "2025-07-13T11:29:12.458613Z", "fetched_at": "2025-07-13T11:37:51.672818+00:00", "symbol": "DOGE-USD"}, {"trade_id": 138803741, "side": "buy", "size": "2000.00000000", "price": "0.19904000", "time": "2025-07-13T11:29:12.458613Z", "fetched_at": "2025-07-13T11:37:51.672818+00:00", "symbol": "DOGE-USD"}, {"trade_id": 138803740, "side": "sell", "size": "213.70000000", "price": "0.19908000", "time": "2025-07-13T11:29:11.585581Z", "fetched_at": "2025-07-13T11:37:51.672818+00:00", "symbol": "DOGE-USD"}, {"trade_id": 138803739, "side": "sell", "size": "5.60000000", "price": "0.19908000", "time": "2025-07-13T11:29:11.585581Z", "fetched_at": "2025-07-13T11:37:51.672818+00:00", "symbol": "DOGE-USD"}, {"trade_id": 138803738, "side": "sell", "size": "50.30000000", "price": "0.19907000", "time": "2025-07-13T11:29:11.585581Z", "fetched_at": "2025-07-13T11:37:51.672818+00:00", "symbol": "DOGE-USD"}, {"trade_id": 138803737, "side": "sell", "size": "5.60000000", "price": "0.19906000", "time": "2025-07-13T11:29:11.585581Z", "fetched_at": "2025-07-13T11:37:51.672818+00:00", "symbol": "DOGE-USD"}, {"trade_id": 138803736, "side": "sell", "size": "0.10000000", "price": "0.19906000", "time": "2025-07-13T11:29:11.585581Z", "fetched_at": "2025-07-13T11:37:51.672818+00:00", "symbol": "DOGE-USD"}, {"trade_id": 138803735, "side": "sell", "size": "50.30000000", "price": "0.19905000", "time": "2025-07-13T11:29:03.803728Z", "fetched_at": "2025-07-13T11:37:51.672818+00:00", "symbol": "DOGE-USD"}, {"trade_id": 138803734, "side": "sell", "size": "210.00000000", "price": "0.19905000", "time": "2025-07-13T11:29:03.803728Z", "fetched_at": "2025-07-13T11:37:51.672818+00:00", "symbol": "DOGE-USD"}, {"trade_id": 138803733, "side": "sell", "size": "5.60000000", "price": "0.19904000", "time": "2025-07-13T11:29:03.803728Z", "fetched_at": "2025-07-13T11:37:51.672818+00:00", "symbol": "DOGE-USD"}, {"trade_id": 138803732, "side": "sell", "size": "5.60000000", "price": "0.19902000", "time": "2025-07-13T11:29:03.803728Z", "fetched_at": "2025-07-13T11:37:51.672818+00:00", "symbol": "DOGE-USD"}, {"trade_id": 138803731, "side": "sell", "size": "5.60000000", "price": "0.19900000", "time": "2025-07-13T11:29:01.733406Z", "fetched_at": "2025-07-13T11:37:51.672818+00:00", "symbol": "DOGE-USD"}, {"trade_id": 138803730, "side": "sell", "size": "5.60000000", "price": "0.19898000", "time": "2025-07-13T11:29:01.733406Z", "fetched_at": "2025-07-13T11:37:51.672818+00:00", "symbol": "DOGE-USD"}, {"trade_id": 138803729, "side": "sell", "size": "220.20000000", "price": "0.19896000", "time": "2025-07-13T11:28:56.990093Z", "fetched_at": "2025-07-13T11:37:51.672818+00:00", "symbol": "DOGE-USD"}, {"trade_id": 138803728, "side": "sell", "size": "5.60000000", "price": "0.19896000", "time": "2025-07-13T11:28:56.990093Z", "fetched_at": "2025-07-13T11:37:51.672818+00:00", "symbol": "DOGE-USD"}, {"trade_id": 138803727, "side": "sell", "size": "86.50000000", "price": "0.19895000", "time": "2025-07-13T11:28:53.309741Z", "fetched_at": "2025-07-13T11:37:51.672818+00:00", "symbol": "DOGE-USD"}, {"trade_id": 138803726, "side": "sell", "size": "5.60000000", "price": "0.19894000", "time": "2025-07-13T11:28:53.309741Z", "fetched_at": "2025-07-13T11:37:51.672818+00:00", "symbol": "DOGE-USD"}, {"trade_id": 138803725, "side": "sell", "size": "5.60000000", "price": "0.19892000", "time": "2025-07-13T11:28:53.309741Z", "fetched_at": "2025-07-13T11:37:51.672818+00:00", "symbol": "DOGE-USD"}, {"trade_id": 138803724, "side": "sell", "size": "267.90000000", "price": "0.19888000", "time": "2025-07-13T11:28:47.564508Z", "fetched_at": "2025-07-13T11:37:51.672818+00:00", "symbol": "DOGE-USD"}, {"trade_id": 138803723, "side": "buy", "size": "5.60000000", "price": "0.19888000", "time": "2025-07-13T11:28:42.601605Z", "fetched_at": "2025-07-13T11:37:51.672818+00:00", "symbol": "DOGE-USD"}, {"trade_id": 138803722, "side": "buy", "size": "2000.00000000", "price": "0.19890000", "time": "2025-07-13T11:28:42.435752Z", "fetched_at": "2025-07-13T11:37:51.672818+00:00", "symbol": "DOGE-USD"}, {"trade_id": 138803721, "side": "buy", "size": "5.60000000", "price": "0.19890000", "time": "2025-07-13T11:28:42.435752Z", "fetched_at": "2025-07-13T11:37:51.672818+00:00", "symbol": "DOGE-USD"}, {"trade_id": 138803720, "side": "buy", "size": "706.90000000", "price": "0.19893000", "time": "2025-07-13T11:28:40.067824Z", "fetched_at": "2025-07-13T11:37:51.672818+00:00", "symbol": "DOGE-USD"}, {"trade_id": 138803719, "side": "buy", "size": "2000.00000000", "price": "0.19893000", "time": "2025-07-13T11:28:40.067824Z", "fetched_at": "2025-07-13T11:37:51.672818+00:00", "symbol": "DOGE-USD"}, {"trade_id": 138803718, "side": "buy", "size": "1749.70000000", "price": "0.19894000", "time": "2025-07-13T11:28:40.067824Z", "fetched_at": "2025-07-13T11:37:51.672818+00:00", "symbol": "DOGE-USD"}, {"trade_id": 138803717, "side": "buy", "size": "34.30000000", "price": "0.19895000", "time": "2025-07-13T11:28:40.067824Z", "fetched_at": "2025-07-13T11:37:51.672818+00:00", "symbol": "DOGE-USD"}, {"trade_id": 138803716, "side": "sell", "size": "5.60000000", "price": "0.19896000", "time": "2025-07-13T11:28:35.314866Z", "fetched_at": "2025-07-13T11:37:51.672818+00:00", "symbol": "DOGE-USD"}, {"trade_id": 138803715, "side": "sell", "size": "5.60000000", "price": "0.19894000", "time": "2025-07-13T11:28:32.511851Z", "fetched_at": "2025-07-13T11:37:51.672818+00:00", "symbol": "DOGE-USD"}, {"trade_id": 138803714, "side": "sell", "size": "5.60000000", "price": "0.19892000", "time": "2025-07-13T11:28:32.511851Z", "fetched_at": "2025-07-13T11:37:51.672818+00:00", "symbol": "DOGE-USD"}, {"trade_id": 138803713, "side": "buy", "size": "343.50000000", "price": "0.19891000", "time": "2025-07-13T11:28:25.109065Z", "fetched_at": "2025-07-13T11:37:51.672818+00:00", "symbol": "DOGE-USD"}, {"trade_id": 138803712, "side": "sell", "size": "5.60000000", "price": "0.19890000", "time": "2025-07-13T11:28:20.845550Z", "fetched_at": "2025-07-13T11:37:51.672818+00:00", "symbol": "DOGE-USD"}, {"trade_id": 138803711, "side": "sell", "size": "5.60000000", "price": "0.19888000", "time": "2025-07-13T11:28:17.068739Z", "fetched_at": "2025-07-13T11:37:51.672818+00:00", "symbol": "DOGE-USD"}, {"trade_id": 138803710, "side": "buy", "size": "15.50000000", "price": "0.19883000", "time": "2025-07-13T11:28:00.640574Z", "fetched_at": "2025-07-13T11:37:51.672818+00:00", "symbol": "DOGE-USD"}, {"trade_id": 138803709, "side": "buy", "size": "36.30000000", "price": "0.19884000", "time": "2025-07-13T11:28:00.640574Z", "fetched_at": "2025-07-13T11:37:51.672818+00:00", "symbol": "DOGE-USD"}, {"trade_id": 138803708, "side": "sell", "size": "1310.20000000", "price": "0.19886000", "time": "2025-07-13T11:27:57.859805Z", "fetched_at": "2025-07-13T11:37:51.672818+00:00", "symbol": "DOGE-USD"}, {"trade_id": 138803707, "side": "buy", "size": "1231.40000000", "price": "0.19886000", "time": "2025-07-13T11:27:57.045065Z", "fetched_at": "2025-07-13T11:37:51.672818+00:00", "symbol": "DOGE-USD"}, {"trade_id": 138803706, "side": "buy", "size": "1411.70000000", "price": "0.19883000", "time": "2025-07-13T11:27:57.044831Z", "fetched_at": "2025-07-13T11:37:51.672818+00:00", "symbol": "DOGE-USD"}, {"trade_id": 138803705, "side": "buy", "size": "1868.60000000", "price": "0.19883000", "time": "2025-07-13T11:27:57.044831Z", "fetched_at": "2025-07-13T11:37:51.672818+00:00", "symbol": "DOGE-USD"}, {"trade_id": 138803704, "side": "buy", "size": "488.10000000", "price": "0.19883000", "time": "2025-07-13T11:27:57.044831Z", "fetched_at": "2025-07-13T11:37:51.672818+00:00", "symbol": "DOGE-USD"}, {"trade_id": 138803703, "side": "buy", "size": "5.60000000", "price": "0.19884000", "time": "2025-07-13T11:27:57.042527Z", "fetched_at": "2025-07-13T11:37:51.672818+00:00", "symbol": "DOGE-USD"}, {"trade_id": 138803702, "side": "buy", "size": "39.70000000", "price": "0.19887000", "time": "2025-07-13T11:27:57.042355Z", "fetched_at": "2025-07-13T11:37:51.672818+00:00", "symbol": "DOGE-USD"}, {"trade_id": 138803701, "side": "sell", "size": "492.90000000", "price": "0.19887000", "time": "2025-07-13T11:27:55.307031Z", "fetched_at": "2025-07-13T11:37:51.672818+00:00", "symbol": "DOGE-USD"}, {"trade_id": 138803700, "side": "buy", "size": "2713.20000000", "price": "0.19885000", "time": "2025-07-13T11:27:53.729946Z", "fetched_at": "2025-07-13T11:37:51.672818+00:00", "symbol": "DOGE-USD"}, {"trade_id": 138803699, "side": "buy", "size": "2005.40000000", "price": "0.19885000", "time": "2025-07-13T11:27:53.729946Z", "fetched_at": "2025-07-13T11:37:51.672818+00:00", "symbol": "DOGE-USD"}, {"trade_id": 138803698, "side": "buy", "size": "2903.80000000", "price": "0.19885000", "time": "2025-07-13T11:27:53.729946Z", "fetched_at": "2025-07-13T11:37:51.672818+00:00", "symbol": "DOGE-USD"}, {"trade_id": 138803697, "side": "buy", "size": "1749.70000000", "price": "0.19885000", "time": "2025-07-13T11:27:53.729946Z", "fetched_at": "2025-07-13T11:37:51.672818+00:00", "symbol": "DOGE-USD"}, {"trade_id": 138803696, "side": "buy", "size": "3016.60000000", "price": "0.19886000", "time": "2025-07-13T11:27:53.729946Z", "fetched_at": "2025-07-13T11:37:51.672818+00:00", "symbol": "DOGE-USD"}, {"trade_id": 138803695, "side": "buy", "size": "5.60000000", "price": "0.19886000", "time": "2025-07-13T11:27:53.729946Z", "fetched_at": "2025-07-13T11:37:51.672818+00:00", "symbol": "DOGE-USD"}, {"trade_id": 138803694, "side": "buy", "size": "41.40000000", "price": "0.19887000", "time": "2025-07-13T11:27:53.729946Z", "fetched_at": "2025-07-13T11:37:51.672818+00:00", "symbol": "DOGE-USD"}, {"trade_id": 138803693, "side": "sell", "size": "23.60000000", "price": "0.19889000", "time": "2025-07-13T11:27:52.078538Z", "fetched_at": "2025-07-13T11:37:51.672818+00:00", "symbol": "DOGE-USD"}, {"trade_id": 138803692, "side": "buy", "size": "250.70000000", "price": "0.19891000", "time": "2025-07-13T11:27:46.462456Z", "fetched_at": "2025-07-13T11:37:51.672818+00:00", "symbol": "DOGE-USD"}, {"trade_id": 138803691, "side": "buy", "size": "42.70000000", "price": "0.19888000", "time": "2025-07-13T11:27:41.130496Z", "fetched_at": "2025-07-13T11:37:51.672818+00:00", "symbol": "DOGE-USD"}, {"trade_id": 138803690, "side": "buy", "size": "5.60000000", "price": "0.19888000", "time": "2025-07-13T11:27:41.130496Z", "fetched_at": "2025-07-13T11:37:51.672818+00:00", "symbol": "DOGE-USD"}, {"trade_id": 138803689, "side": "sell", "size": "13739.90000000", "price": "0.19895000", "time": "2025-07-13T11:27:27.816313Z", "fetched_at": "2025-07-13T11:37:51.672818+00:00", "symbol": "DOGE-USD"}, {"trade_id": 138803688, "side": "sell", "size": "2604.80000000", "price": "0.19895000", "time": "2025-07-13T11:27:27.816313Z", "fetched_at": "2025-07-13T11:37:51.672818+00:00", "symbol": "DOGE-USD"}, {"trade_id": 138803687, "side": "sell", "size": "1749.70000000", "price": "0.19895000", "time": "2025-07-13T11:27:27.816313Z", "fetched_at": "2025-07-13T11:37:51.672818+00:00", "symbol": "DOGE-USD"}, {"trade_id": 138803686, "side": "sell", "size": "5616.40000000", "price": "0.19895000", "time": "2025-07-13T11:27:27.816313Z", "fetched_at": "2025-07-13T11:37:51.672818+00:00", "symbol": "DOGE-USD"}, {"trade_id": 138803685, "side": "sell", "size": "769.50000000", "price": "0.19895000", "time": "2025-07-13T11:27:27.816313Z", "fetched_at": "2025-07-13T11:37:51.672818+00:00", "symbol": "DOGE-USD"}, {"trade_id": 138803684, "side": "sell", "size": "1285.90000000", "price": "0.19894000", "time": "2025-07-13T11:27:27.816313Z", "fetched_at": "2025-07-13T11:37:51.672818+00:00", "symbol": "DOGE-USD"}, {"trade_id": 138803683, "side": "sell", "size": "1914.80000000", "price": "0.19894000", "time": "2025-07-13T11:27:27.816313Z", "fetched_at": "2025-07-13T11:37:51.672818+00:00", "symbol": "DOGE-USD"}, {"trade_id": 138803682, "side": "sell", "size": "1873.70000000", "price": "0.19894000", "time": "2025-07-13T11:27:27.816313Z", "fetched_at": "2025-07-13T11:37:51.672818+00:00", "symbol": "DOGE-USD"}, {"trade_id": 138803681, "side": "sell", "size": "2667.10000000", "price": "0.19894000", "time": "2025-07-13T11:27:27.816313Z", "fetched_at": "2025-07-13T11:37:51.672818+00:00", "symbol": "DOGE-USD"}, {"trade_id": 138803680, "side": "sell", "size": "1749.70000000", "price": "0.19894000", "time": "2025-07-13T11:27:27.816313Z", "fetched_at": "2025-07-13T11:37:51.672818+00:00", "symbol": "DOGE-USD"}, {"trade_id": 138803679, "side": "sell", "size": "5.60000000", "price": "0.19894000", "time": "2025-07-13T11:27:27.816313Z", "fetched_at": "2025-07-13T11:37:51.672818+00:00", "symbol": "DOGE-USD"}, {"trade_id": 138803678, "side": "sell", "size": "4886.10000000", "price": "0.19893000", "time": "2025-07-13T11:27:27.816313Z", "fetched_at": "2025-07-13T11:37:51.672818+00:00", "symbol": "DOGE-USD"}, {"trade_id": 138803677, "side": "sell", "size": "1749.70000000", "price": "0.19893000", "time": "2025-07-13T11:27:27.816313Z", "fetched_at": "2025-07-13T11:37:51.672818+00:00", "symbol": "DOGE-USD"}, {"trade_id": 138803676, "side": "sell", "size": "1334.80000000", "price": "0.19893000", "time": "2025-07-13T11:27:27.816313Z", "fetched_at": "2025-07-13T11:37:51.672818+00:00", "symbol": "DOGE-USD"}, {"trade_id": 138803675, "side": "sell", "size": "50.30000000", "price": "0.19892000", "time": "2025-07-13T11:27:27.816313Z", "fetched_at": "2025-07-13T11:37:51.672818+00:00", "symbol": "DOGE-USD"}, {"trade_id": 138803674, "side": "sell", "size": "5.60000000", "price": "0.19892000", "time": "2025-07-13T11:27:27.816313Z", "fetched_at": "2025-07-13T11:37:51.672818+00:00", "symbol": "DOGE-USD"}, {"trade_id": 138803673, "side": "sell", "size": "5.60000000", "price": "0.19890000", "time": "2025-07-13T11:27:27.816313Z", "fetched_at": "2025-07-13T11:37:51.672818+00:00", "symbol": "DOGE-USD"}, {"trade_id": 138803672, "side": "sell", "size": "5.60000000", "price": "0.19888000", "time": "2025-07-13T11:27:27.816313Z", "fetched_at": "2025-07-13T11:37:51.672818+00:00", "symbol": "DOGE-USD"}, {"trade_id": 138803671, "side": "sell", "size": "5.60000000", "price": "0.19886000", "time": "2025-07-13T11:27:27.816313Z", "fetched_at": "2025-07-13T11:37:51.672818+00:00", "symbol": "DOGE-USD"}, {"trade_id": 138803670, "side": "sell", "size": "5.60000000", "price": "0.19884000", "time": "2025-07-13T11:27:26.387118Z", "fetched_at": "2025-07-13T11:37:51.672818+00:00", "symbol": "DOGE-USD"}, {"trade_id": 138803669, "side": "sell", "size": "5.60000000", "price": "0.19882000", "time": "2025-07-13T11:27:16.991361Z", "fetched_at": "2025-07-13T11:37:51.672818+00:00", "symbol": "DOGE-USD"}, {"trade_id": 138803668, "side": "sell", "size": "26.00000000", "price": "0.19882000", "time": "2025-07-13T11:26:49.806995Z", "fetched_at": "2025-07-13T11:37:51.672818+00:00", "symbol": "DOGE-USD"}, {"trade_id": 138803667, "side": "sell", "size": "5.60000000", "price": "0.19882000", "time": "2025-07-13T11:26:49.806995Z", "fetched_at": "2025-07-13T11:37:51.672818+00:00", "symbol": "DOGE-USD"}, {"trade_id": 138803666, "side": "sell", "size": "5.60000000", "price": "0.19880000", "time": "2025-07-13T11:26:49.806995Z", "fetched_at": "2025-07-13T11:37:51.672818+00:00", "symbol": "DOGE-USD"}, {"trade_id": 138803665, "side": "sell", "size": "11.40000000", "price": "0.19878000", "time": "2025-07-13T11:26:49.806995Z", "fetched_at": "2025-07-13T11:37:51.672818+00:00", "symbol": "DOGE-USD"}, {"trade_id": 138803664, "side": "buy", "size": "5.60000000", "price": "0.19876000", "time": "2025-07-13T11:26:29.840529Z", "fetched_at": "2025-07-13T11:37:51.672818+00:00", "symbol": "DOGE-USD"}, {"trade_id": 138803663, "side": "buy", "size": "2500.00000000", "price": "0.19878000", "time": "2025-07-13T11:26:29.737807Z", "fetched_at": "2025-07-13T11:37:51.672818+00:00", "symbol": "DOGE-USD"}, {"trade_id": 138803662, "side": "buy", "size": "5.60000000", "price": "0.19878000", "time": "2025-07-13T11:26:29.737807Z", "fetched_at": "2025-07-13T11:37:51.672818+00:00", "symbol": "DOGE-USD"}, {"trade_id": 138803661, "side": "buy", "size": "2000.00000000", "price": "0.19880000", "time": "2025-07-13T11:26:29.736351Z", "fetched_at": "2025-07-13T11:37:51.672818+00:00", "symbol": "DOGE-USD"}, {"trade_id": 138803660, "side": "buy", "size": "5.60000000", "price": "0.19880000", "time": "2025-07-13T11:26:29.736351Z", "fetched_at": "2025-07-13T11:37:51.672818+00:00", "symbol": "DOGE-USD"}, {"trade_id": 138803659, "side": "buy", "size": "41.40000000", "price": "0.19881000", "time": "2025-07-13T11:26:29.736108Z", "fetched_at": "2025-07-13T11:37:51.672818+00:00", "symbol": "DOGE-USD"}, {"trade_id": 138803658, "side": "buy", "size": "1172.50000000", "price": "0.19882000", "time": "2025-07-13T11:26:29.735618Z", "fetched_at": "2025-07-13T11:37:51.672818+00:00", "symbol": "DOGE-USD"}, {"trade_id": 138803657, "side": "sell", "size": "165.20000000", "price": "0.19886000", "time": "2025-07-13T11:26:23.864358Z", "fetched_at": "2025-07-13T11:37:51.672818+00:00", "symbol": "DOGE-USD"}, {"trade_id": 138803656, "side": "sell", "size": "1749.70000000", "price": "0.19886000", "time": "2025-07-13T11:26:23.864358Z", "fetched_at": "2025-07-13T11:37:51.672818+00:00", "symbol": "DOGE-USD"}, {"trade_id": 138803655, "side": "sell", "size": "5.60000000", "price": "0.19886000", "time": "2025-07-13T11:26:23.864358Z", "fetched_at": "2025-07-13T11:37:51.672818+00:00", "symbol": "DOGE-USD"}, {"trade_id": 138803654, "side": "sell", "size": "50.40000000", "price": "0.19885000", "time": "2025-07-13T11:26:23.864358Z", "fetched_at": "2025-07-13T11:37:51.672818+00:00", "symbol": "DOGE-USD"}, {"trade_id": 138803653, "side": "sell", "size": "1271.20000000", "price": "0.19884000", "time": "2025-07-13T11:26:23.864358Z", "fetched_at": "2025-07-13T11:37:51.672818+00:00", "symbol": "DOGE-USD"}, {"trade_id": 138803652, "side": "sell", "size": "11.40000000", "price": "0.19881000", "time": "2025-07-13T11:26:23.864358Z", "fetched_at": "2025-07-13T11:37:51.672818+00:00", "symbol": "DOGE-USD"}, {"trade_id": 138803651, "side": "buy", "size": "43.90000000", "price": "0.19888000", "time": "2025-07-13T11:26:18.464016Z", "fetched_at": "2025-07-13T11:37:51.672818+00:00", "symbol": "DOGE-USD"}, {"trade_id": 138803650, "side": "buy", "size": "5617.80000000", "price": "0.19884000", "time": "2025-07-13T11:26:18.460062Z", "fetched_at": "2025-07-13T11:37:51.672818+00:00", "symbol": "DOGE-USD"}, {"trade_id": 138803649, "side": "buy", "size": "436.70000000", "price": "0.19884000", "time": "2025-07-13T11:26:18.460062Z", "fetched_at": "2025-07-13T11:37:51.672818+00:00", "symbol": "DOGE-USD"}, {"trade_id": 138803648, "side": "buy", "size": "5617.80000000", "price": "0.19885000", "time": "2025-07-13T11:26:18.459406Z", "fetched_at": "2025-07-13T11:37:51.672818+00:00", "symbol": "DOGE-USD"}, {"trade_id": 138803647, "side": "buy", "size": "4761.70000000", "price": "0.19886000", "time": "2025-07-13T11:26:18.459406Z", "fetched_at": "2025-07-13T11:37:51.672818+00:00", "symbol": "DOGE-USD"}, {"trade_id": 138803646, "side": "buy", "size": "5614.10000000", "price": "0.19886000", "time": "2025-07-13T11:26:18.459406Z", "fetched_at": "2025-07-13T11:37:51.672818+00:00", "symbol": "DOGE-USD"}, {"trade_id": 138803645, "side": "buy", "size": "4767.10000000", "price": "0.19886000", "time": "2025-07-13T11:26:18.459406Z", "fetched_at": "2025-07-13T11:37:51.672818+00:00", "symbol": "DOGE-USD"}, {"trade_id": 138803644, "side": "buy", "size": "1246.20000000", "price": "0.19887000", "time": "2025-07-13T11:26:18.454985Z", "fetched_at": "2025-07-13T11:37:51.672818+00:00", "symbol": "DOGE-USD"}, {"trade_id": 138803643, "side": "buy", "size": "7959.60000000", "price": "0.19887000", "time": "2025-07-13T11:26:18.454985Z", "fetched_at": "2025-07-13T11:37:51.672818+00:00", "symbol": "DOGE-USD"}, {"trade_id": 138803642, "side": "buy", "size": "10093.80000000", "price": "0.19887000", "time": "2025-07-13T11:26:18.454504Z", "fetched_at": "2025-07-13T11:37:51.672818+00:00", "symbol": "DOGE-USD"}, {"trade_id": 138803641, "side": "buy", "size": "43.90000000", "price": "0.19888000", "time": "2025-07-13T11:26:18.454504Z", "fetched_at": "2025-07-13T11:37:51.672818+00:00", "symbol": "DOGE-USD"}, {"trade_id": 138803640, "side": "buy", "size": "254.90000000", "price": "0.19889000", "time": "2025-07-13T11:26:18.454504Z", "fetched_at": "2025-07-13T11:37:51.672818+00:00", "symbol": "DOGE-USD"}, {"trade_id": 138803639, "side": "sell", "size": "69.90000000", "price": "0.19893000", "time": "2025-07-13T11:26:16.274186Z", "fetched_at": "2025-07-13T11:37:51.672818+00:00", "symbol": "DOGE-USD"}, {"trade_id": 138803638, "side": "sell", "size": "50.30000000", "price": "0.19892000", "time": "2025-07-13T11:26:16.274186Z", "fetched_at": "2025-07-13T11:37:51.672818+00:00", "symbol": "DOGE-USD"}, {"trade_id": 138803637, "side": "sell", "size": "5.60000000", "price": "0.19892000", "time": "2025-07-13T11:26:16.274186Z", "fetched_at": "2025-07-13T11:37:51.672818+00:00", "symbol": "DOGE-USD"}, {"trade_id": 138803636, "side": "sell", "size": "5.60000000", "price": "0.19890000", "time": "2025-07-13T11:26:16.274186Z", "fetched_at": "2025-07-13T11:37:51.672818+00:00", "symbol": "DOGE-USD"}, {"trade_id": 138803635, "side": "sell", "size": "5.60000000", "price": "0.19888000", "time": "2025-07-13T11:26:16.274186Z", "fetched_at": "2025-07-13T11:37:51.672818+00:00", "symbol": "DOGE-USD"}, {"trade_id": 138803634, "side": "sell", "size": "5.60000000", "price": "0.19886000", "time": "2025-07-13T11:26:16.016555Z", "fetched_at": "2025-07-13T11:37:51.672818+00:00", "symbol": "DOGE-USD"}, {"trade_id": 138803633, "side": "sell", "size": "5.60000000", "price": "0.19884000", "time": "2025-07-13T11:26:13.731214Z", "fetched_at": "2025-07-13T11:37:51.672818+00:00", "symbol": "DOGE-USD"}, {"trade_id": 138803632, "side": "sell", "size": "50.40000000", "price": "0.19883000", "time": "2025-07-13T11:26:08.241875Z", "fetched_at": "2025-07-13T11:37:51.672818+00:00", "symbol": "DOGE-USD"}, {"trade_id": 138803631, "side": "sell", "size": "5.60000000", "price": "0.19882000", "time": "2025-07-13T11:26:08.234296Z", "fetched_at": "2025-07-13T11:37:51.672818+00:00", "symbol": "DOGE-USD"}, {"trade_id": 138803630, "side": "buy", "size": "2000.00000000", "price": "0.19878000", "time": "2025-07-13T11:26:06.873742Z", "fetched_at": "2025-07-13T11:37:51.672818+00:00", "symbol": "DOGE-USD"}, {"trade_id": 138803629, "side": "buy", "size": "34.80000000", "price": "0.19879000", "time": "2025-07-13T11:26:06.871909Z", "fetched_at": "2025-07-13T11:37:51.672818+00:00", "symbol": "DOGE-USD"}, {"trade_id": 138803628, "side": "buy", "size": "2000.00000000", "price": "0.19880000", "time": "2025-07-13T11:26:06.856371Z", "fetched_at": "2025-07-13T11:37:51.672818+00:00", "symbol": "DOGE-USD"}, {"trade_id": 138803627, "side": "sell", "size": "5.60000000", "price": "0.19882000", "time": "2025-07-13T11:26:05.776963Z", "fetched_at": "2025-07-13T11:37:51.672818+00:00", "symbol": "DOGE-USD"}, {"trade_id": 138803626, "side": "sell", "size": "2500.00000000", "price": "0.19881000", "time": "2025-07-13T11:26:05.774639Z", "fetched_at": "2025-07-13T11:37:51.672818+00:00", "symbol": "DOGE-USD"}, {"trade_id": 138803625, "side": "sell", "size": "2500.00000000", "price": "0.19881000", "time": "2025-07-13T11:26:05.774639Z", "fetched_at": "2025-07-13T11:37:51.672818+00:00", "symbol": "DOGE-USD"}, {"trade_id": 138803624, "side": "sell", "size": "1899.60000000", "price": "0.19881000", "time": "2025-07-13T11:26:05.774639Z", "fetched_at": "2025-07-13T11:37:51.672818+00:00", "symbol": "DOGE-USD"}, {"trade_id": 138803623, "side": "sell", "size": "5.60000000", "price": "0.19880000", "time": "2025-07-13T11:26:05.774229Z", "fetched_at": "2025-07-13T11:37:51.672818+00:00", "symbol": "DOGE-USD"}, {"trade_id": 138803622, "side": "sell", "size": "173.30000000", "price": "0.19880000", "time": "2025-07-13T11:26:05.774229Z", "fetched_at": "2025-07-13T11:37:51.672818+00:00", "symbol": "DOGE-USD"}, {"trade_id": 138803621, "side": "sell", "size": "27.50000000", "price": "0.19879000", "time": "2025-07-13T11:26:05.773219Z", "fetched_at": "2025-07-13T11:37:51.672818+00:00", "symbol": "DOGE-USD"}, {"trade_id": 138803620, "side": "sell", "size": "4772.60000000", "price": "0.19878000", "time": "2025-07-13T11:26:05.773140Z", "fetched_at": "2025-07-13T11:37:51.672818+00:00", "symbol": "DOGE-USD"}, {"trade_id": 138803619, "side": "sell", "size": "5.60000000", "price": "0.19878000", "time": "2025-07-13T11:26:05.773140Z", "fetched_at": "2025-07-13T11:37:51.672818+00:00", "symbol": "DOGE-USD"}, {"trade_id": 138803618, "side": "sell", "size": "173.40000000", "price": "0.19878000", "time": "2025-07-13T11:26:05.773140Z", "fetched_at": "2025-07-13T11:37:51.672818+00:00", "symbol": "DOGE-USD"}, {"trade_id": 138803617, "side": "sell", "size": "118.10000000", "price": "0.19877000", "time": "2025-07-13T11:26:05.773140Z", "fetched_at": "2025-07-13T11:37:51.672818+00:00", "symbol": "DOGE-USD"}, {"trade_id": 138803616, "side": "sell", "size": "50.40000000", "price": "0.19876000", "time": "2025-07-13T11:26:05.773140Z", "fetched_at": "2025-07-13T11:37:51.672818+00:00", "symbol": "DOGE-USD"}, {"trade_id": 138803615, "side": "sell", "size": "5.60000000", "price": "0.19876000", "time": "2025-07-13T11:26:05.773140Z", "fetched_at": "2025-07-13T11:37:51.672818+00:00", "symbol": "DOGE-USD"}, {"trade_id": 138803614, "side": "sell", "size": "208.60000000", "price": "0.19876000", "time": "2025-07-13T11:26:05.773140Z", "fetched_at": "2025-07-13T11:37:51.672818+00:00", "symbol": "DOGE-USD"}, {"trade_id": 138803613, "side": "sell", "size": "82.70000000", "price": "0.19875000", "time": "2025-07-13T11:26:05.773140Z", "fetched_at": "2025-07-13T11:37:51.672818+00:00", "symbol": "DOGE-USD"}, {"trade_id": 138803612, "side": "sell", "size": "2526.40000000", "price": "0.19874000", "time": "2025-07-13T11:26:04.464686Z", "fetched_at": "2025-07-13T11:37:51.672818+00:00", "symbol": "DOGE-USD"}, {"trade_id": 138803611, "side": "sell", "size": "1749.70000000", "price": "0.19874000", "time": "2025-07-13T11:26:04.464686Z", "fetched_at": "2025-07-13T11:37:51.672818+00:00", "symbol": "DOGE-USD"}, {"trade_id": 138803610, "side": "sell", "size": "18034.20000000", "price": "0.19874000", "time": "2025-07-13T11:26:04.464686Z", "fetched_at": "2025-07-13T11:37:51.672818+00:00", "symbol": "DOGE-USD"}, {"trade_id": 138803609, "side": "sell", "size": "5.60000000", "price": "0.19874000", "time": "2025-07-13T11:26:04.464686Z", "fetched_at": "2025-07-13T11:37:51.672818+00:00", "symbol": "DOGE-USD"}, {"trade_id": 138803608, "side": "sell", "size": "153.00000000", "price": "0.19874000", "time": "2025-07-13T11:26:04.464686Z", "fetched_at": "2025-07-13T11:37:51.672818+00:00", "symbol": "DOGE-USD"}, {"trade_id": 138803607, "side": "sell", "size": "10305.70000000", "price": "0.19873000", "time": "2025-07-13T11:26:04.462323Z", "fetched_at": "2025-07-13T11:37:51.672818+00:00", "symbol": "DOGE-USD"}, {"trade_id": 138803606, "side": "sell", "size": "1749.70000000", "price": "0.19873000", "time": "2025-07-13T11:26:04.462323Z", "fetched_at": "2025-07-13T11:37:51.672818+00:00", "symbol": "DOGE-USD"}, {"trade_id": 138803605, "side": "sell", "size": "4718.70000000", "price": "0.19873000", "time": "2025-07-13T11:26:04.462323Z", "fetched_at": "2025-07-13T11:37:51.672818+00:00", "symbol": "DOGE-USD"}, {"trade_id": 138803604, "side": "sell", "size": "67.80000000", "price": "0.19873000", "time": "2025-07-13T11:26:04.462323Z", "fetched_at": "2025-07-13T11:37:51.672818+00:00", "symbol": "DOGE-USD"}, {"trade_id": 138803603, "side": "sell", "size": "1749.70000000", "price": "0.19872000", "time": "2025-07-13T11:26:04.461314Z", "fetched_at": "2025-07-13T11:37:51.672818+00:00", "symbol": "DOGE-USD"}, {"trade_id": 138803602, "side": "sell", "size": "5.60000000", "price": "0.19872000", "time": "2025-07-13T11:26:04.461314Z", "fetched_at": "2025-07-13T11:37:51.672818+00:00", "symbol": "DOGE-USD"}, {"trade_id": 138803601, "side": "sell", "size": "62.80000000", "price": "0.19872000", "time": "2025-07-13T11:26:04.461314Z", "fetched_at": "2025-07-13T11:37:51.672818+00:00", "symbol": "DOGE-USD"}, {"trade_id": 138803600, "side": "sell", "size": "50.40000000", "price": "0.19871000", "time": "2025-07-13T11:26:04.461130Z", "fetched_at": "2025-07-13T11:37:51.672818+00:00", "symbol": "DOGE-USD"}, {"trade_id": 138803599, "side": "sell", "size": "198.30000000", "price": "0.19871000", "time": "2025-07-13T11:26:04.461130Z", "fetched_at": "2025-07-13T11:37:51.672818+00:00", "symbol": "DOGE-USD"}, {"trade_id": 138803598, "side": "sell", "size": "5.60000000", "price": "0.19870000", "time": "2025-07-13T11:26:04.461130Z", "fetched_at": "2025-07-13T11:37:51.672818+00:00", "symbol": "DOGE-USD"}, {"trade_id": 138803597, "side": "sell", "size": "5.60000000", "price": "0.19868000", "time": "2025-07-13T11:26:04.461130Z", "fetched_at": "2025-07-13T11:37:51.672818+00:00", "symbol": "DOGE-USD"}, {"trade_id": 138803596, "side": "sell", "size": "148.40000000", "price": "0.19866000", "time": "2025-07-13T11:25:58.780765Z", "fetched_at": "2025-07-13T11:37:51.672818+00:00", "symbol": "DOGE-USD"}, {"trade_id": 138803595, "side": "sell", "size": "5.60000000", "price": "0.19866000", "time": "2025-07-13T11:25:58.780765Z", "fetched_at": "2025-07-13T11:37:51.672818+00:00", "symbol": "DOGE-USD"}, {"trade_id": 138803594, "side": "sell", "size": "5.60000000", "price": "0.19864000", "time": "2025-07-13T11:25:58.278074Z", "fetched_at": "2025-07-13T11:37:51.672818+00:00", "symbol": "DOGE-USD"}, {"trade_id": 138803593, "side": "sell", "size": "5.60000000", "price": "0.19862000", "time": "2025-07-13T11:25:58.066706Z", "fetched_at": "2025-07-13T11:37:51.672818+00:00", "symbol": "DOGE-USD"}, {"trade_id": 138803592, "side": "sell", "size": "5.60000000", "price": "0.19860000", "time": "2025-07-13T11:25:53.068386Z", "fetched_at": "2025-07-13T11:37:51.672818+00:00", "symbol": "DOGE-USD"}, {"trade_id": 138803591, "side": "sell", "size": "5.60000000", "price": "0.19858000", "time": "2025-07-13T11:25:51.821084Z", "fetched_at": "2025-07-13T11:37:51.672818+00:00", "symbol": "DOGE-USD"}, {"trade_id": 138803590, "side": "sell", "size": "1420.90000000", "price": "0.19853000", "time": "2025-07-13T11:25:40.794242Z", "fetched_at": "2025-07-13T11:37:51.672818+00:00", "symbol": "DOGE-USD"}, {"trade_id": 138803589, "side": "sell", "size": "50.40000000", "price": "0.19856000", "time": "2025-07-13T11:25:33.522010Z", "fetched_at": "2025-07-13T11:37:51.672818+00:00", "symbol": "DOGE-USD"}, {"trade_id": 138803588, "side": "sell", "size": "2255.30000000", "price": "0.19856000", "time": "2025-07-13T11:25:33.522010Z", "fetched_at": "2025-07-13T11:37:51.672818+00:00", "symbol": "DOGE-USD"}, {"trade_id": 138803587, "side": "sell", "size": "1749.70000000", "price": "0.19856000", "time": "2025-07-13T11:25:33.522010Z", "fetched_at": "2025-07-13T11:37:51.672818+00:00", "symbol": "DOGE-USD"}, {"trade_id": 138803586, "side": "sell", "size": "5.60000000", "price": "0.19856000", "time": "2025-07-13T11:25:33.522010Z", "fetched_at": "2025-07-13T11:37:51.672818+00:00", "symbol": "DOGE-USD"}, {"trade_id": 138803585, "side": "sell", "size": "334.80000000", "price": "0.19855000", "time": "2025-07-13T11:25:33.522010Z", "fetched_at": "2025-07-13T11:37:51.672818+00:00", "symbol": "DOGE-USD"}, {"trade_id": 138803584, "side": "sell", "size": "5.60000000", "price": "0.19854000", "time": "2025-07-13T11:25:33.364838Z", "fetched_at": "2025-07-13T11:37:51.672818+00:00", "symbol": "DOGE-USD"}, {"trade_id": 138803583, "side": "sell", "size": "18050.80000000", "price": "0.19851000", "time": "2025-07-13T11:25:18.766971Z", "fetched_at": "2025-07-13T11:37:51.672818+00:00", "symbol": "DOGE-USD"}, {"trade_id": 138803582, "side": "buy", "size": "5.60000000", "price": "0.19850000", "time": "2025-07-13T11:25:14.848576Z", "fetched_at": "2025-07-13T11:37:51.672818+00:00", "symbol": "DOGE-USD"}, {"trade_id": 138803581, "side": "buy", "size": "756.30000000", "price": "0.19851000", "time": "2025-07-13T11:25:14.233891Z", "fetched_at": "2025-07-13T11:37:51.672818+00:00", "symbol": "DOGE-USD"}, {"trade_id": 138803580, "side": "buy", "size": "33.40000000", "price": "0.19852000", "time": "2025-07-13T11:25:14.233891Z", "fetched_at": "2025-07-13T11:37:51.672818+00:00", "symbol": "DOGE-USD"}, {"trade_id": 138803579, "side": "buy", "size": "5.60000000", "price": "0.19852000", "time": "2025-07-13T11:25:14.229092Z", "fetched_at": "2025-07-13T11:37:51.672818+00:00", "symbol": "DOGE-USD"}, {"trade_id": 138803578, "side": "buy", "size": "1567.80000000", "price": "0.19854000", "time": "2025-07-13T11:25:09.535921Z", "fetched_at": "2025-07-13T11:37:51.672818+00:00", "symbol": "DOGE-USD"}, {"trade_id": 138803577, "side": "buy", "size": "5.60000000", "price": "0.19854000", "time": "2025-07-13T11:25:09.535921Z", "fetched_at": "2025-07-13T11:37:51.672818+00:00", "symbol": "DOGE-USD"}, {"trade_id": 138803576, "side": "buy", "size": "483.20000000", "price": "0.19854000", "time": "2025-07-13T11:25:09.535921Z", "fetched_at": "2025-07-13T11:37:51.672818+00:00", "symbol": "DOGE-USD"}, {"trade_id": 138803575, "side": "buy", "size": "1749.70000000", "price": "0.19855000", "time": "2025-07-13T11:25:09.532676Z", "fetched_at": "2025-07-13T11:37:51.672818+00:00", "symbol": "DOGE-USD"}, {"trade_id": 138803574, "side": "buy", "size": "3021.10000000", "price": "0.19856000", "time": "2025-07-13T11:25:09.531424Z", "fetched_at": "2025-07-13T11:37:51.672818+00:00", "symbol": "DOGE-USD"}, {"trade_id": 138803573, "side": "buy", "size": "4817.70000000", "price": "0.19856000", "time": "2025-07-13T11:25:09.527458Z", "fetched_at": "2025-07-13T11:37:51.672818+00:00", "symbol": "DOGE-USD"}, {"trade_id": 138803572, "side": "buy", "size": "2250.00000000", "price": "0.19856000", "time": "2025-07-13T11:25:09.527458Z", "fetched_at": "2025-07-13T11:37:51.672818+00:00", "symbol": "DOGE-USD"}, {"trade_id": 138803571, "side": "buy", "size": "5.60000000", "price": "0.19856000", "time": "2025-07-13T11:25:09.527458Z", "fetched_at": "2025-07-13T11:37:51.672818+00:00", "symbol": "DOGE-USD"}, {"trade_id": 138803570, "side": "buy", "size": "769.50000000", "price": "0.19856000", "time": "2025-07-13T11:25:09.527458Z", "fetched_at": "2025-07-13T11:37:51.672818+00:00", "symbol": "DOGE-USD"}, {"trade_id": 138803569, "side": "buy", "size": "2986.50000000", "price": "0.19857000", "time": "2025-07-13T11:25:09.527120Z", "fetched_at": "2025-07-13T11:37:51.672818+00:00", "symbol": "DOGE-USD"}, {"trade_id": 138803568, "side": "buy", "size": "15083.80000000", "price": "0.19857000", "time": "2025-07-13T11:25:09.527098Z", "fetched_at": "2025-07-13T11:37:51.672818+00:00", "symbol": "DOGE-USD"}, {"trade_id": 138803567, "side": "buy", "size": "2091.60000000", "price": "0.19857000", "time": "2025-07-13T11:25:09.527098Z", "fetched_at": "2025-07-13T11:37:51.672818+00:00", "symbol": "DOGE-USD"}, {"trade_id": 138803566, "side": "buy", "size": "2189.80000000", "price": "0.19857000", "time": "2025-07-13T11:25:09.527098Z", "fetched_at": "2025-07-13T11:37:51.672818+00:00", "symbol": "DOGE-USD"}, {"trade_id": 138803565, "side": "buy", "size": "1749.70000000", "price": "0.19857000", "time": "2025-07-13T11:25:09.527098Z", "fetched_at": "2025-07-13T11:37:51.672818+00:00", "symbol": "DOGE-USD"}, {"trade_id": 138803564, "side": "buy", "size": "9895.20000000", "price": "0.19858000", "time": "2025-07-13T11:25:09.527098Z", "fetched_at": "2025-07-13T11:37:51.672818+00:00", "symbol": "DOGE-USD"}, {"trade_id": 138803563, "side": "buy", "size": "1749.70000000", "price": "0.19858000", "time": "2025-07-13T11:25:09.527098Z", "fetched_at": "2025-07-13T11:37:51.672818+00:00", "symbol": "DOGE-USD"}, {"trade_id": 138803562, "side": "buy", "size": "5.60000000", "price": "0.19858000", "time": "2025-07-13T11:25:09.527098Z", "fetched_at": "2025-07-13T11:37:51.672818+00:00", "symbol": "DOGE-USD"}, {"trade_id": 138803561, "side": "buy", "size": "35.50000000", "price": "0.19859000", "time": "2025-07-13T11:25:09.527098Z", "fetched_at": "2025-07-13T11:37:51.672818+00:00", "symbol": "DOGE-USD"}, {"trade_id": 138803560, "side": "buy", "size": "5.60000000", "price": "0.19860000", "time": "2025-07-13T11:25:09.527098Z", "fetched_at": "2025-07-13T11:37:51.672818+00:00", "symbol": "DOGE-USD"}, {"trade_id": 138803559, "side": "buy", "size": "5.60000000", "price": "0.19862000", "time": "2025-07-13T11:25:07.227401Z", "fetched_at": "2025-07-13T11:37:51.672818+00:00", "symbol": "DOGE-USD"}, {"trade_id": 138803558, "side": "buy", "size": "939.30000000", "price": "0.19864000", "time": "2025-07-13T11:25:04.052283Z", "fetched_at": "2025-07-13T11:37:51.672818+00:00", "symbol": "DOGE-USD"}, {"trade_id": 138803557, "side": "buy", "size": "41.10000000", "price": "0.19864000", "time": "2025-07-13T11:25:04.052283Z", "fetched_at": "2025-07-13T11:37:51.672818+00:00", "symbol": "DOGE-USD"}, {"trade_id": 138803556, "side": "buy", "size": "2000.00000000", "price": "0.19864000", "time": "2025-07-13T11:25:01.155469Z", "fetched_at": "2025-07-13T11:37:51.672818+00:00", "symbol": "DOGE-USD"}, {"trade_id": 138803555, "side": "buy", "size": "50.40000000", "price": "0.19864000", "time": "2025-07-13T11:25:01.155469Z", "fetched_at": "2025-07-13T11:37:51.672818+00:00", "symbol": "DOGE-USD"}, {"trade_id": 138803554, "side": "buy", "size": "5.60000000", "price": "0.19864000", "time": "2025-07-13T11:25:01.155469Z", "fetched_at": "2025-07-13T11:37:51.672818+00:00", "symbol": "DOGE-USD"}, {"trade_id": 138803553, "side": "buy", "size": "50.40000000", "price": "0.19868000", "time": "2025-07-13T11:25:00.084678Z", "fetched_at": "2025-07-13T11:37:51.672818+00:00", "symbol": "DOGE-USD"}, {"trade_id": 138803552, "side": "sell", "size": "5.60000000", "price": "0.19868000", "time": "2025-07-13T11:24:54.627329Z", "fetched_at": "2025-07-13T11:37:51.672818+00:00", "symbol": "DOGE-USD"}, {"trade_id": 138803551, "side": "sell", "size": "5.60000000", "price": "0.19866000", "time": "2025-07-13T11:24:54.607319Z", "fetched_at": "2025-07-13T11:37:51.672818+00:00", "symbol": "DOGE-USD"}, {"trade_id": 138803550, "side": "sell", "size": "11.40000000", "price": "0.19863000", "time": "2025-07-13T11:24:54.560217Z", "fetched_at": "2025-07-13T11:37:51.672818+00:00", "symbol": "DOGE-USD"}, {"trade_id": 138803549, "side": "buy", "size": "2000.00000000", "price": "0.19864000", "time": "2025-07-13T11:24:49.700387Z", "fetched_at": "2025-07-13T11:37:51.672818+00:00", "symbol": "DOGE-USD"}, {"trade_id": 138803548, "side": "sell", "size": "1235.00000000", "price": "0.19865000", "time": "2025-07-13T11:24:48.952286Z", "fetched_at": "2025-07-13T11:37:51.672818+00:00", "symbol": "DOGE-USD"}, {"trade_id": 138803547, "side": "sell", "size": "5.60000000", "price": "0.19864000", "time": "2025-07-13T11:24:48.952286Z", "fetched_at": "2025-07-13T11:37:51.672818+00:00", "symbol": "DOGE-USD"}, {"trade_id": 138803546, "side": "sell", "size": "5.60000000", "price": "0.19862000", "time": "2025-07-13T11:24:45.868285Z", "fetched_at": "2025-07-13T11:37:51.672818+00:00", "symbol": "DOGE-USD"}, {"trade_id": 138803545, "side": "sell", "size": "5.60000000", "price": "0.19860000", "time": "2025-07-13T11:24:44.603118Z", "fetched_at": "2025-07-13T11:37:51.672818+00:00", "symbol": "DOGE-USD"}, {"trade_id": 138803544, "side": "buy", "size": "5048.10000000", "price": "0.19858000", "time": "2025-07-13T11:24:36.088169Z", "fetched_at": "2025-07-13T11:37:51.672818+00:00", "symbol": "DOGE-USD"}, {"trade_id": 138803543, "side": "buy", "size": "2266.80000000", "price": "0.19858000", "time": "2025-07-13T11:24:36.088169Z", "fetched_at": "2025-07-13T11:37:51.672818+00:00", "symbol": "DOGE-USD"}, {"trade_id": 138803542, "side": "buy", "size": "1746.30000000", "price": "0.19858000", "time": "2025-07-13T11:24:36.088169Z", "fetched_at": "2025-07-13T11:37:51.672818+00:00", "symbol": "DOGE-USD"}, {"trade_id": 138803541, "side": "buy", "size": "1298.70000000", "price": "0.19859000", "time": "2025-07-13T11:24:35.761754Z", "fetched_at": "2025-07-13T11:37:51.672818+00:00", "symbol": "DOGE-USD"}, {"trade_id": 138803540, "side": "buy", "size": "45.60000000", "price": "0.19859000", "time": "2025-07-13T11:24:35.761754Z", "fetched_at": "2025-07-13T11:37:51.672818+00:00", "symbol": "DOGE-USD"}, {"trade_id": 138803539, "side": "buy", "size": "436.70000000", "price": "0.19859000", "time": "2025-07-13T11:24:35.761754Z", "fetched_at": "2025-07-13T11:37:51.672818+00:00", "symbol": "DOGE-USD"}, {"trade_id": 138803538, "side": "buy", "size": "262.00000000", "price": "0.19859000", "time": "2025-07-13T11:24:35.761754Z", "fetched_at": "2025-07-13T11:37:51.672818+00:00", "symbol": "DOGE-USD"}