[{"trade_id": 138810505, "side": "sell", "size": "37.20000000", "price": "0.20030000", "time": "2025-07-13T13:10:45.642531Z", "fetched_at": "2025-07-13T13:10:50.433685+00:00", "symbol": "DOGE-USD"}, {"trade_id": 138810504, "side": "sell", "size": "428.10000000", "price": "0.20032000", "time": "2025-07-13T13:10:45.176060Z", "fetched_at": "2025-07-13T13:10:50.433685+00:00", "symbol": "DOGE-USD"}, {"trade_id": 138810503, "side": "sell", "size": "5.50000000", "price": "0.20032000", "time": "2025-07-13T13:10:45.176060Z", "fetched_at": "2025-07-13T13:10:50.433685+00:00", "symbol": "DOGE-USD"}, {"trade_id": 138810502, "side": "sell", "size": "50.00000000", "price": "0.20031000", "time": "2025-07-13T13:10:45.176060Z", "fetched_at": "2025-07-13T13:10:50.433685+00:00", "symbol": "DOGE-USD"}, {"trade_id": 138810501, "side": "sell", "size": "5.50000000", "price": "0.20030000", "time": "2025-07-13T13:10:45.176060Z", "fetched_at": "2025-07-13T13:10:50.433685+00:00", "symbol": "DOGE-USD"}, {"trade_id": 138810500, "side": "sell", "size": "5.50000000", "price": "0.20028000", "time": "2025-07-13T13:10:45.176060Z", "fetched_at": "2025-07-13T13:10:50.433685+00:00", "symbol": "DOGE-USD"}, {"trade_id": 138810499, "side": "sell", "size": "5.50000000", "price": "0.20026000", "time": "2025-07-13T13:10:44.411034Z", "fetched_at": "2025-07-13T13:10:50.433685+00:00", "symbol": "DOGE-USD"}, {"trade_id": 138810498, "side": "sell", "size": "5.50000000", "price": "0.20024000", "time": "2025-07-13T13:10:44.148880Z", "fetched_at": "2025-07-13T13:10:50.433685+00:00", "symbol": "DOGE-USD"}, {"trade_id": 138810497, "side": "sell", "size": "5.50000000", "price": "0.20022000", "time": "2025-07-13T13:10:43.588343Z", "fetched_at": "2025-07-13T13:10:50.433685+00:00", "symbol": "DOGE-USD"}, {"trade_id": 138810496, "side": "buy", "size": "254.90000000", "price": "0.20021000", "time": "2025-07-13T13:10:38.259183Z", "fetched_at": "2025-07-13T13:10:50.433685+00:00", "symbol": "DOGE-USD"}, {"trade_id": 138810495, "side": "sell", "size": "5.50000000", "price": "0.20020000", "time": "2025-07-13T13:10:37.285559Z", "fetched_at": "2025-07-13T13:10:50.433685+00:00", "symbol": "DOGE-USD"}, {"trade_id": 138810494, "side": "sell", "size": "10000.00000000", "price": "0.20019000", "time": "2025-07-13T13:10:35.415308Z", "fetched_at": "2025-07-13T13:10:50.433685+00:00", "symbol": "DOGE-USD"}, {"trade_id": 138810493, "side": "sell", "size": "5000.00000000", "price": "0.20019000", "time": "2025-07-13T13:10:35.415308Z", "fetched_at": "2025-07-13T13:10:50.433685+00:00", "symbol": "DOGE-USD"}, {"trade_id": 138810492, "side": "sell", "size": "2500.00000000", "price": "0.20019000", "time": "2025-07-13T13:10:35.415308Z", "fetched_at": "2025-07-13T13:10:50.433685+00:00", "symbol": "DOGE-USD"}, {"trade_id": 138810491, "side": "sell", "size": "50.00000000", "price": "0.20018000", "time": "2025-07-13T13:10:35.415308Z", "fetched_at": "2025-07-13T13:10:50.433685+00:00", "symbol": "DOGE-USD"}, {"trade_id": 138810490, "side": "sell", "size": "5.50000000", "price": "0.20018000", "time": "2025-07-13T13:10:35.415308Z", "fetched_at": "2025-07-13T13:10:50.433685+00:00", "symbol": "DOGE-USD"}, {"trade_id": 138810489, "side": "buy", "size": "339.70000000", "price": "0.20017000", "time": "2025-07-13T13:10:35.194408Z", "fetched_at": "2025-07-13T13:10:50.433685+00:00", "symbol": "DOGE-USD"}, {"trade_id": 138810488, "side": "buy", "size": "508.20000000", "price": "0.20017000", "time": "2025-07-13T13:10:33.560133Z", "fetched_at": "2025-07-13T13:10:50.433685+00:00", "symbol": "DOGE-USD"}, {"trade_id": 138810487, "side": "buy", "size": "265.20000000", "price": "0.20017000", "time": "2025-07-13T13:10:33.560133Z", "fetched_at": "2025-07-13T13:10:50.433685+00:00", "symbol": "DOGE-USD"}, {"trade_id": 138810486, "side": "buy", "size": "254.90000000", "price": "0.20017000", "time": "2025-07-13T13:10:33.560133Z", "fetched_at": "2025-07-13T13:10:50.433685+00:00", "symbol": "DOGE-USD"}, {"trade_id": 138810485, "side": "buy", "size": "393.00000000", "price": "0.20017000", "time": "2025-07-13T13:10:33.560133Z", "fetched_at": "2025-07-13T13:10:50.433685+00:00", "symbol": "DOGE-USD"}, {"trade_id": 138810484, "side": "sell", "size": "147.90000000", "price": "0.20012000", "time": "2025-07-13T13:10:30.598826Z", "fetched_at": "2025-07-13T13:10:50.433685+00:00", "symbol": "DOGE-USD"}, {"trade_id": 138810483, "side": "sell", "size": "50.00000000", "price": "0.20011000", "time": "2025-07-13T13:10:30.598826Z", "fetched_at": "2025-07-13T13:10:50.433685+00:00", "symbol": "DOGE-USD"}, {"trade_id": 138810482, "side": "buy", "size": "254.90000000", "price": "0.20016000", "time": "2025-07-13T13:10:27.061263Z", "fetched_at": "2025-07-13T13:10:50.433685+00:00", "symbol": "DOGE-USD"}, {"trade_id": 138810481, "side": "buy", "size": "254.90000000", "price": "0.20017000", "time": "2025-07-13T13:10:26.981344Z", "fetched_at": "2025-07-13T13:10:50.433685+00:00", "symbol": "DOGE-USD"}, {"trade_id": 138810480, "side": "sell", "size": "2500.00000000", "price": "0.20012000", "time": "2025-07-13T13:10:26.824569Z", "fetched_at": "2025-07-13T13:10:50.433685+00:00", "symbol": "DOGE-USD"}, {"trade_id": 138810479, "side": "sell", "size": "5000.00000000", "price": "0.20012000", "time": "2025-07-13T13:10:26.824569Z", "fetched_at": "2025-07-13T13:10:50.433685+00:00", "symbol": "DOGE-USD"}, {"trade_id": 138810478, "side": "sell", "size": "10000.00000000", "price": "0.20012000", "time": "2025-07-13T13:10:26.824569Z", "fetched_at": "2025-07-13T13:10:50.433685+00:00", "symbol": "DOGE-USD"}, {"trade_id": 138810477, "side": "sell", "size": "2500.00000000", "price": "0.20011000", "time": "2025-07-13T13:10:25.046302Z", "fetched_at": "2025-07-13T13:10:50.433685+00:00", "symbol": "DOGE-USD"}, {"trade_id": 138810476, "side": "sell", "size": "5000.00000000", "price": "0.20011000", "time": "2025-07-13T13:10:25.046302Z", "fetched_at": "2025-07-13T13:10:50.433685+00:00", "symbol": "DOGE-USD"}, {"trade_id": 138810475, "side": "sell", "size": "50.00000000", "price": "0.20010000", "time": "2025-07-13T13:10:25.046302Z", "fetched_at": "2025-07-13T13:10:50.433685+00:00", "symbol": "DOGE-USD"}, {"trade_id": 138810474, "side": "sell", "size": "62.90000000", "price": "0.20009000", "time": "2025-07-13T13:10:25.046302Z", "fetched_at": "2025-07-13T13:10:50.433685+00:00", "symbol": "DOGE-USD"}, {"trade_id": 138810473, "side": "sell", "size": "50.00000000", "price": "0.20005000", "time": "2025-07-13T13:10:08.685021Z", "fetched_at": "2025-07-13T13:10:50.433685+00:00", "symbol": "DOGE-USD"}, {"trade_id": 138810472, "side": "buy", "size": "3093.50000000", "price": "0.20004000", "time": "2025-07-13T13:10:08.360525Z", "fetched_at": "2025-07-13T13:10:50.433685+00:00", "symbol": "DOGE-USD"}, {"trade_id": 138810471, "side": "buy", "size": "1230.80000000", "price": "0.20005000", "time": "2025-07-13T13:10:08.360525Z", "fetched_at": "2025-07-13T13:10:50.433685+00:00", "symbol": "DOGE-USD"}, {"trade_id": 138810470, "side": "sell", "size": "94.80000000", "price": "0.20009000", "time": "2025-07-13T13:10:03.166183Z", "fetched_at": "2025-07-13T13:10:50.433685+00:00", "symbol": "DOGE-USD"}, {"trade_id": 138810469, "side": "sell", "size": "92.30000000", "price": "0.20006000", "time": "2025-07-13T13:09:59.723448Z", "fetched_at": "2025-07-13T13:10:50.433685+00:00", "symbol": "DOGE-USD"}, {"trade_id": 138810468, "side": "sell", "size": "45.70000000", "price": "0.20006000", "time": "2025-07-13T13:09:58.071469Z", "fetched_at": "2025-07-13T13:10:50.433685+00:00", "symbol": "DOGE-USD"}, {"trade_id": 138810467, "side": "buy", "size": "5.50000000", "price": "0.20004000", "time": "2025-07-13T13:09:51.787019Z", "fetched_at": "2025-07-13T13:10:50.433685+00:00", "symbol": "DOGE-USD"}, {"trade_id": 138810466, "side": "sell", "size": "386.60000000", "price": "0.20005000", "time": "2025-07-13T13:09:51.324885Z", "fetched_at": "2025-07-13T13:10:50.433685+00:00", "symbol": "DOGE-USD"}, {"trade_id": 138810465, "side": "buy", "size": "50.00000000", "price": "0.20007000", "time": "2025-07-13T13:09:51.199429Z", "fetched_at": "2025-07-13T13:10:50.433685+00:00", "symbol": "DOGE-USD"}, {"trade_id": 138810464, "side": "buy", "size": "667.50000000", "price": "0.20010000", "time": "2025-07-13T13:09:47.480566Z", "fetched_at": "2025-07-13T13:10:50.433685+00:00", "symbol": "DOGE-USD"}, {"trade_id": 138810463, "side": "buy", "size": "254.90000000", "price": "0.20010000", "time": "2025-07-13T13:09:47.480566Z", "fetched_at": "2025-07-13T13:10:50.433685+00:00", "symbol": "DOGE-USD"}, {"trade_id": 138810462, "side": "sell", "size": "9.90000000", "price": "0.20016000", "time": "2025-07-13T13:09:42.726206Z", "fetched_at": "2025-07-13T13:10:50.433685+00:00", "symbol": "DOGE-USD"}, {"trade_id": 138810461, "side": "buy", "size": "254.90000000", "price": "0.20017000", "time": "2025-07-13T13:09:41.297030Z", "fetched_at": "2025-07-13T13:10:50.433685+00:00", "symbol": "DOGE-USD"}, {"trade_id": 138810460, "side": "buy", "size": "254.90000000", "price": "0.20017000", "time": "2025-07-13T13:09:41.209657Z", "fetched_at": "2025-07-13T13:10:50.433685+00:00", "symbol": "DOGE-USD"}, {"trade_id": 138810459, "side": "buy", "size": "254.90000000", "price": "0.20017000", "time": "2025-07-13T13:09:41.181331Z", "fetched_at": "2025-07-13T13:10:50.433685+00:00", "symbol": "DOGE-USD"}, {"trade_id": 138810458, "side": "buy", "size": "262.00000000", "price": "0.20017000", "time": "2025-07-13T13:09:41.181331Z", "fetched_at": "2025-07-13T13:10:50.433685+00:00", "symbol": "DOGE-USD"}, {"trade_id": 138810457, "side": "buy", "size": "265.20000000", "price": "0.20017000", "time": "2025-07-13T13:09:41.181331Z", "fetched_at": "2025-07-13T13:10:50.433685+00:00", "symbol": "DOGE-USD"}, {"trade_id": 138810456, "side": "sell", "size": "50.00000000", "price": "0.20016000", "time": "2025-07-13T13:09:41.126499Z", "fetched_at": "2025-07-13T13:10:50.433685+00:00", "symbol": "DOGE-USD"}, {"trade_id": 138810455, "side": "sell", "size": "1813.90000000", "price": "0.20016000", "time": "2025-07-13T13:09:41.126499Z", "fetched_at": "2025-07-13T13:10:50.433685+00:00", "symbol": "DOGE-USD"}, {"trade_id": 138810454, "side": "sell", "size": "5.50000000", "price": "0.20016000", "time": "2025-07-13T13:09:41.126499Z", "fetched_at": "2025-07-13T13:10:50.433685+00:00", "symbol": "DOGE-USD"}, {"trade_id": 138810453, "side": "sell", "size": "769.50000000", "price": "0.20015000", "time": "2025-07-13T13:09:41.074317Z", "fetched_at": "2025-07-13T13:10:50.433685+00:00", "symbol": "DOGE-USD"}, {"trade_id": 138810452, "side": "sell", "size": "5000.00000000", "price": "0.20014000", "time": "2025-07-13T13:09:41.074317Z", "fetched_at": "2025-07-13T13:10:50.433685+00:00", "symbol": "DOGE-USD"}, {"trade_id": 138810451, "side": "sell", "size": "10000.00000000", "price": "0.20014000", "time": "2025-07-13T13:09:41.074317Z", "fetched_at": "2025-07-13T13:10:50.433685+00:00", "symbol": "DOGE-USD"}, {"trade_id": 138810450, "side": "sell", "size": "1396.70000000", "price": "0.20014000", "time": "2025-07-13T13:09:41.074317Z", "fetched_at": "2025-07-13T13:10:50.433685+00:00", "symbol": "DOGE-USD"}, {"trade_id": 138810449, "side": "sell", "size": "279.70000000", "price": "0.20014000", "time": "2025-07-13T13:09:41.074317Z", "fetched_at": "2025-07-13T13:10:50.433685+00:00", "symbol": "DOGE-USD"}, {"trade_id": 138810448, "side": "sell", "size": "5.50000000", "price": "0.20014000", "time": "2025-07-13T13:09:41.074317Z", "fetched_at": "2025-07-13T13:10:50.433685+00:00", "symbol": "DOGE-USD"}, {"trade_id": 138810447, "side": "sell", "size": "10009.10000000", "price": "0.20013000", "time": "2025-07-13T13:09:41.072951Z", "fetched_at": "2025-07-13T13:10:50.433685+00:00", "symbol": "DOGE-USD"}, {"trade_id": 138810446, "side": "sell", "size": "50.00000000", "price": "0.20012000", "time": "2025-07-13T13:09:41.072951Z", "fetched_at": "2025-07-13T13:10:50.433685+00:00", "symbol": "DOGE-USD"}, {"trade_id": 138810445, "side": "sell", "size": "5.50000000", "price": "0.20012000", "time": "2025-07-13T13:09:41.072951Z", "fetched_at": "2025-07-13T13:10:50.433685+00:00", "symbol": "DOGE-USD"}, {"trade_id": 138810444, "side": "sell", "size": "5.50000000", "price": "0.20010000", "time": "2025-07-13T13:09:41.072951Z", "fetched_at": "2025-07-13T13:10:50.433685+00:00", "symbol": "DOGE-USD"}, {"trade_id": 138810443, "side": "buy", "size": "17018.40000000", "price": "0.20008000", "time": "2025-07-13T13:09:39.913158Z", "fetched_at": "2025-07-13T13:10:50.433685+00:00", "symbol": "DOGE-USD"}, {"trade_id": 138810442, "side": "buy", "size": "31.70000000", "price": "0.20008000", "time": "2025-07-13T13:09:39.913158Z", "fetched_at": "2025-07-13T13:10:50.433685+00:00", "symbol": "DOGE-USD"}, {"trade_id": 138810441, "side": "buy", "size": "183.00000000", "price": "0.20009000", "time": "2025-07-13T13:09:39.913158Z", "fetched_at": "2025-07-13T13:10:50.433685+00:00", "symbol": "DOGE-USD"}, {"trade_id": 138810440, "side": "buy", "size": "1379.00000000", "price": "0.20009000", "time": "2025-07-13T13:09:39.913158Z", "fetched_at": "2025-07-13T13:10:50.433685+00:00", "symbol": "DOGE-USD"}, {"trade_id": 138810439, "side": "buy", "size": "1386.30000000", "price": "0.20009000", "time": "2025-07-13T13:09:39.913158Z", "fetched_at": "2025-07-13T13:10:50.433685+00:00", "symbol": "DOGE-USD"}, {"trade_id": 138810438, "side": "buy", "size": "265.20000000", "price": "0.20009000", "time": "2025-07-13T13:09:39.913158Z", "fetched_at": "2025-07-13T13:10:50.433685+00:00", "symbol": "DOGE-USD"}, {"trade_id": 138810437, "side": "buy", "size": "254.90000000", "price": "0.20009000", "time": "2025-07-13T13:09:39.913158Z", "fetched_at": "2025-07-13T13:10:50.433685+00:00", "symbol": "DOGE-USD"}, {"trade_id": 138810436, "side": "sell", "size": "5000.00000000", "price": "0.20008000", "time": "2025-07-13T13:09:38.236970Z", "fetched_at": "2025-07-13T13:10:50.433685+00:00", "symbol": "DOGE-USD"}, {"trade_id": 138810435, "side": "sell", "size": "2500.00000000", "price": "0.20008000", "time": "2025-07-13T13:09:38.236970Z", "fetched_at": "2025-07-13T13:10:50.433685+00:00", "symbol": "DOGE-USD"}, {"trade_id": 138810434, "side": "buy", "size": "254.90000000", "price": "0.20008000", "time": "2025-07-13T13:09:35.454372Z", "fetched_at": "2025-07-13T13:10:50.433685+00:00", "symbol": "DOGE-USD"}, {"trade_id": 138810433, "side": "sell", "size": "2500.00000000", "price": "0.20009000", "time": "2025-07-13T13:09:35.385759Z", "fetched_at": "2025-07-13T13:10:50.433685+00:00", "symbol": "DOGE-USD"}, {"trade_id": 138810432, "side": "sell", "size": "10000.00000000", "price": "0.20009000", "time": "2025-07-13T13:09:35.385759Z", "fetched_at": "2025-07-13T13:10:50.433685+00:00", "symbol": "DOGE-USD"}, {"trade_id": 138810431, "side": "sell", "size": "6000.00000000", "price": "0.20008000", "time": "2025-07-13T13:09:35.383399Z", "fetched_at": "2025-07-13T13:10:50.433685+00:00", "symbol": "DOGE-USD"}, {"trade_id": 138810430, "side": "sell", "size": "5.50000000", "price": "0.20008000", "time": "2025-07-13T13:09:35.383399Z", "fetched_at": "2025-07-13T13:10:50.433685+00:00", "symbol": "DOGE-USD"}, {"trade_id": 138810429, "side": "sell", "size": "1227.00000000", "price": "0.20007000", "time": "2025-07-13T13:09:35.383399Z", "fetched_at": "2025-07-13T13:10:50.433685+00:00", "symbol": "DOGE-USD"}, {"trade_id": 138810428, "side": "sell", "size": "5000.00000000", "price": "0.20007000", "time": "2025-07-13T13:09:35.379753Z", "fetched_at": "2025-07-13T13:10:50.433685+00:00", "symbol": "DOGE-USD"}, {"trade_id": 138810427, "side": "sell", "size": "2500.00000000", "price": "0.20007000", "time": "2025-07-13T13:09:35.379753Z", "fetched_at": "2025-07-13T13:10:50.433685+00:00", "symbol": "DOGE-USD"}, {"trade_id": 138810426, "side": "sell", "size": "12544.10000000", "price": "0.20007000", "time": "2025-07-13T13:09:35.379753Z", "fetched_at": "2025-07-13T13:10:50.433685+00:00", "symbol": "DOGE-USD"}, {"trade_id": 138810425, "side": "sell", "size": "5950.00000000", "price": "0.20007000", "time": "2025-07-13T13:09:35.379737Z", "fetched_at": "2025-07-13T13:10:50.433685+00:00", "symbol": "DOGE-USD"}, {"trade_id": 138810424, "side": "sell", "size": "50.00000000", "price": "0.20006000", "time": "2025-07-13T13:09:35.379737Z", "fetched_at": "2025-07-13T13:10:50.433685+00:00", "symbol": "DOGE-USD"}, {"trade_id": 138810423, "side": "sell", "size": "5.50000000", "price": "0.20006000", "time": "2025-07-13T13:09:35.379737Z", "fetched_at": "2025-07-13T13:10:50.433685+00:00", "symbol": "DOGE-USD"}, {"trade_id": 138810422, "side": "sell", "size": "5.50000000", "price": "0.20004000", "time": "2025-07-13T13:09:35.378394Z", "fetched_at": "2025-07-13T13:10:50.433685+00:00", "symbol": "DOGE-USD"}, {"trade_id": 138810421, "side": "sell", "size": "2500.00000000", "price": "0.20003000", "time": "2025-07-13T13:09:35.130987Z", "fetched_at": "2025-07-13T13:10:50.433685+00:00", "symbol": "DOGE-USD"}, {"trade_id": 138810420, "side": "sell", "size": "4655.60000000", "price": "0.20003000", "time": "2025-07-13T13:09:35.130987Z", "fetched_at": "2025-07-13T13:10:50.433685+00:00", "symbol": "DOGE-USD"}, {"trade_id": 138810419, "side": "sell", "size": "50.10000000", "price": "0.20002000", "time": "2025-07-13T13:09:35.130987Z", "fetched_at": "2025-07-13T13:10:50.433685+00:00", "symbol": "DOGE-USD"}, {"trade_id": 138810418, "side": "sell", "size": "344.40000000", "price": "0.20003000", "time": "2025-07-13T13:09:35.005839Z", "fetched_at": "2025-07-13T13:10:50.433685+00:00", "symbol": "DOGE-USD"}, {"trade_id": 138810417, "side": "sell", "size": "50.10000000", "price": "0.20002000", "time": "2025-07-13T13:09:35.005839Z", "fetched_at": "2025-07-13T13:10:50.433685+00:00", "symbol": "DOGE-USD"}, {"trade_id": 138810416, "side": "sell", "size": "5.50000000", "price": "0.20002000", "time": "2025-07-13T13:09:35.005839Z", "fetched_at": "2025-07-13T13:10:50.433685+00:00", "symbol": "DOGE-USD"}, {"trade_id": 138810415, "side": "buy", "size": "500.10000000", "price": "0.20001000", "time": "2025-07-13T13:09:34.676343Z", "fetched_at": "2025-07-13T13:10:50.433685+00:00", "symbol": "DOGE-USD"}, {"trade_id": 138810414, "side": "buy", "size": "382.30000000", "price": "0.20001000", "time": "2025-07-13T13:09:34.676343Z", "fetched_at": "2025-07-13T13:10:50.433685+00:00", "symbol": "DOGE-USD"}, {"trade_id": 138810413, "side": "sell", "size": "6242.00000000", "price": "0.20000000", "time": "2025-07-13T13:09:32.849262Z", "fetched_at": "2025-07-13T13:10:50.433685+00:00", "symbol": "DOGE-USD"}, {"trade_id": 138810412, "side": "sell", "size": "5.50000000", "price": "0.20000000", "time": "2025-07-13T13:09:32.849262Z", "fetched_at": "2025-07-13T13:10:50.433685+00:00", "symbol": "DOGE-USD"}, {"trade_id": 138810411, "side": "buy", "size": "8.20000000", "price": "0.19999000", "time": "2025-07-13T13:09:32.715327Z", "fetched_at": "2025-07-13T13:10:50.433685+00:00", "symbol": "DOGE-USD"}, {"trade_id": 138810410, "side": "sell", "size": "5.60000000", "price": "0.19998000", "time": "2025-07-13T13:09:32.571339Z", "fetched_at": "2025-07-13T13:10:50.433685+00:00", "symbol": "DOGE-USD"}, {"trade_id": 138810409, "side": "sell", "size": "5.60000000", "price": "0.19996000", "time": "2025-07-13T13:09:32.333224Z", "fetched_at": "2025-07-13T13:10:50.433685+00:00", "symbol": "DOGE-USD"}, {"trade_id": 138810408, "side": "buy", "size": "2091.10000000", "price": "0.19993000", "time": "2025-07-13T13:09:19.961154Z", "fetched_at": "2025-07-13T13:10:50.433685+00:00", "symbol": "DOGE-USD"}, {"trade_id": 138810407, "side": "buy", "size": "1370.90000000", "price": "0.19994000", "time": "2025-07-13T13:09:19.961154Z", "fetched_at": "2025-07-13T13:10:50.433685+00:00", "symbol": "DOGE-USD"}, {"trade_id": 138810406, "side": "buy", "size": "254.90000000", "price": "0.19995000", "time": "2025-07-13T13:09:19.961154Z", "fetched_at": "2025-07-13T13:10:50.433685+00:00", "symbol": "DOGE-USD"}, {"trade_id": 138810405, "side": "buy", "size": "3301.90000000", "price": "0.19993000", "time": "2025-07-13T13:09:18.742850Z", "fetched_at": "2025-07-13T13:10:50.433685+00:00", "symbol": "DOGE-USD"}, {"trade_id": 138810404, "side": "buy", "size": "50.10000000", "price": "0.19994000", "time": "2025-07-13T13:09:18.742850Z", "fetched_at": "2025-07-13T13:10:50.433685+00:00", "symbol": "DOGE-USD"}, {"trade_id": 138810403, "side": "buy", "size": "1170.20000000", "price": "0.19995000", "time": "2025-07-13T13:09:18.742850Z", "fetched_at": "2025-07-13T13:10:50.433685+00:00", "symbol": "DOGE-USD"}, {"trade_id": 138810402, "side": "buy", "size": "1250.10000000", "price": "0.19995000", "time": "2025-07-13T13:09:18.742850Z", "fetched_at": "2025-07-13T13:10:50.433685+00:00", "symbol": "DOGE-USD"}, {"trade_id": 138810401, "side": "buy", "size": "254.90000000", "price": "0.19995000", "time": "2025-07-13T13:09:18.742850Z", "fetched_at": "2025-07-13T13:10:50.433685+00:00", "symbol": "DOGE-USD"}, {"trade_id": 138810400, "side": "buy", "size": "265.20000000", "price": "0.19995000", "time": "2025-07-13T13:09:18.742850Z", "fetched_at": "2025-07-13T13:10:50.433685+00:00", "symbol": "DOGE-USD"}, {"trade_id": 138810399, "side": "sell", "size": "2000.00000000", "price": "0.19994000", "time": "2025-07-13T13:09:15.336237Z", "fetched_at": "2025-07-13T13:10:50.433685+00:00", "symbol": "DOGE-USD"}, {"trade_id": 138810398, "side": "sell", "size": "50.10000000", "price": "0.19993000", "time": "2025-07-13T13:09:15.336237Z", "fetched_at": "2025-07-13T13:10:50.433685+00:00", "symbol": "DOGE-USD"}, {"trade_id": 138810397, "side": "buy", "size": "8.40000000", "price": "0.19991000", "time": "2025-07-13T13:09:13.201443Z", "fetched_at": "2025-07-13T13:10:50.433685+00:00", "symbol": "DOGE-USD"}, {"trade_id": 138810396, "side": "buy", "size": "254.90000000", "price": "0.19994000", "time": "2025-07-13T13:09:09.676079Z", "fetched_at": "2025-07-13T13:10:50.433685+00:00", "symbol": "DOGE-USD"}, {"trade_id": 138810395, "side": "buy", "size": "254.90000000", "price": "0.19994000", "time": "2025-07-13T13:09:09.649407Z", "fetched_at": "2025-07-13T13:10:50.433685+00:00", "symbol": "DOGE-USD"}, {"trade_id": 138810394, "side": "buy", "size": "254.90000000", "price": "0.19992000", "time": "2025-07-13T13:09:09.562916Z", "fetched_at": "2025-07-13T13:10:50.433685+00:00", "symbol": "DOGE-USD"}, {"trade_id": 138810393, "side": "sell", "size": "2500.00000000", "price": "0.19990000", "time": "2025-07-13T13:09:09.555067Z", "fetched_at": "2025-07-13T13:10:50.433685+00:00", "symbol": "DOGE-USD"}, {"trade_id": 138810392, "side": "sell", "size": "10000.00000000", "price": "0.19990000", "time": "2025-07-13T13:09:09.555067Z", "fetched_at": "2025-07-13T13:10:50.433685+00:00", "symbol": "DOGE-USD"}, {"trade_id": 138810391, "side": "sell", "size": "5000.00000000", "price": "0.19990000", "time": "2025-07-13T13:09:09.555067Z", "fetched_at": "2025-07-13T13:10:50.433685+00:00", "symbol": "DOGE-USD"}, {"trade_id": 138810390, "side": "sell", "size": "50.10000000", "price": "0.19989000", "time": "2025-07-13T13:09:09.555067Z", "fetched_at": "2025-07-13T13:10:50.433685+00:00", "symbol": "DOGE-USD"}, {"trade_id": 138810389, "side": "buy", "size": "5.60000000", "price": "0.19990000", "time": "2025-07-13T13:09:08.610385Z", "fetched_at": "2025-07-13T13:10:50.433685+00:00", "symbol": "DOGE-USD"}, {"trade_id": 138810388, "side": "buy", "size": "283.10000000", "price": "0.19992000", "time": "2025-07-13T13:09:06.820811Z", "fetched_at": "2025-07-13T13:10:50.433685+00:00", "symbol": "DOGE-USD"}, {"trade_id": 138810387, "side": "sell", "size": "918.80000000", "price": "0.19998000", "time": "2025-07-13T13:09:04.212839Z", "fetched_at": "2025-07-13T13:10:50.433685+00:00", "symbol": "DOGE-USD"}, {"trade_id": 138810386, "side": "sell", "size": "5.60000000", "price": "0.19998000", "time": "2025-07-13T13:09:04.212839Z", "fetched_at": "2025-07-13T13:10:50.433685+00:00", "symbol": "DOGE-USD"}, {"trade_id": 138810385, "side": "sell", "size": "1371.80000000", "price": "0.19997000", "time": "2025-07-13T13:09:04.212839Z", "fetched_at": "2025-07-13T13:10:50.433685+00:00", "symbol": "DOGE-USD"}, {"trade_id": 138810384, "side": "sell", "size": "50.10000000", "price": "0.19996000", "time": "2025-07-13T13:09:04.212839Z", "fetched_at": "2025-07-13T13:10:50.433685+00:00", "symbol": "DOGE-USD"}, {"trade_id": 138810383, "side": "sell", "size": "5.60000000", "price": "0.19996000", "time": "2025-07-13T13:09:04.212839Z", "fetched_at": "2025-07-13T13:10:50.433685+00:00", "symbol": "DOGE-USD"}, {"trade_id": 138810382, "side": "buy", "size": "25.60000000", "price": "0.19995000", "time": "2025-07-13T13:09:03.088996Z", "fetched_at": "2025-07-13T13:10:50.433685+00:00", "symbol": "DOGE-USD"}, {"trade_id": 138810381, "side": "sell", "size": "5.60000000", "price": "0.19994000", "time": "2025-07-13T13:09:01.847819Z", "fetched_at": "2025-07-13T13:10:50.433685+00:00", "symbol": "DOGE-USD"}, {"trade_id": 138810380, "side": "sell", "size": "5.60000000", "price": "0.19992000", "time": "2025-07-13T13:09:01.694362Z", "fetched_at": "2025-07-13T13:10:50.433685+00:00", "symbol": "DOGE-USD"}, {"trade_id": 138810379, "side": "sell", "size": "5.60000000", "price": "0.19988000", "time": "2025-07-13T13:09:01.638444Z", "fetched_at": "2025-07-13T13:10:50.433685+00:00", "symbol": "DOGE-USD"}, {"trade_id": 138810378, "side": "sell", "size": "10500.00000000", "price": "0.19985000", "time": "2025-07-13T13:09:01.063143Z", "fetched_at": "2025-07-13T13:10:50.433685+00:00", "symbol": "DOGE-USD"}, {"trade_id": 138810377, "side": "sell", "size": "50.10000000", "price": "0.19984000", "time": "2025-07-13T13:09:01.063143Z", "fetched_at": "2025-07-13T13:10:50.433685+00:00", "symbol": "DOGE-USD"}, {"trade_id": 138810376, "side": "buy", "size": "52.00000000", "price": "0.19982000", "time": "2025-07-13T13:08:59.589567Z", "fetched_at": "2025-07-13T13:10:50.433685+00:00", "symbol": "DOGE-USD"}, {"trade_id": 138810375, "side": "buy", "size": "5.60000000", "price": "0.19982000", "time": "2025-07-13T13:08:59.589567Z", "fetched_at": "2025-07-13T13:10:50.433685+00:00", "symbol": "DOGE-USD"}, {"trade_id": 138810374, "side": "buy", "size": "5.60000000", "price": "0.19984000", "time": "2025-07-13T13:08:58.278738Z", "fetched_at": "2025-07-13T13:10:50.433685+00:00", "symbol": "DOGE-USD"}, {"trade_id": 138810373, "side": "sell", "size": "144.30000000", "price": "0.19985000", "time": "2025-07-13T13:08:56.981886Z", "fetched_at": "2025-07-13T13:10:50.433685+00:00", "symbol": "DOGE-USD"}, {"trade_id": 138810372, "side": "sell", "size": "50.10000000", "price": "0.19985000", "time": "2025-07-13T13:08:56.981886Z", "fetched_at": "2025-07-13T13:10:50.433685+00:00", "symbol": "DOGE-USD"}, {"trade_id": 138810371, "side": "buy", "size": "50.10000000", "price": "0.19986000", "time": "2025-07-13T13:08:55.319361Z", "fetched_at": "2025-07-13T13:10:50.433685+00:00", "symbol": "DOGE-USD"}, {"trade_id": 138810370, "side": "buy", "size": "5.60000000", "price": "0.19986000", "time": "2025-07-13T13:08:55.319361Z", "fetched_at": "2025-07-13T13:10:50.433685+00:00", "symbol": "DOGE-USD"}, {"trade_id": 138810369, "side": "buy", "size": "5.60000000", "price": "0.19988000", "time": "2025-07-13T13:08:55.312463Z", "fetched_at": "2025-07-13T13:10:50.433685+00:00", "symbol": "DOGE-USD"}, {"trade_id": 138810368, "side": "buy", "size": "50.10000000", "price": "0.19990000", "time": "2025-07-13T13:08:52.446044Z", "fetched_at": "2025-07-13T13:10:50.433685+00:00", "symbol": "DOGE-USD"}, {"trade_id": 138810367, "side": "buy", "size": "5.60000000", "price": "0.19990000", "time": "2025-07-13T13:08:52.446044Z", "fetched_at": "2025-07-13T13:10:50.433685+00:00", "symbol": "DOGE-USD"}, {"trade_id": 138810366, "side": "buy", "size": "5.60000000", "price": "0.19992000", "time": "2025-07-13T13:08:48.881825Z", "fetched_at": "2025-07-13T13:10:50.433685+00:00", "symbol": "DOGE-USD"}, {"trade_id": 138810365, "side": "buy", "size": "174.80000000", "price": "0.19995000", "time": "2025-07-13T13:08:43.903146Z", "fetched_at": "2025-07-13T13:10:50.433685+00:00", "symbol": "DOGE-USD"}, {"trade_id": 138810364, "side": "buy", "size": "254.90000000", "price": "0.19996000", "time": "2025-07-13T13:08:43.903146Z", "fetched_at": "2025-07-13T13:10:50.433685+00:00", "symbol": "DOGE-USD"}, {"trade_id": 138810363, "side": "buy", "size": "265.20000000", "price": "0.19996000", "time": "2025-07-13T13:08:43.903146Z", "fetched_at": "2025-07-13T13:10:50.433685+00:00", "symbol": "DOGE-USD"}, {"trade_id": 138810362, "side": "buy", "size": "789.70000000", "price": "0.19997000", "time": "2025-07-13T13:08:32.773185Z", "fetched_at": "2025-07-13T13:10:50.433685+00:00", "symbol": "DOGE-USD"}, {"trade_id": 138810361, "side": "sell", "size": "50.10000000", "price": "0.19993000", "time": "2025-07-13T13:08:30.444516Z", "fetched_at": "2025-07-13T13:10:50.433685+00:00", "symbol": "DOGE-USD"}, {"trade_id": 138810360, "side": "sell", "size": "1276.70000000", "price": "0.19993000", "time": "2025-07-13T13:08:30.444516Z", "fetched_at": "2025-07-13T13:10:50.433685+00:00", "symbol": "DOGE-USD"}, {"trade_id": 138810359, "side": "sell", "size": "10000.00000000", "price": "0.19993000", "time": "2025-07-13T13:08:30.441713Z", "fetched_at": "2025-07-13T13:10:50.433685+00:00", "symbol": "DOGE-USD"}, {"trade_id": 138810358, "side": "sell", "size": "2500.00000000", "price": "0.19993000", "time": "2025-07-13T13:08:30.441713Z", "fetched_at": "2025-07-13T13:10:50.433685+00:00", "symbol": "DOGE-USD"}, {"trade_id": 138810357, "side": "sell", "size": "5000.00000000", "price": "0.19993000", "time": "2025-07-13T13:08:30.441713Z", "fetched_at": "2025-07-13T13:10:50.433685+00:00", "symbol": "DOGE-USD"}, {"trade_id": 138810356, "side": "sell", "size": "4737.90000000", "price": "0.19993000", "time": "2025-07-13T13:08:30.441713Z", "fetched_at": "2025-07-13T13:10:50.433685+00:00", "symbol": "DOGE-USD"}, {"trade_id": 138810355, "side": "buy", "size": "1797.50000000", "price": "0.19994000", "time": "2025-07-13T13:08:26.629040Z", "fetched_at": "2025-07-13T13:10:50.433685+00:00", "symbol": "DOGE-USD"}, {"trade_id": 138810354, "side": "sell", "size": "73.70000000", "price": "0.19998000", "time": "2025-07-13T13:08:24.595064Z", "fetched_at": "2025-07-13T13:10:50.433685+00:00", "symbol": "DOGE-USD"}, {"trade_id": 138810353, "side": "sell", "size": "50.10000000", "price": "0.19998000", "time": "2025-07-13T13:08:24.595064Z", "fetched_at": "2025-07-13T13:10:50.433685+00:00", "symbol": "DOGE-USD"}, {"trade_id": 138810352, "side": "buy", "size": "2397.90000000", "price": "0.19998000", "time": "2025-07-13T13:08:24.110490Z", "fetched_at": "2025-07-13T13:10:50.433685+00:00", "symbol": "DOGE-USD"}, {"trade_id": 138810351, "side": "sell", "size": "5.50000000", "price": "0.20000000", "time": "2025-07-13T13:08:23.207275Z", "fetched_at": "2025-07-13T13:10:50.433685+00:00", "symbol": "DOGE-USD"}, {"trade_id": 138810350, "side": "sell", "size": "4737.90000000", "price": "0.19998000", "time": "2025-07-13T13:08:21.617469Z", "fetched_at": "2025-07-13T13:10:50.433685+00:00", "symbol": "DOGE-USD"}, {"trade_id": 138810349, "side": "sell", "size": "5.60000000", "price": "0.19998000", "time": "2025-07-13T13:08:21.617469Z", "fetched_at": "2025-07-13T13:10:50.433685+00:00", "symbol": "DOGE-USD"}, {"trade_id": 138810348, "side": "sell", "size": "50.10000000", "price": "0.19997000", "time": "2025-07-13T13:08:21.617469Z", "fetched_at": "2025-07-13T13:10:50.433685+00:00", "symbol": "DOGE-USD"}, {"trade_id": 138810347, "side": "buy", "size": "15.20000000", "price": "0.19994000", "time": "2025-07-13T13:08:20.111484Z", "fetched_at": "2025-07-13T13:10:50.433685+00:00", "symbol": "DOGE-USD"}, {"trade_id": 138810346, "side": "buy", "size": "10.10000000", "price": "0.19995000", "time": "2025-07-13T13:08:17.814936Z", "fetched_at": "2025-07-13T13:10:50.433685+00:00", "symbol": "DOGE-USD"}, {"trade_id": 138810345, "side": "buy", "size": "183.00000000", "price": "0.19997000", "time": "2025-07-13T13:08:17.174902Z", "fetched_at": "2025-07-13T13:10:50.433685+00:00", "symbol": "DOGE-USD"}, {"trade_id": 138810344, "side": "buy", "size": "63.50000000", "price": "0.19997000", "time": "2025-07-13T13:08:17.174902Z", "fetched_at": "2025-07-13T13:10:50.433685+00:00", "symbol": "DOGE-USD"}, {"trade_id": 138810343, "side": "sell", "size": "5.60000000", "price": "0.19996000", "time": "2025-07-13T13:08:17.154277Z", "fetched_at": "2025-07-13T13:10:50.433685+00:00", "symbol": "DOGE-USD"}, {"trade_id": 138810342, "side": "sell", "size": "50.10000000", "price": "0.19995000", "time": "2025-07-13T13:08:16.916488Z", "fetched_at": "2025-07-13T13:10:50.433685+00:00", "symbol": "DOGE-USD"}, {"trade_id": 138810341, "side": "sell", "size": "52.80000000", "price": "0.19994000", "time": "2025-07-13T13:08:16.911457Z", "fetched_at": "2025-07-13T13:10:50.433685+00:00", "symbol": "DOGE-USD"}, {"trade_id": 138810340, "side": "sell", "size": "5.60000000", "price": "0.19994000", "time": "2025-07-13T13:08:16.911457Z", "fetched_at": "2025-07-13T13:10:50.433685+00:00", "symbol": "DOGE-USD"}, {"trade_id": 138810339, "side": "buy", "size": "15.20000000", "price": "0.19993000", "time": "2025-07-13T13:08:16.787635Z", "fetched_at": "2025-07-13T13:10:50.433685+00:00", "symbol": "DOGE-USD"}, {"trade_id": 138810338, "side": "sell", "size": "18541.60000000", "price": "0.19992000", "time": "2025-07-13T13:08:16.780214Z", "fetched_at": "2025-07-13T13:10:50.433685+00:00", "symbol": "DOGE-USD"}, {"trade_id": 138810337, "side": "sell", "size": "5.60000000", "price": "0.19992000", "time": "2025-07-13T13:08:16.780214Z", "fetched_at": "2025-07-13T13:10:50.433685+00:00", "symbol": "DOGE-USD"}, {"trade_id": 138810336, "side": "sell", "size": "50.10000000", "price": "0.19991000", "time": "2025-07-13T13:08:16.775996Z", "fetched_at": "2025-07-13T13:10:50.433685+00:00", "symbol": "DOGE-USD"}, {"trade_id": 138810335, "side": "sell", "size": "5000.00000000", "price": "0.19991000", "time": "2025-07-13T13:08:16.775996Z", "fetched_at": "2025-07-13T13:10:50.433685+00:00", "symbol": "DOGE-USD"}, {"trade_id": 138810334, "side": "sell", "size": "10000.00000000", "price": "0.19991000", "time": "2025-07-13T13:08:16.775996Z", "fetched_at": "2025-07-13T13:10:50.433685+00:00", "symbol": "DOGE-USD"}, {"trade_id": 138810333, "side": "sell", "size": "2500.00000000", "price": "0.19991000", "time": "2025-07-13T13:08:16.775996Z", "fetched_at": "2025-07-13T13:10:50.433685+00:00", "symbol": "DOGE-USD"}, {"trade_id": 138810332, "side": "buy", "size": "15.20000000", "price": "0.19990000", "time": "2025-07-13T13:08:16.675300Z", "fetched_at": "2025-07-13T13:10:50.433685+00:00", "symbol": "DOGE-USD"}, {"trade_id": 138810331, "side": "buy", "size": "10.10000000", "price": "0.19990000", "time": "2025-07-13T13:08:16.572169Z", "fetched_at": "2025-07-13T13:10:50.433685+00:00", "symbol": "DOGE-USD"}, {"trade_id": 138810330, "side": "buy", "size": "40.70000000", "price": "0.19989000", "time": "2025-07-13T13:08:15.999553Z", "fetched_at": "2025-07-13T13:10:50.433685+00:00", "symbol": "DOGE-USD"}, {"trade_id": 138810329, "side": "buy", "size": "789.70000000", "price": "0.19990000", "time": "2025-07-13T13:08:14.428702Z", "fetched_at": "2025-07-13T13:10:50.433685+00:00", "symbol": "DOGE-USD"}, {"trade_id": 138810328, "side": "buy", "size": "25.40000000", "price": "0.19990000", "time": "2025-07-13T13:08:14.397488Z", "fetched_at": "2025-07-13T13:10:50.433685+00:00", "symbol": "DOGE-USD"}, {"trade_id": 138810327, "side": "buy", "size": "15.20000000", "price": "0.19990000", "time": "2025-07-13T13:08:14.250539Z", "fetched_at": "2025-07-13T13:10:50.433685+00:00", "symbol": "DOGE-USD"}, {"trade_id": 138810326, "side": "sell", "size": "2000.00000000", "price": "0.19987000", "time": "2025-07-13T13:08:12.778020Z", "fetched_at": "2025-07-13T13:10:50.433685+00:00", "symbol": "DOGE-USD"}, {"trade_id": 138810325, "side": "sell", "size": "2500.00000000", "price": "0.19985000", "time": "2025-07-13T13:08:12.627945Z", "fetched_at": "2025-07-13T13:10:50.433685+00:00", "symbol": "DOGE-USD"}, {"trade_id": 138810324, "side": "sell", "size": "50.10000000", "price": "0.19984000", "time": "2025-07-13T13:08:12.627945Z", "fetched_at": "2025-07-13T13:10:50.433685+00:00", "symbol": "DOGE-USD"}, {"trade_id": 138810323, "side": "buy", "size": "10.00000000", "price": "0.19984000", "time": "2025-07-13T13:08:11.988392Z", "fetched_at": "2025-07-13T13:10:50.433685+00:00", "symbol": "DOGE-USD"}, {"trade_id": 138810322, "side": "buy", "size": "15.20000000", "price": "0.19983000", "time": "2025-07-13T13:08:10.837572Z", "fetched_at": "2025-07-13T13:10:50.433685+00:00", "symbol": "DOGE-USD"}, {"trade_id": 138810321, "side": "sell", "size": "50.10000000", "price": "0.19986000", "time": "2025-07-13T13:08:08.773375Z", "fetched_at": "2025-07-13T13:10:50.433685+00:00", "symbol": "DOGE-USD"}, {"trade_id": 138810320, "side": "sell", "size": "2000.00000000", "price": "0.19986000", "time": "2025-07-13T13:08:08.773375Z", "fetched_at": "2025-07-13T13:10:50.433685+00:00", "symbol": "DOGE-USD"}, {"trade_id": 138810319, "side": "sell", "size": "183.00000000", "price": "0.19984000", "time": "2025-07-13T13:08:08.687337Z", "fetched_at": "2025-07-13T13:10:50.433685+00:00", "symbol": "DOGE-USD"}, {"trade_id": 138810318, "side": "sell", "size": "50.10000000", "price": "0.19984000", "time": "2025-07-13T13:08:08.687337Z", "fetched_at": "2025-07-13T13:10:50.433685+00:00", "symbol": "DOGE-USD"}, {"trade_id": 138810317, "side": "buy", "size": "789.70000000", "price": "0.19983000", "time": "2025-07-13T13:08:08.611591Z", "fetched_at": "2025-07-13T13:10:50.433685+00:00", "symbol": "DOGE-USD"}, {"trade_id": 138810316, "side": "buy", "size": "5.60000000", "price": "0.19984000", "time": "2025-07-13T13:08:08.086380Z", "fetched_at": "2025-07-13T13:10:50.433685+00:00", "symbol": "DOGE-USD"}, {"trade_id": 138810315, "side": "buy", "size": "19.30000000", "price": "0.19984000", "time": "2025-07-13T13:08:08.086380Z", "fetched_at": "2025-07-13T13:10:50.433685+00:00", "symbol": "DOGE-USD"}, {"trade_id": 138810314, "side": "buy", "size": "5.60000000", "price": "0.19986000", "time": "2025-07-13T13:08:07.743585Z", "fetched_at": "2025-07-13T13:10:50.433685+00:00", "symbol": "DOGE-USD"}, {"trade_id": 138810313, "side": "buy", "size": "1183.60000000", "price": "0.19987000", "time": "2025-07-13T13:08:07.456508Z", "fetched_at": "2025-07-13T13:10:50.433685+00:00", "symbol": "DOGE-USD"}, {"trade_id": 138810312, "side": "buy", "size": "789.70000000", "price": "0.19993000", "time": "2025-07-13T13:08:05.995769Z", "fetched_at": "2025-07-13T13:10:50.433685+00:00", "symbol": "DOGE-USD"}, {"trade_id": 138810311, "side": "buy", "size": "183.00000000", "price": "0.19994000", "time": "2025-07-13T13:08:05.991343Z", "fetched_at": "2025-07-13T13:10:50.433685+00:00", "symbol": "DOGE-USD"}, {"trade_id": 138810310, "side": "buy", "size": "1174.90000000", "price": "0.19995000", "time": "2025-07-13T13:08:04.951737Z", "fetched_at": "2025-07-13T13:10:50.433685+00:00", "symbol": "DOGE-USD"}, {"trade_id": 138810309, "side": "buy", "size": "254.90000000", "price": "0.19996000", "time": "2025-07-13T13:08:04.430457Z", "fetched_at": "2025-07-13T13:10:50.433685+00:00", "symbol": "DOGE-USD"}, {"trade_id": 138810308, "side": "buy", "size": "254.90000000", "price": "0.19997000", "time": "2025-07-13T13:08:04.419504Z", "fetched_at": "2025-07-13T13:10:50.433685+00:00", "symbol": "DOGE-USD"}, {"trade_id": 138810307, "side": "buy", "size": "254.90000000", "price": "0.19997000", "time": "2025-07-13T13:08:04.406604Z", "fetched_at": "2025-07-13T13:10:50.433685+00:00", "symbol": "DOGE-USD"}, {"trade_id": 138810306, "side": "buy", "size": "265.20000000", "price": "0.19997000", "time": "2025-07-13T13:08:04.351658Z", "fetched_at": "2025-07-13T13:10:50.433685+00:00", "symbol": "DOGE-USD"}, {"trade_id": 138810305, "side": "buy", "size": "262.00000000", "price": "0.19997000", "time": "2025-07-13T13:08:04.351658Z", "fetched_at": "2025-07-13T13:10:50.433685+00:00", "symbol": "DOGE-USD"}, {"trade_id": 138810304, "side": "buy", "size": "254.90000000", "price": "0.19997000", "time": "2025-07-13T13:08:04.341352Z", "fetched_at": "2025-07-13T13:10:50.433685+00:00", "symbol": "DOGE-USD"}, {"trade_id": 138810303, "side": "buy", "size": "382.30000000", "price": "0.19996000", "time": "2025-07-13T13:08:04.330517Z", "fetched_at": "2025-07-13T13:10:50.433685+00:00", "symbol": "DOGE-USD"}, {"trade_id": 138810302, "side": "sell", "size": "50.10000000", "price": "0.19994000", "time": "2025-07-13T13:08:04.326193Z", "fetched_at": "2025-07-13T13:10:50.433685+00:00", "symbol": "DOGE-USD"}, {"trade_id": 138810301, "side": "buy", "size": "254.90000000", "price": "0.19991000", "time": "2025-07-13T13:08:04.263969Z", "fetched_at": "2025-07-13T13:10:50.433685+00:00", "symbol": "DOGE-USD"}, {"trade_id": 138810300, "side": "sell", "size": "2000.00000000", "price": "0.19992000", "time": "2025-07-13T13:08:04.261565Z", "fetched_at": "2025-07-13T13:10:50.433685+00:00", "symbol": "DOGE-USD"}, {"trade_id": 138810299, "side": "sell", "size": "50.10000000", "price": "0.19990000", "time": "2025-07-13T13:08:04.256655Z", "fetched_at": "2025-07-13T13:10:50.433685+00:00", "symbol": "DOGE-USD"}, {"trade_id": 138810298, "side": "buy", "size": "789.70000000", "price": "0.19991000", "time": "2025-07-13T13:08:04.177115Z", "fetched_at": "2025-07-13T13:10:50.433685+00:00", "symbol": "DOGE-USD"}, {"trade_id": 138810297, "side": "buy", "size": "262.00000000", "price": "0.19992000", "time": "2025-07-13T13:08:03.834977Z", "fetched_at": "2025-07-13T13:10:50.433685+00:00", "symbol": "DOGE-USD"}, {"trade_id": 138810296, "side": "buy", "size": "265.20000000", "price": "0.19992000", "time": "2025-07-13T13:08:03.834977Z", "fetched_at": "2025-07-13T13:10:50.433685+00:00", "symbol": "DOGE-USD"}, {"trade_id": 138810295, "side": "buy", "size": "1955.60000000", "price": "0.19993000", "time": "2025-07-13T13:08:03.674522Z", "fetched_at": "2025-07-13T13:10:50.433685+00:00", "symbol": "DOGE-USD"}, {"trade_id": 138810294, "side": "sell", "size": "183.00000000", "price": "0.19993000", "time": "2025-07-13T13:08:03.664535Z", "fetched_at": "2025-07-13T13:10:50.433685+00:00", "symbol": "DOGE-USD"}, {"trade_id": 138810293, "side": "sell", "size": "769.50000000", "price": "0.19993000", "time": "2025-07-13T13:08:03.664535Z", "fetched_at": "2025-07-13T13:10:50.433685+00:00", "symbol": "DOGE-USD"}, {"trade_id": 138810292, "side": "sell", "size": "50.10000000", "price": "0.19993000", "time": "2025-07-13T13:08:03.664535Z", "fetched_at": "2025-07-13T13:10:50.433685+00:00", "symbol": "DOGE-USD"}, {"trade_id": 138810291, "side": "buy", "size": "5.60000000", "price": "0.19988000", "time": "2025-07-13T13:08:03.652917Z", "fetched_at": "2025-07-13T13:10:50.433685+00:00", "symbol": "DOGE-USD"}, {"trade_id": 138810290, "side": "buy", "size": "1157.90000000", "price": "0.19990000", "time": "2025-07-13T13:08:03.643374Z", "fetched_at": "2025-07-13T13:10:50.433685+00:00", "symbol": "DOGE-USD"}, {"trade_id": 138810289, "side": "buy", "size": "27.00000000", "price": "0.19993000", "time": "2025-07-13T13:08:03.643374Z", "fetched_at": "2025-07-13T13:10:50.433685+00:00", "symbol": "DOGE-USD"}, {"trade_id": 138810288, "side": "buy", "size": "1552.50000000", "price": "0.19990000", "time": "2025-07-13T13:08:03.637927Z", "fetched_at": "2025-07-13T13:10:50.433685+00:00", "symbol": "DOGE-USD"}, {"trade_id": 138810287, "side": "buy", "size": "5.60000000", "price": "0.19990000", "time": "2025-07-13T13:08:03.637927Z", "fetched_at": "2025-07-13T13:10:50.433685+00:00", "symbol": "DOGE-USD"}, {"trade_id": 138810286, "side": "buy", "size": "3162.50000000", "price": "0.19990000", "time": "2025-07-13T13:08:03.637927Z", "fetched_at": "2025-07-13T13:10:50.433685+00:00", "symbol": "DOGE-USD"}, {"trade_id": 138810285, "side": "buy", "size": "10486.40000000", "price": "0.19991000", "time": "2025-07-13T13:08:03.637927Z", "fetched_at": "2025-07-13T13:10:50.433685+00:00", "symbol": "DOGE-USD"}, {"trade_id": 138810284, "side": "buy", "size": "5051.40000000", "price": "0.19991000", "time": "2025-07-13T13:08:03.637927Z", "fetched_at": "2025-07-13T13:10:50.433685+00:00", "symbol": "DOGE-USD"}, {"trade_id": 138810283, "side": "buy", "size": "5000.00000000", "price": "0.19991000", "time": "2025-07-13T13:08:03.637927Z", "fetched_at": "2025-07-13T13:10:50.433685+00:00", "symbol": "DOGE-USD"}, {"trade_id": 138810282, "side": "buy", "size": "769.50000000", "price": "0.19991000", "time": "2025-07-13T13:08:03.637927Z", "fetched_at": "2025-07-13T13:10:50.433685+00:00", "symbol": "DOGE-USD"}, {"trade_id": 138810281, "side": "buy", "size": "3375.30000000", "price": "0.19992000", "time": "2025-07-13T13:08:03.637927Z", "fetched_at": "2025-07-13T13:10:50.433685+00:00", "symbol": "DOGE-USD"}, {"trade_id": 138810280, "side": "buy", "size": "5499.80000000", "price": "0.19992000", "time": "2025-07-13T13:08:03.637927Z", "fetched_at": "2025-07-13T13:10:50.433685+00:00", "symbol": "DOGE-USD"}, {"trade_id": 138810279, "side": "buy", "size": "2547.20000000", "price": "0.19992000", "time": "2025-07-13T13:08:03.637927Z", "fetched_at": "2025-07-13T13:10:50.433685+00:00", "symbol": "DOGE-USD"}, {"trade_id": 138810278, "side": "buy", "size": "5.60000000", "price": "0.19992000", "time": "2025-07-13T13:08:03.637927Z", "fetched_at": "2025-07-13T13:10:50.433685+00:00", "symbol": "DOGE-USD"}, {"trade_id": 138810277, "side": "buy", "size": "27.00000000", "price": "0.19993000", "time": "2025-07-13T13:08:03.637927Z", "fetched_at": "2025-07-13T13:10:50.433685+00:00", "symbol": "DOGE-USD"}, {"trade_id": 138810276, "side": "buy", "size": "5.60000000", "price": "0.19994000", "time": "2025-07-13T13:08:03.635083Z", "fetched_at": "2025-07-13T13:10:50.433685+00:00", "symbol": "DOGE-USD"}, {"trade_id": 138810275, "side": "buy", "size": "2298.70000000", "price": "0.19996000", "time": "2025-07-13T13:08:03.600080Z", "fetched_at": "2025-07-13T13:10:50.433685+00:00", "symbol": "DOGE-USD"}, {"trade_id": 138810274, "side": "buy", "size": "5.60000000", "price": "0.19996000", "time": "2025-07-13T13:08:03.600080Z", "fetched_at": "2025-07-13T13:10:50.433685+00:00", "symbol": "DOGE-USD"}, {"trade_id": 138810273, "side": "buy", "size": "254.90000000", "price": "0.20000000", "time": "2025-07-13T13:08:02.248103Z", "fetched_at": "2025-07-13T13:10:50.433685+00:00", "symbol": "DOGE-USD"}, {"trade_id": 138810272, "side": "buy", "size": "1151.70000000", "price": "0.19998000", "time": "2025-07-13T13:08:02.229161Z", "fetched_at": "2025-07-13T13:10:50.433685+00:00", "symbol": "DOGE-USD"}, {"trade_id": 138810271, "side": "buy", "size": "5.60000000", "price": "0.19998000", "time": "2025-07-13T13:08:02.229161Z", "fetched_at": "2025-07-13T13:10:50.433685+00:00", "symbol": "DOGE-USD"}, {"trade_id": 138810270, "side": "buy", "size": "5.50000000", "price": "0.20000000", "time": "2025-07-13T13:08:02.217976Z", "fetched_at": "2025-07-13T13:10:50.433685+00:00", "symbol": "DOGE-USD"}, {"trade_id": 138810269, "side": "buy", "size": "1206.10000000", "price": "0.20001000", "time": "2025-07-13T13:08:02.137921Z", "fetched_at": "2025-07-13T13:10:50.433685+00:00", "symbol": "DOGE-USD"}, {"trade_id": 138810268, "side": "buy", "size": "10.00000000", "price": "0.20001000", "time": "2025-07-13T13:08:02.137921Z", "fetched_at": "2025-07-13T13:10:50.433685+00:00", "symbol": "DOGE-USD"}, {"trade_id": 138810267, "side": "buy", "size": "1183.20000000", "price": "0.20001000", "time": "2025-07-13T13:08:02.137921Z", "fetched_at": "2025-07-13T13:10:50.433685+00:00", "symbol": "DOGE-USD"}, {"trade_id": 138810266, "side": "buy", "size": "180.00000000", "price": "0.20001000", "time": "2025-07-13T13:08:01.923513Z", "fetched_at": "2025-07-13T13:10:50.433685+00:00", "symbol": "DOGE-USD"}, {"trade_id": 138810265, "side": "sell", "size": "1805.80000000", "price": "0.20001000", "time": "2025-07-13T13:08:01.523744Z", "fetched_at": "2025-07-13T13:10:50.433685+00:00", "symbol": "DOGE-USD"}, {"trade_id": 138810264, "side": "sell", "size": "194.20000000", "price": "0.20001000", "time": "2025-07-13T13:08:01.241402Z", "fetched_at": "2025-07-13T13:10:50.433685+00:00", "symbol": "DOGE-USD"}, {"trade_id": 138810263, "side": "buy", "size": "5.50000000", "price": "0.20002000", "time": "2025-07-13T13:07:59.559608Z", "fetched_at": "2025-07-13T13:10:50.433685+00:00", "symbol": "DOGE-USD"}, {"trade_id": 138810262, "side": "sell", "size": "142.70000000", "price": "0.20005000", "time": "2025-07-13T13:07:58.679024Z", "fetched_at": "2025-07-13T13:10:50.433685+00:00", "symbol": "DOGE-USD"}, {"trade_id": 138810261, "side": "sell", "size": "50.00000000", "price": "0.20004000", "time": "2025-07-13T13:07:58.679024Z", "fetched_at": "2025-07-13T13:10:50.433685+00:00", "symbol": "DOGE-USD"}, {"trade_id": 138810260, "side": "buy", "size": "254.90000000", "price": "0.20005000", "time": "2025-07-13T13:07:58.022089Z", "fetched_at": "2025-07-13T13:10:50.433685+00:00", "symbol": "DOGE-USD"}, {"trade_id": 138810259, "side": "buy", "size": "265.20000000", "price": "0.20004000", "time": "2025-07-13T13:07:58.004898Z", "fetched_at": "2025-07-13T13:10:50.433685+00:00", "symbol": "DOGE-USD"}, {"trade_id": 138810258, "side": "buy", "size": "1321.80000000", "price": "0.20006000", "time": "2025-07-13T13:07:57.267998Z", "fetched_at": "2025-07-13T13:10:50.433685+00:00", "symbol": "DOGE-USD"}, {"trade_id": 138810257, "side": "buy", "size": "254.90000000", "price": "0.20008000", "time": "2025-07-13T13:07:56.300850Z", "fetched_at": "2025-07-13T13:10:50.433685+00:00", "symbol": "DOGE-USD"}, {"trade_id": 138810256, "side": "buy", "size": "265.20000000", "price": "0.20008000", "time": "2025-07-13T13:07:56.300850Z", "fetched_at": "2025-07-13T13:10:50.433685+00:00", "symbol": "DOGE-USD"}, {"trade_id": 138810255, "side": "buy", "size": "789.70000000", "price": "0.20007000", "time": "2025-07-13T13:07:55.908951Z", "fetched_at": "2025-07-13T13:10:50.433685+00:00", "symbol": "DOGE-USD"}, {"trade_id": 138810254, "side": "buy", "size": "1278.00000000", "price": "0.20009000", "time": "2025-07-13T13:07:54.724284Z", "fetched_at": "2025-07-13T13:10:50.433685+00:00", "symbol": "DOGE-USD"}, {"trade_id": 138810253, "side": "buy", "size": "254.90000000", "price": "0.20009000", "time": "2025-07-13T13:07:54.426136Z", "fetched_at": "2025-07-13T13:10:50.433685+00:00", "symbol": "DOGE-USD"}, {"trade_id": 138810252, "side": "buy", "size": "265.20000000", "price": "0.20009000", "time": "2025-07-13T13:07:54.414223Z", "fetched_at": "2025-07-13T13:10:50.433685+00:00", "symbol": "DOGE-USD"}, {"trade_id": 138810251, "side": "buy", "size": "382.30000000", "price": "0.20008000", "time": "2025-07-13T13:07:54.358423Z", "fetched_at": "2025-07-13T13:10:50.433685+00:00", "symbol": "DOGE-USD"}, {"trade_id": 138810250, "side": "sell", "size": "10000.00000000", "price": "0.20007000", "time": "2025-07-13T13:07:54.353474Z", "fetched_at": "2025-07-13T13:10:50.433685+00:00", "symbol": "DOGE-USD"}, {"trade_id": 138810249, "side": "sell", "size": "5000.00000000", "price": "0.20007000", "time": "2025-07-13T13:07:54.353474Z", "fetched_at": "2025-07-13T13:10:50.433685+00:00", "symbol": "DOGE-USD"}, {"trade_id": 138810248, "side": "sell", "size": "2500.00000000", "price": "0.20007000", "time": "2025-07-13T13:07:54.353474Z", "fetched_at": "2025-07-13T13:10:50.433685+00:00", "symbol": "DOGE-USD"}, {"trade_id": 138810247, "side": "sell", "size": "1169.80000000", "price": "0.20006000", "time": "2025-07-13T13:07:54.353474Z", "fetched_at": "2025-07-13T13:10:50.433685+00:00", "symbol": "DOGE-USD"}, {"trade_id": 138810246, "side": "sell", "size": "2000.00000000", "price": "0.20006000", "time": "2025-07-13T13:07:54.353474Z", "fetched_at": "2025-07-13T13:10:50.433685+00:00", "symbol": "DOGE-USD"}, {"trade_id": 138810245, "side": "sell", "size": "50.00000000", "price": "0.20005000", "time": "2025-07-13T13:07:54.353009Z", "fetched_at": "2025-07-13T13:10:50.433685+00:00", "symbol": "DOGE-USD"}, {"trade_id": 138810244, "side": "buy", "size": "5.50000000", "price": "0.20004000", "time": "2025-07-13T13:07:53.854975Z", "fetched_at": "2025-07-13T13:10:50.433685+00:00", "symbol": "DOGE-USD"}, {"trade_id": 138810243, "side": "buy", "size": "5.50000000", "price": "0.20006000", "time": "2025-07-13T13:07:53.854975Z", "fetched_at": "2025-07-13T13:10:50.433685+00:00", "symbol": "DOGE-USD"}, {"trade_id": 138810242, "side": "sell", "size": "123.70000000", "price": "0.20008000", "time": "2025-07-13T13:07:52.833576Z", "fetched_at": "2025-07-13T13:10:50.433685+00:00", "symbol": "DOGE-USD"}, {"trade_id": 138810241, "side": "buy", "size": "1332.10000000", "price": "0.20009000", "time": "2025-07-13T13:07:52.005687Z", "fetched_at": "2025-07-13T13:10:50.433685+00:00", "symbol": "DOGE-USD"}, {"trade_id": 138810240, "side": "buy", "size": "34.90000000", "price": "0.20010000", "time": "2025-07-13T13:07:51.995292Z", "fetched_at": "2025-07-13T13:10:50.433685+00:00", "symbol": "DOGE-USD"}, {"trade_id": 138810239, "side": "buy", "size": "254.90000000", "price": "0.20010000", "time": "2025-07-13T13:07:51.980343Z", "fetched_at": "2025-07-13T13:10:50.433685+00:00", "symbol": "DOGE-USD"}, {"trade_id": 138810238, "side": "buy", "size": "35.20000000", "price": "0.20010000", "time": "2025-07-13T13:07:51.955711Z", "fetched_at": "2025-07-13T13:10:50.433685+00:00", "symbol": "DOGE-USD"}, {"trade_id": 138810237, "side": "buy", "size": "1397.00000000", "price": "0.20010000", "time": "2025-07-13T13:07:51.955711Z", "fetched_at": "2025-07-13T13:10:50.433685+00:00", "symbol": "DOGE-USD"}, {"trade_id": 138810236, "side": "buy", "size": "5.50000000", "price": "0.20010000", "time": "2025-07-13T13:07:51.955711Z", "fetched_at": "2025-07-13T13:10:50.433685+00:00", "symbol": "DOGE-USD"}, {"trade_id": 138810235, "side": "buy", "size": "1208.30000000", "price": "0.20012000", "time": "2025-07-13T13:07:51.395743Z", "fetched_at": "2025-07-13T13:10:50.433685+00:00", "symbol": "DOGE-USD"}, {"trade_id": 138810234, "side": "buy", "size": "254.90000000", "price": "0.20014000", "time": "2025-07-13T13:07:50.537254Z", "fetched_at": "2025-07-13T13:10:50.433685+00:00", "symbol": "DOGE-USD"}, {"trade_id": 138810233, "side": "buy", "size": "265.20000000", "price": "0.20014000", "time": "2025-07-13T13:07:50.537254Z", "fetched_at": "2025-07-13T13:10:50.433685+00:00", "symbol": "DOGE-USD"}, {"trade_id": 138810232, "side": "buy", "size": "262.00000000", "price": "0.20013000", "time": "2025-07-13T13:07:50.520482Z", "fetched_at": "2025-07-13T13:10:50.433685+00:00", "symbol": "DOGE-USD"}, {"trade_id": 138810231, "side": "buy", "size": "254.90000000", "price": "0.20013000", "time": "2025-07-13T13:07:50.520482Z", "fetched_at": "2025-07-13T13:10:50.433685+00:00", "symbol": "DOGE-USD"}, {"trade_id": 138810230, "side": "buy", "size": "265.20000000", "price": "0.20013000", "time": "2025-07-13T13:07:50.520482Z", "fetched_at": "2025-07-13T13:10:50.433685+00:00", "symbol": "DOGE-USD"}, {"trade_id": 138810229, "side": "buy", "size": "1220.50000000", "price": "0.20015000", "time": "2025-07-13T13:07:50.392Z", "fetched_at": "2025-07-13T13:10:50.433685+00:00", "symbol": "DOGE-USD"}, {"trade_id": 138810228, "side": "buy", "size": "262.00000000", "price": "0.20015000", "time": "2025-07-13T13:07:50.392Z", "fetched_at": "2025-07-13T13:10:50.433685+00:00", "symbol": "DOGE-USD"}, {"trade_id": 138810227, "side": "buy", "size": "265.20000000", "price": "0.20015000", "time": "2025-07-13T13:07:50.392Z", "fetched_at": "2025-07-13T13:10:50.433685+00:00", "symbol": "DOGE-USD"}, {"trade_id": 138810226, "side": "buy", "size": "254.90000000", "price": "0.20015000", "time": "2025-07-13T13:07:50.392Z", "fetched_at": "2025-07-13T13:10:50.433685+00:00", "symbol": "DOGE-USD"}, {"trade_id": 138810225, "side": "sell", "size": "2000.00000000", "price": "0.20011000", "time": "2025-07-13T13:07:49.460828Z", "fetched_at": "2025-07-13T13:10:50.433685+00:00", "symbol": "DOGE-USD"}, {"trade_id": 138810224, "side": "buy", "size": "1284.30000000", "price": "0.20009000", "time": "2025-07-13T13:07:48.697329Z", "fetched_at": "2025-07-13T13:10:50.433685+00:00", "symbol": "DOGE-USD"}, {"trade_id": 138810223, "side": "buy", "size": "254.90000000", "price": "0.20010000", "time": "2025-07-13T13:07:48.686261Z", "fetched_at": "2025-07-13T13:10:50.433685+00:00", "symbol": "DOGE-USD"}, {"trade_id": 138810222, "side": "buy", "size": "5.50000000", "price": "0.20006000", "time": "2025-07-13T13:07:48.546344Z", "fetched_at": "2025-07-13T13:10:50.433685+00:00", "symbol": "DOGE-USD"}, {"trade_id": 138810221, "side": "buy", "size": "2500.00000000", "price": "0.20007000", "time": "2025-07-13T13:07:48.546344Z", "fetched_at": "2025-07-13T13:10:50.433685+00:00", "symbol": "DOGE-USD"}, {"trade_id": 138810220, "side": "buy", "size": "115.90000000", "price": "0.20008000", "time": "2025-07-13T13:07:48.546344Z", "fetched_at": "2025-07-13T13:10:50.433685+00:00", "symbol": "DOGE-USD"}, {"trade_id": 138810219, "side": "buy", "size": "5.50000000", "price": "0.20008000", "time": "2025-07-13T13:07:48.546344Z", "fetched_at": "2025-07-13T13:10:50.433685+00:00", "symbol": "DOGE-USD"}, {"trade_id": 138810218, "side": "buy", "size": "769.50000000", "price": "0.20010000", "time": "2025-07-13T13:07:48.546344Z", "fetched_at": "2025-07-13T13:10:50.433685+00:00", "symbol": "DOGE-USD"}, {"trade_id": 138810217, "side": "buy", "size": "5.50000000", "price": "0.20010000", "time": "2025-07-13T13:07:48.546344Z", "fetched_at": "2025-07-13T13:10:50.433685+00:00", "symbol": "DOGE-USD"}, {"trade_id": 138810216, "side": "buy", "size": "769.50000000", "price": "0.20012000", "time": "2025-07-13T13:07:48.539704Z", "fetched_at": "2025-07-13T13:10:50.433685+00:00", "symbol": "DOGE-USD"}, {"trade_id": 138810215, "side": "buy", "size": "27.50000000", "price": "0.20013000", "time": "2025-07-13T13:07:48.539704Z", "fetched_at": "2025-07-13T13:10:50.433685+00:00", "symbol": "DOGE-USD"}, {"trade_id": 138810214, "side": "buy", "size": "127.00000000", "price": "0.20014000", "time": "2025-07-13T13:07:48.539704Z", "fetched_at": "2025-07-13T13:10:50.433685+00:00", "symbol": "DOGE-USD"}, {"trade_id": 138810213, "side": "buy", "size": "183.00000000", "price": "0.20015000", "time": "2025-07-13T13:07:48.539449Z", "fetched_at": "2025-07-13T13:10:50.433685+00:00", "symbol": "DOGE-USD"}, {"trade_id": 138810212, "side": "buy", "size": "254.90000000", "price": "0.20011000", "time": "2025-07-13T13:07:48.123528Z", "fetched_at": "2025-07-13T13:10:50.433685+00:00", "symbol": "DOGE-USD"}, {"trade_id": 138810211, "side": "buy", "size": "778.70000000", "price": "0.20010000", "time": "2025-07-13T13:07:45.943860Z", "fetched_at": "2025-07-13T13:10:50.433685+00:00", "symbol": "DOGE-USD"}, {"trade_id": 138810210, "side": "buy", "size": "5.50000000", "price": "0.20010000", "time": "2025-07-13T13:07:45.943860Z", "fetched_at": "2025-07-13T13:10:50.433685+00:00", "symbol": "DOGE-USD"}, {"trade_id": 138810209, "side": "buy", "size": "5.50000000", "price": "0.20012000", "time": "2025-07-13T13:07:45.943860Z", "fetched_at": "2025-07-13T13:10:50.433685+00:00", "symbol": "DOGE-USD"}, {"trade_id": 138810208, "side": "buy", "size": "110.50000000", "price": "0.20013000", "time": "2025-07-13T13:07:45.627808Z", "fetched_at": "2025-07-13T13:10:50.433685+00:00", "symbol": "DOGE-USD"}, {"trade_id": 138810207, "side": "buy", "size": "254.90000000", "price": "0.20013000", "time": "2025-07-13T13:07:45.627808Z", "fetched_at": "2025-07-13T13:10:50.433685+00:00", "symbol": "DOGE-USD"}, {"trade_id": 138810206, "side": "buy", "size": "265.20000000", "price": "0.20013000", "time": "2025-07-13T13:07:45.627808Z", "fetched_at": "2025-07-13T13:10:50.433685+00:00", "symbol": "DOGE-USD"}, {"trade_id": 138810205, "side": "buy", "size": "35.70000000", "price": "0.20014000", "time": "2025-07-13T13:07:42.824283Z", "fetched_at": "2025-07-13T13:10:50.433685+00:00", "symbol": "DOGE-USD"}, {"trade_id": 138810204, "side": "buy", "size": "5.50000000", "price": "0.20014000", "time": "2025-07-13T13:07:42.824283Z", "fetched_at": "2025-07-13T13:10:50.433685+00:00", "symbol": "DOGE-USD"}, {"trade_id": 138810203, "side": "buy", "size": "5.50000000", "price": "0.20016000", "time": "2025-07-13T13:07:42.800960Z", "fetched_at": "2025-07-13T13:10:50.433685+00:00", "symbol": "DOGE-USD"}, {"trade_id": 138810202, "side": "buy", "size": "30.20000000", "price": "0.20017000", "time": "2025-07-13T13:07:42.800960Z", "fetched_at": "2025-07-13T13:10:50.433685+00:00", "symbol": "DOGE-USD"}, {"trade_id": 138810201, "side": "buy", "size": "5.50000000", "price": "0.20018000", "time": "2025-07-13T13:07:42.780177Z", "fetched_at": "2025-07-13T13:10:50.433685+00:00", "symbol": "DOGE-USD"}, {"trade_id": 138810200, "side": "buy", "size": "183.00000000", "price": "0.20023000", "time": "2025-07-13T13:07:40.768960Z", "fetched_at": "2025-07-13T13:10:50.433685+00:00", "symbol": "DOGE-USD"}, {"trade_id": 138810199, "side": "buy", "size": "253.90000000", "price": "0.20023000", "time": "2025-07-13T13:07:40.768960Z", "fetched_at": "2025-07-13T13:10:50.433685+00:00", "symbol": "DOGE-USD"}, {"trade_id": 138810198, "side": "sell", "size": "250.00000000", "price": "0.20023000", "time": "2025-07-13T13:07:39.992035Z", "fetched_at": "2025-07-13T13:10:50.433685+00:00", "symbol": "DOGE-USD"}, {"trade_id": 138810197, "side": "sell", "size": "50.00000000", "price": "0.20018000", "time": "2025-07-13T13:07:37.755153Z", "fetched_at": "2025-07-13T13:10:50.433685+00:00", "symbol": "DOGE-USD"}, {"trade_id": 138810196, "side": "sell", "size": "18535.90000000", "price": "0.20017000", "time": "2025-07-13T13:07:37.755153Z", "fetched_at": "2025-07-13T13:10:50.433685+00:00", "symbol": "DOGE-USD"}, {"trade_id": 138810195, "side": "sell", "size": "6000.00000000", "price": "0.20015000", "time": "2025-07-13T13:07:37.311501Z", "fetched_at": "2025-07-13T13:10:50.433685+00:00", "symbol": "DOGE-USD"}, {"trade_id": 138810194, "side": "sell", "size": "769.50000000", "price": "0.20015000", "time": "2025-07-13T13:07:37.311501Z", "fetched_at": "2025-07-13T13:10:50.433685+00:00", "symbol": "DOGE-USD"}, {"trade_id": 138810193, "side": "sell", "size": "10000.00000000", "price": "0.20014000", "time": "2025-07-13T13:07:37.311501Z", "fetched_at": "2025-07-13T13:10:50.433685+00:00", "symbol": "DOGE-USD"}, {"trade_id": 138810192, "side": "sell", "size": "10000.00000000", "price": "0.20014000", "time": "2025-07-13T13:07:37.311501Z", "fetched_at": "2025-07-13T13:10:50.433685+00:00", "symbol": "DOGE-USD"}, {"trade_id": 138810191, "side": "sell", "size": "2500.00000000", "price": "0.20014000", "time": "2025-07-13T13:07:37.311501Z", "fetched_at": "2025-07-13T13:10:50.433685+00:00", "symbol": "DOGE-USD"}, {"trade_id": 138810190, "side": "sell", "size": "5000.00000000", "price": "0.20014000", "time": "2025-07-13T13:07:37.311501Z", "fetched_at": "2025-07-13T13:10:50.433685+00:00", "symbol": "DOGE-USD"}, {"trade_id": 138810189, "side": "sell", "size": "50.00000000", "price": "0.20013000", "time": "2025-07-13T13:07:37.311501Z", "fetched_at": "2025-07-13T13:10:50.433685+00:00", "symbol": "DOGE-USD"}, {"trade_id": 138810188, "side": "sell", "size": "2000.00000000", "price": "0.20012000", "time": "2025-07-13T13:07:37.311501Z", "fetched_at": "2025-07-13T13:10:50.433685+00:00", "symbol": "DOGE-USD"}, {"trade_id": 138810187, "side": "buy", "size": "645.00000000", "price": "0.20012000", "time": "2025-07-13T13:07:36.364151Z", "fetched_at": "2025-07-13T13:10:50.433685+00:00", "symbol": "DOGE-USD"}, {"trade_id": 138810186, "side": "buy", "size": "5.50000000", "price": "0.20012000", "time": "2025-07-13T13:07:36.364151Z", "fetched_at": "2025-07-13T13:10:50.433685+00:00", "symbol": "DOGE-USD"}, {"trade_id": 138810185, "side": "buy", "size": "60.20000000", "price": "0.20013000", "time": "2025-07-13T13:07:36.364151Z", "fetched_at": "2025-07-13T13:10:50.433685+00:00", "symbol": "DOGE-USD"}, {"trade_id": 138810184, "side": "buy", "size": "20.70000000", "price": "0.20013000", "time": "2025-07-13T13:07:36.364151Z", "fetched_at": "2025-07-13T13:10:50.433685+00:00", "symbol": "DOGE-USD"}, {"trade_id": 138810183, "side": "buy", "size": "5.50000000", "price": "0.20014000", "time": "2025-07-13T13:07:36.364151Z", "fetched_at": "2025-07-13T13:10:50.433685+00:00", "symbol": "DOGE-USD"}, {"trade_id": 138810182, "side": "buy", "size": "5.50000000", "price": "0.20016000", "time": "2025-07-13T13:07:36.364151Z", "fetched_at": "2025-07-13T13:10:50.433685+00:00", "symbol": "DOGE-USD"}, {"trade_id": 138810181, "side": "buy", "size": "5.50000000", "price": "0.20018000", "time": "2025-07-13T13:07:36.236454Z", "fetched_at": "2025-07-13T13:10:50.433685+00:00", "symbol": "DOGE-USD"}, {"trade_id": 138810180, "side": "buy", "size": "5.50000000", "price": "0.20020000", "time": "2025-07-13T13:07:35.994887Z", "fetched_at": "2025-07-13T13:10:50.433685+00:00", "symbol": "DOGE-USD"}, {"trade_id": 138810179, "side": "buy", "size": "5.50000000", "price": "0.20022000", "time": "2025-07-13T13:07:35.368873Z", "fetched_at": "2025-07-13T13:10:50.433685+00:00", "symbol": "DOGE-USD"}, {"trade_id": 138810178, "side": "buy", "size": "5.50000000", "price": "0.20024000", "time": "2025-07-13T13:07:35.368873Z", "fetched_at": "2025-07-13T13:10:50.433685+00:00", "symbol": "DOGE-USD"}, {"trade_id": 138810177, "side": "buy", "size": "0.10000000", "price": "0.20026000", "time": "2025-07-13T13:07:35.359668Z", "fetched_at": "2025-07-13T13:10:50.433685+00:00", "symbol": "DOGE-USD"}, {"trade_id": 138810176, "side": "buy", "size": "5.50000000", "price": "0.20026000", "time": "2025-07-13T13:07:35.359668Z", "fetched_at": "2025-07-13T13:10:50.433685+00:00", "symbol": "DOGE-USD"}, {"trade_id": 138810175, "side": "buy", "size": "182737.50000000", "price": "0.20027000", "time": "2025-07-13T13:07:35.356054Z", "fetched_at": "2025-07-13T13:10:50.433685+00:00", "symbol": "DOGE-USD"}, {"trade_id": 138810174, "side": "buy", "size": "22120.30000000", "price": "0.20027000", "time": "2025-07-13T13:07:35.353659Z", "fetched_at": "2025-07-13T13:10:50.433685+00:00", "symbol": "DOGE-USD"}, {"trade_id": 138810173, "side": "buy", "size": "176648.70000000", "price": "0.20027000", "time": "2025-07-13T13:07:35.353561Z", "fetched_at": "2025-07-13T13:10:50.433685+00:00", "symbol": "DOGE-USD"}, {"trade_id": 138810172, "side": "buy", "size": "45.70000000", "price": "0.20027000", "time": "2025-07-13T13:07:35.177670Z", "fetched_at": "2025-07-13T13:10:50.433685+00:00", "symbol": "DOGE-USD"}, {"trade_id": 138810171, "side": "buy", "size": "5894.20000000", "price": "0.20027000", "time": "2025-07-13T13:07:34.892046Z", "fetched_at": "2025-07-13T13:10:50.433685+00:00", "symbol": "DOGE-USD"}, {"trade_id": 138810170, "side": "buy", "size": "1805.60000000", "price": "0.20027000", "time": "2025-07-13T13:07:34.868413Z", "fetched_at": "2025-07-13T13:10:50.433685+00:00", "symbol": "DOGE-USD"}, {"trade_id": 138810169, "side": "buy", "size": "4357.50000000", "price": "0.20027000", "time": "2025-07-13T13:07:34.834854Z", "fetched_at": "2025-07-13T13:10:50.433685+00:00", "symbol": "DOGE-USD"}, {"trade_id": 138810168, "side": "buy", "size": "710.50000000", "price": "0.20027000", "time": "2025-07-13T13:07:34.797522Z", "fetched_at": "2025-07-13T13:10:50.433685+00:00", "symbol": "DOGE-USD"}, {"trade_id": 138810167, "side": "buy", "size": "1053.40000000", "price": "0.20027000", "time": "2025-07-13T13:07:34.787271Z", "fetched_at": "2025-07-13T13:10:50.433685+00:00", "symbol": "DOGE-USD"}, {"trade_id": 138810166, "side": "buy", "size": "12508.90000000", "price": "0.20027000", "time": "2025-07-13T13:07:34.760462Z", "fetched_at": "2025-07-13T13:10:50.433685+00:00", "symbol": "DOGE-USD"}, {"trade_id": 138810165, "side": "buy", "size": "18542.70000000", "price": "0.20027000", "time": "2025-07-13T13:07:34.750685Z", "fetched_at": "2025-07-13T13:10:50.433685+00:00", "symbol": "DOGE-USD"}, {"trade_id": 138810164, "side": "buy", "size": "2000.00000000", "price": "0.20027000", "time": "2025-07-13T13:07:34.747394Z", "fetched_at": "2025-07-13T13:10:50.433685+00:00", "symbol": "DOGE-USD"}, {"trade_id": 138810163, "side": "buy", "size": "789.70000000", "price": "0.20027000", "time": "2025-07-13T13:07:34.746590Z", "fetched_at": "2025-07-13T13:10:50.433685+00:00", "symbol": "DOGE-USD"}, {"trade_id": 138810162, "side": "buy", "size": "6603.50000000", "price": "0.20027000", "time": "2025-07-13T13:07:34.740448Z", "fetched_at": "2025-07-13T13:10:50.433685+00:00", "symbol": "DOGE-USD"}, {"trade_id": 138810161, "side": "buy", "size": "14592.50000000", "price": "0.20027000", "time": "2025-07-13T13:07:34.740422Z", "fetched_at": "2025-07-13T13:10:50.433685+00:00", "symbol": "DOGE-USD"}, {"trade_id": 138810160, "side": "buy", "size": "10564.60000000", "price": "0.20027000", "time": "2025-07-13T13:07:34.738787Z", "fetched_at": "2025-07-13T13:10:50.433685+00:00", "symbol": "DOGE-USD"}, {"trade_id": 138810159, "side": "buy", "size": "16577.10000000", "price": "0.20027000", "time": "2025-07-13T13:07:34.735594Z", "fetched_at": "2025-07-13T13:10:50.433685+00:00", "symbol": "DOGE-USD"}, {"trade_id": 138810158, "side": "buy", "size": "2823.00000000", "price": "0.20027000", "time": "2025-07-13T13:07:34.726674Z", "fetched_at": "2025-07-13T13:10:50.433685+00:00", "symbol": "DOGE-USD"}, {"trade_id": 138810157, "side": "buy", "size": "5941.80000000", "price": "0.20027000", "time": "2025-07-13T13:07:34.715522Z", "fetched_at": "2025-07-13T13:10:50.433685+00:00", "symbol": "DOGE-USD"}, {"trade_id": 138810156, "side": "buy", "size": "28.40000000", "price": "0.20028000", "time": "2025-07-13T13:07:33.960489Z", "fetched_at": "2025-07-13T13:10:50.433685+00:00", "symbol": "DOGE-USD"}, {"trade_id": 138810155, "side": "buy", "size": "28.40000000", "price": "0.20028000", "time": "2025-07-13T13:07:33.943707Z", "fetched_at": "2025-07-13T13:10:50.433685+00:00", "symbol": "DOGE-USD"}, {"trade_id": 138810154, "side": "buy", "size": "36.40000000", "price": "0.20028000", "time": "2025-07-13T13:07:31.679403Z", "fetched_at": "2025-07-13T13:10:50.433685+00:00", "symbol": "DOGE-USD"}, {"trade_id": 138810153, "side": "buy", "size": "36.40000000", "price": "0.20028000", "time": "2025-07-13T13:07:31.668909Z", "fetched_at": "2025-07-13T13:10:50.433685+00:00", "symbol": "DOGE-USD"}, {"trade_id": 138810152, "side": "buy", "size": "6156.30000000", "price": "0.20027000", "time": "2025-07-13T13:07:31.611792Z", "fetched_at": "2025-07-13T13:10:50.433685+00:00", "symbol": "DOGE-USD"}, {"trade_id": 138810151, "side": "buy", "size": "36.40000000", "price": "0.20028000", "time": "2025-07-13T13:07:31.611792Z", "fetched_at": "2025-07-13T13:10:50.433685+00:00", "symbol": "DOGE-USD"}, {"trade_id": 138810150, "side": "buy", "size": "6053.40000000", "price": "0.20027000", "time": "2025-07-13T13:07:31.601230Z", "fetched_at": "2025-07-13T13:10:50.433685+00:00", "symbol": "DOGE-USD"}, {"trade_id": 138810149, "side": "buy", "size": "36.40000000", "price": "0.20028000", "time": "2025-07-13T13:07:31.478733Z", "fetched_at": "2025-07-13T13:10:50.433685+00:00", "symbol": "DOGE-USD"}, {"trade_id": 138810148, "side": "buy", "size": "50.00000000", "price": "0.20028000", "time": "2025-07-13T13:07:29.933273Z", "fetched_at": "2025-07-13T13:10:50.433685+00:00", "symbol": "DOGE-USD"}, {"trade_id": 138810147, "side": "buy", "size": "2995.80000000", "price": "0.20028000", "time": "2025-07-13T13:07:29.912621Z", "fetched_at": "2025-07-13T13:10:50.433685+00:00", "symbol": "DOGE-USD"}, {"trade_id": 138810146, "side": "buy", "size": "1362.10000000", "price": "0.20028000", "time": "2025-07-13T13:07:29.912621Z", "fetched_at": "2025-07-13T13:10:50.433685+00:00", "symbol": "DOGE-USD"}, {"trade_id": 138810145, "side": "buy", "size": "50.00000000", "price": "0.20028000", "time": "2025-07-13T13:07:29.912621Z", "fetched_at": "2025-07-13T13:10:50.433685+00:00", "symbol": "DOGE-USD"}, {"trade_id": 138810144, "side": "buy", "size": "5.50000000", "price": "0.20028000", "time": "2025-07-13T13:07:29.912621Z", "fetched_at": "2025-07-13T13:10:50.433685+00:00", "symbol": "DOGE-USD"}, {"trade_id": 138810143, "side": "sell", "size": "49.90000000", "price": "0.20031000", "time": "2025-07-13T13:07:29.063328Z", "fetched_at": "2025-07-13T13:10:50.433685+00:00", "symbol": "DOGE-USD"}, {"trade_id": 138810142, "side": "buy", "size": "50.00000000", "price": "0.20029000", "time": "2025-07-13T13:07:27.675822Z", "fetched_at": "2025-07-13T13:10:50.433685+00:00", "symbol": "DOGE-USD"}, {"trade_id": 138810141, "side": "buy", "size": "50.00000000", "price": "0.20031000", "time": "2025-07-13T13:07:25.324933Z", "fetched_at": "2025-07-13T13:10:50.433685+00:00", "symbol": "DOGE-USD"}, {"trade_id": 138810140, "side": "buy", "size": "1278.50000000", "price": "0.20031000", "time": "2025-07-13T13:07:25.324933Z", "fetched_at": "2025-07-13T13:10:50.433685+00:00", "symbol": "DOGE-USD"}, {"trade_id": 138810139, "side": "buy", "size": "0.10000000", "price": "0.20028000", "time": "2025-07-13T13:07:17.318942Z", "fetched_at": "2025-07-13T13:10:50.433685+00:00", "symbol": "DOGE-USD"}, {"trade_id": 138810138, "side": "buy", "size": "1148.90000000", "price": "0.20028000", "time": "2025-07-13T13:07:17.317091Z", "fetched_at": "2025-07-13T13:10:50.433685+00:00", "symbol": "DOGE-USD"}, {"trade_id": 138810137, "side": "buy", "size": "5.50000000", "price": "0.20028000", "time": "2025-07-13T13:07:17.317091Z", "fetched_at": "2025-07-13T13:10:50.433685+00:00", "symbol": "DOGE-USD"}, {"trade_id": 138810136, "side": "buy", "size": "5.50000000", "price": "0.20030000", "time": "2025-07-13T13:07:11.825112Z", "fetched_at": "2025-07-13T13:10:50.433685+00:00", "symbol": "DOGE-USD"}, {"trade_id": 138810135, "side": "sell", "size": "58.90000000", "price": "0.20031000", "time": "2025-07-13T13:07:11.487799Z", "fetched_at": "2025-07-13T13:10:50.433685+00:00", "symbol": "DOGE-USD"}, {"trade_id": 138810134, "side": "sell", "size": "183.00000000", "price": "0.20031000", "time": "2025-07-13T13:07:11.487799Z", "fetched_at": "2025-07-13T13:10:50.433685+00:00", "symbol": "DOGE-USD"}, {"trade_id": 138810133, "side": "buy", "size": "5.50000000", "price": "0.20032000", "time": "2025-07-13T13:07:11.451559Z", "fetched_at": "2025-07-13T13:10:50.433685+00:00", "symbol": "DOGE-USD"}, {"trade_id": 138810132, "side": "buy", "size": "5.50000000", "price": "0.20034000", "time": "2025-07-13T13:07:10.181079Z", "fetched_at": "2025-07-13T13:10:50.433685+00:00", "symbol": "DOGE-USD"}, {"trade_id": 138810131, "side": "buy", "size": "5.50000000", "price": "0.20036000", "time": "2025-07-13T13:07:09.796284Z", "fetched_at": "2025-07-13T13:10:50.433685+00:00", "symbol": "DOGE-USD"}, {"trade_id": 138810130, "side": "buy", "size": "9356.50000000", "price": "0.20038000", "time": "2025-07-13T13:07:07.611253Z", "fetched_at": "2025-07-13T13:10:50.433685+00:00", "symbol": "DOGE-USD"}, {"trade_id": 138810129, "side": "buy", "size": "692.70000000", "price": "0.20038000", "time": "2025-07-13T13:07:07.592106Z", "fetched_at": "2025-07-13T13:10:50.433685+00:00", "symbol": "DOGE-USD"}, {"trade_id": 138810128, "side": "buy", "size": "4415.00000000", "price": "0.20038000", "time": "2025-07-13T13:07:07.581842Z", "fetched_at": "2025-07-13T13:10:50.433685+00:00", "symbol": "DOGE-USD"}, {"trade_id": 138810127, "side": "buy", "size": "4102.30000000", "price": "0.20038000", "time": "2025-07-13T13:07:07.570876Z", "fetched_at": "2025-07-13T13:10:50.433685+00:00", "symbol": "DOGE-USD"}, {"trade_id": 138810126, "side": "buy", "size": "3169.60000000", "price": "0.20038000", "time": "2025-07-13T13:07:07.570876Z", "fetched_at": "2025-07-13T13:10:50.433685+00:00", "symbol": "DOGE-USD"}, {"trade_id": 138810125, "side": "buy", "size": "5.50000000", "price": "0.20038000", "time": "2025-07-13T13:07:07.570876Z", "fetched_at": "2025-07-13T13:10:50.433685+00:00", "symbol": "DOGE-USD"}, {"trade_id": 138810124, "side": "buy", "size": "42.80000000", "price": "0.20039000", "time": "2025-07-13T13:07:07.560437Z", "fetched_at": "2025-07-13T13:10:50.433685+00:00", "symbol": "DOGE-USD"}, {"trade_id": 138810123, "side": "buy", "size": "5.50000000", "price": "0.20040000", "time": "2025-07-13T13:07:06.663353Z", "fetched_at": "2025-07-13T13:10:50.433685+00:00", "symbol": "DOGE-USD"}, {"trade_id": 138810122, "side": "buy", "size": "920.40000000", "price": "0.20043000", "time": "2025-07-13T13:07:04.383178Z", "fetched_at": "2025-07-13T13:10:50.433685+00:00", "symbol": "DOGE-USD"}, {"trade_id": 138810121, "side": "sell", "size": "5999.40000000", "price": "0.20047000", "time": "2025-07-13T13:07:04.374702Z", "fetched_at": "2025-07-13T13:10:50.433685+00:00", "symbol": "DOGE-USD"}, {"trade_id": 138810120, "side": "sell", "size": "1238.20000000", "price": "0.20046000", "time": "2025-07-13T13:07:04.374702Z", "fetched_at": "2025-07-13T13:10:50.433685+00:00", "symbol": "DOGE-USD"}, {"trade_id": 138810119, "side": "sell", "size": "2997.10000000", "price": "0.20046000", "time": "2025-07-13T13:07:04.374702Z", "fetched_at": "2025-07-13T13:10:50.433685+00:00", "symbol": "DOGE-USD"}, {"trade_id": 138810118, "side": "sell", "size": "49.90000000", "price": "0.20045000", "time": "2025-07-13T13:07:04.374702Z", "fetched_at": "2025-07-13T13:10:50.433685+00:00", "symbol": "DOGE-USD"}, {"trade_id": 138810117, "side": "sell", "size": "1798.30000000", "price": "0.20045000", "time": "2025-07-13T13:07:04.374702Z", "fetched_at": "2025-07-13T13:10:50.433685+00:00", "symbol": "DOGE-USD"}, {"trade_id": 138810116, "side": "sell", "size": "1338.30000000", "price": "0.20044000", "time": "2025-07-13T13:07:04.374702Z", "fetched_at": "2025-07-13T13:10:50.433685+00:00", "symbol": "DOGE-USD"}, {"trade_id": 138810115, "side": "buy", "size": "5.50000000", "price": "0.20044000", "time": "2025-07-13T13:07:03.227522Z", "fetched_at": "2025-07-13T13:10:50.433685+00:00", "symbol": "DOGE-USD"}, {"trade_id": 138810114, "side": "sell", "size": "357.50000000", "price": "0.20047000", "time": "2025-07-13T13:07:02.996763Z", "fetched_at": "2025-07-13T13:10:50.433685+00:00", "symbol": "DOGE-USD"}, {"trade_id": 138810113, "side": "sell", "size": "49.90000000", "price": "0.20046000", "time": "2025-07-13T13:07:02.996763Z", "fetched_at": "2025-07-13T13:10:50.433685+00:00", "symbol": "DOGE-USD"}, {"trade_id": 138810112, "side": "sell", "size": "183.00000000", "price": "0.20045000", "time": "2025-07-13T13:07:02.996763Z", "fetched_at": "2025-07-13T13:10:50.433685+00:00", "symbol": "DOGE-USD"}, {"trade_id": 138810111, "side": "sell", "size": "1196.70000000", "price": "0.20045000", "time": "2025-07-13T13:07:02.996763Z", "fetched_at": "2025-07-13T13:10:50.433685+00:00", "symbol": "DOGE-USD"}, {"trade_id": 138810110, "side": "buy", "size": "434.00000000", "price": "0.20047000", "time": "2025-07-13T13:07:01.574683Z", "fetched_at": "2025-07-13T13:10:50.433685+00:00", "symbol": "DOGE-USD"}, {"trade_id": 138810109, "side": "buy", "size": "12340.40000000", "price": "0.20049000", "time": "2025-07-13T13:07:01.552905Z", "fetched_at": "2025-07-13T13:10:50.433685+00:00", "symbol": "DOGE-USD"}, {"trade_id": 138810108, "side": "buy", "size": "6233.20000000", "price": "0.20049000", "time": "2025-07-13T13:07:01.551689Z", "fetched_at": "2025-07-13T13:10:50.433685+00:00", "symbol": "DOGE-USD"}, {"trade_id": 138810107, "side": "buy", "size": "507.90000000", "price": "0.20054000", "time": "2025-07-13T13:07:00.786327Z", "fetched_at": "2025-07-13T13:10:50.433685+00:00", "symbol": "DOGE-USD"}, {"trade_id": 138810106, "side": "sell", "size": "118.30000000", "price": "0.20056000", "time": "2025-07-13T13:07:00.773790Z", "fetched_at": "2025-07-13T13:10:50.433685+00:00", "symbol": "DOGE-USD"}, {"trade_id": 138810105, "side": "buy", "size": "2886.80000000", "price": "0.20055000", "time": "2025-07-13T13:07:00.735554Z", "fetched_at": "2025-07-13T13:10:50.433685+00:00", "symbol": "DOGE-USD"}, {"trade_id": 138810104, "side": "buy", "size": "49.90000000", "price": "0.20056000", "time": "2025-07-13T13:07:00.707607Z", "fetched_at": "2025-07-13T13:10:50.433685+00:00", "symbol": "DOGE-USD"}, {"trade_id": 138810103, "side": "buy", "size": "254.90000000", "price": "0.20057000", "time": "2025-07-13T13:07:00.691544Z", "fetched_at": "2025-07-13T13:10:50.433685+00:00", "symbol": "DOGE-USD"}, {"trade_id": 138810102, "side": "buy", "size": "254.90000000", "price": "0.20058000", "time": "2025-07-13T13:07:00.675243Z", "fetched_at": "2025-07-13T13:10:50.433685+00:00", "symbol": "DOGE-USD"}, {"trade_id": 138810101, "side": "buy", "size": "254.90000000", "price": "0.20059000", "time": "2025-07-13T13:07:00.658799Z", "fetched_at": "2025-07-13T13:10:50.433685+00:00", "symbol": "DOGE-USD"}, {"trade_id": 138810100, "side": "sell", "size": "2319.40000000", "price": "0.20058000", "time": "2025-07-13T13:07:00.079086Z", "fetched_at": "2025-07-13T13:10:50.433685+00:00", "symbol": "DOGE-USD"}, {"trade_id": 138810099, "side": "sell", "size": "5.50000000", "price": "0.20058000", "time": "2025-07-13T13:07:00.079086Z", "fetched_at": "2025-07-13T13:10:50.433685+00:00", "symbol": "DOGE-USD"}, {"trade_id": 138810098, "side": "sell", "size": "5000.00000000", "price": "0.20057000", "time": "2025-07-13T13:07:00.079086Z", "fetched_at": "2025-07-13T13:10:50.433685+00:00", "symbol": "DOGE-USD"}, {"trade_id": 138810097, "side": "sell", "size": "2500.00000000", "price": "0.20057000", "time": "2025-07-13T13:07:00.079086Z", "fetched_at": "2025-07-13T13:10:50.433685+00:00", "symbol": "DOGE-USD"}, {"trade_id": 138810096, "side": "sell", "size": "49.90000000", "price": "0.20056000", "time": "2025-07-13T13:07:00.079086Z", "fetched_at": "2025-07-13T13:10:50.433685+00:00", "symbol": "DOGE-USD"}, {"trade_id": 138810095, "side": "sell", "size": "5.50000000", "price": "0.20056000", "time": "2025-07-13T13:07:00.079086Z", "fetched_at": "2025-07-13T13:10:50.433685+00:00", "symbol": "DOGE-USD"}, {"trade_id": 138810094, "side": "sell", "size": "2000.00000000", "price": "0.20054000", "time": "2025-07-13T13:06:59.760280Z", "fetched_at": "2025-07-13T13:10:50.433685+00:00", "symbol": "DOGE-USD"}, {"trade_id": 138810093, "side": "sell", "size": "5.50000000", "price": "0.20054000", "time": "2025-07-13T13:06:59.760280Z", "fetched_at": "2025-07-13T13:10:50.433685+00:00", "symbol": "DOGE-USD"}, {"trade_id": 138810092, "side": "sell", "size": "5.50000000", "price": "0.20052000", "time": "2025-07-13T13:06:59.256108Z", "fetched_at": "2025-07-13T13:10:50.433685+00:00", "symbol": "DOGE-USD"}, {"trade_id": 138810091, "side": "sell", "size": "5.50000000", "price": "0.20050000", "time": "2025-07-13T13:06:59.164180Z", "fetched_at": "2025-07-13T13:10:50.433685+00:00", "symbol": "DOGE-USD"}, {"trade_id": 138810090, "side": "sell", "size": "5.50000000", "price": "0.20048000", "time": "2025-07-13T13:06:58.791013Z", "fetched_at": "2025-07-13T13:10:50.433685+00:00", "symbol": "DOGE-USD"}, {"trade_id": 138810089, "side": "sell", "size": "278.90000000", "price": "0.20047000", "time": "2025-07-13T13:06:58.505458Z", "fetched_at": "2025-07-13T13:10:50.433685+00:00", "symbol": "DOGE-USD"}, {"trade_id": 138810088, "side": "sell", "size": "279.10000000", "price": "0.20047000", "time": "2025-07-13T13:06:58.505458Z", "fetched_at": "2025-07-13T13:10:50.433685+00:00", "symbol": "DOGE-USD"}, {"trade_id": 138810087, "side": "buy", "size": "183.00000000", "price": "0.20046000", "time": "2025-07-13T13:06:57.808313Z", "fetched_at": "2025-07-13T13:10:50.433685+00:00", "symbol": "DOGE-USD"}, {"trade_id": 138810086, "side": "sell", "size": "5.50000000", "price": "0.20046000", "time": "2025-07-13T13:06:57.801018Z", "fetched_at": "2025-07-13T13:10:50.433685+00:00", "symbol": "DOGE-USD"}, {"trade_id": 138810085, "side": "sell", "size": "49.90000000", "price": "0.20045000", "time": "2025-07-13T13:06:57.801018Z", "fetched_at": "2025-07-13T13:10:50.433685+00:00", "symbol": "DOGE-USD"}, {"trade_id": 138810084, "side": "sell", "size": "1916.60000000", "price": "0.20045000", "time": "2025-07-13T13:06:57.797584Z", "fetched_at": "2025-07-13T13:10:50.433685+00:00", "symbol": "DOGE-USD"}, {"trade_id": 138810083, "side": "buy", "size": "393.00000000", "price": "0.20044000", "time": "2025-07-13T13:06:57.796806Z", "fetched_at": "2025-07-13T13:10:50.433685+00:00", "symbol": "DOGE-USD"}, {"trade_id": 138810082, "side": "buy", "size": "183.00000000", "price": "0.20044000", "time": "2025-07-13T13:06:57.796806Z", "fetched_at": "2025-07-13T13:10:50.433685+00:00", "symbol": "DOGE-USD"}, {"trade_id": 138810081, "side": "sell", "size": "10000.00000000", "price": "0.20044000", "time": "2025-07-13T13:06:57.789595Z", "fetched_at": "2025-07-13T13:10:50.433685+00:00", "symbol": "DOGE-USD"}, {"trade_id": 138810080, "side": "sell", "size": "5000.00000000", "price": "0.20044000", "time": "2025-07-13T13:06:57.789595Z", "fetched_at": "2025-07-13T13:10:50.433685+00:00", "symbol": "DOGE-USD"}, {"trade_id": 138810079, "side": "sell", "size": "2450.10000000", "price": "0.20044000", "time": "2025-07-13T13:06:57.789595Z", "fetched_at": "2025-07-13T13:10:50.433685+00:00", "symbol": "DOGE-USD"}, {"trade_id": 138810078, "side": "sell", "size": "49.90000000", "price": "0.20044000", "time": "2025-07-13T13:06:57.650794Z", "fetched_at": "2025-07-13T13:10:50.433685+00:00", "symbol": "DOGE-USD"}, {"trade_id": 138810077, "side": "sell", "size": "10000.00000000", "price": "0.20044000", "time": "2025-07-13T13:06:57.650794Z", "fetched_at": "2025-07-13T13:10:50.433685+00:00", "symbol": "DOGE-USD"}, {"trade_id": 138810076, "side": "sell", "size": "5000.00000000", "price": "0.20044000", "time": "2025-07-13T13:06:57.650794Z", "fetched_at": "2025-07-13T13:10:50.433685+00:00", "symbol": "DOGE-USD"}, {"trade_id": 138810075, "side": "sell", "size": "2000.00000000", "price": "0.20044000", "time": "2025-07-13T13:06:57.650794Z", "fetched_at": "2025-07-13T13:10:50.433685+00:00", "symbol": "DOGE-USD"}, {"trade_id": 138810074, "side": "sell", "size": "5.50000000", "price": "0.20044000", "time": "2025-07-13T13:06:57.650794Z", "fetched_at": "2025-07-13T13:10:50.433685+00:00", "symbol": "DOGE-USD"}, {"trade_id": 138810073, "side": "sell", "size": "5.50000000", "price": "0.20042000", "time": "2025-07-13T13:06:57.382609Z", "fetched_at": "2025-07-13T13:10:50.433685+00:00", "symbol": "DOGE-USD"}, {"trade_id": 138810072, "side": "sell", "size": "1864.10000000", "price": "0.20041000", "time": "2025-07-13T13:06:48.506357Z", "fetched_at": "2025-07-13T13:10:50.433685+00:00", "symbol": "DOGE-USD"}, {"trade_id": 138810071, "side": "sell", "size": "19.60000000", "price": "0.20040000", "time": "2025-07-13T13:06:48.506357Z", "fetched_at": "2025-07-13T13:10:50.433685+00:00", "symbol": "DOGE-USD"}, {"trade_id": 138810070, "side": "sell", "size": "54.40000000", "price": "0.20040000", "time": "2025-07-13T13:06:48.506357Z", "fetched_at": "2025-07-13T13:10:50.433685+00:00", "symbol": "DOGE-USD"}, {"trade_id": 138810069, "side": "sell", "size": "5.50000000", "price": "0.20040000", "time": "2025-07-13T13:06:48.506357Z", "fetched_at": "2025-07-13T13:10:50.433685+00:00", "symbol": "DOGE-USD"}, {"trade_id": 138810068, "side": "sell", "size": "18606.80000000", "price": "0.20037000", "time": "2025-07-13T13:06:38.096308Z", "fetched_at": "2025-07-13T13:10:50.433685+00:00", "symbol": "DOGE-USD"}, {"trade_id": 138810067, "side": "sell", "size": "5.50000000", "price": "0.20036000", "time": "2025-07-13T13:06:38.096308Z", "fetched_at": "2025-07-13T13:10:50.433685+00:00", "symbol": "DOGE-USD"}, {"trade_id": 138810066, "side": "sell", "size": "5.50000000", "price": "0.20034000", "time": "2025-07-13T13:06:38.059369Z", "fetched_at": "2025-07-13T13:10:50.433685+00:00", "symbol": "DOGE-USD"}, {"trade_id": 138810065, "side": "sell", "size": "341.00000000", "price": "0.20034000", "time": "2025-07-13T13:06:38.059369Z", "fetched_at": "2025-07-13T13:10:50.433685+00:00", "symbol": "DOGE-USD"}, {"trade_id": 138810064, "side": "buy", "size": "5.50000000", "price": "0.20028000", "time": "2025-07-13T13:06:33.756152Z", "fetched_at": "2025-07-13T13:10:50.433685+00:00", "symbol": "DOGE-USD"}, {"trade_id": 138810063, "side": "buy", "size": "50.00000000", "price": "0.20029000", "time": "2025-07-13T13:06:33.756152Z", "fetched_at": "2025-07-13T13:10:50.433685+00:00", "symbol": "DOGE-USD"}, {"trade_id": 138810062, "side": "buy", "size": "1692.60000000", "price": "0.20031000", "time": "2025-07-13T13:06:33.747862Z", "fetched_at": "2025-07-13T13:10:50.433685+00:00", "symbol": "DOGE-USD"}, {"trade_id": 138810061, "side": "buy", "size": "3328.70000000", "price": "0.20031000", "time": "2025-07-13T13:06:33.747573Z", "fetched_at": "2025-07-13T13:10:50.433685+00:00", "symbol": "DOGE-USD"}, {"trade_id": 138810060, "side": "buy", "size": "5.50000000", "price": "0.20032000", "time": "2025-07-13T13:06:33.556040Z", "fetched_at": "2025-07-13T13:10:50.433685+00:00", "symbol": "DOGE-USD"}, {"trade_id": 138810059, "side": "buy", "size": "5.50000000", "price": "0.20034000", "time": "2025-07-13T13:06:32.111740Z", "fetched_at": "2025-07-13T13:10:50.433685+00:00", "symbol": "DOGE-USD"}, {"trade_id": 138810058, "side": "buy", "size": "5.50000000", "price": "0.20036000", "time": "2025-07-13T13:06:32.068017Z", "fetched_at": "2025-07-13T13:10:50.433685+00:00", "symbol": "DOGE-USD"}, {"trade_id": 138810057, "side": "buy", "size": "18621.20000000", "price": "0.20036000", "time": "2025-07-13T13:06:32.068017Z", "fetched_at": "2025-07-13T13:10:50.433685+00:00", "symbol": "DOGE-USD"}, {"trade_id": 138810056, "side": "buy", "size": "254.90000000", "price": "0.20037000", "time": "2025-07-13T13:06:32.068017Z", "fetched_at": "2025-07-13T13:10:50.433685+00:00", "symbol": "DOGE-USD"}, {"trade_id": 138810055, "side": "buy", "size": "50.00000000", "price": "0.20038000", "time": "2025-07-13T13:06:31.861369Z", "fetched_at": "2025-07-13T13:10:50.433685+00:00", "symbol": "DOGE-USD"}, {"trade_id": 138810054, "side": "buy", "size": "183.00000000", "price": "0.20039000", "time": "2025-07-13T13:06:28.584261Z", "fetched_at": "2025-07-13T13:10:50.433685+00:00", "symbol": "DOGE-USD"}, {"trade_id": 138810053, "side": "buy", "size": "254.90000000", "price": "0.20040000", "time": "2025-07-13T13:06:28.584261Z", "fetched_at": "2025-07-13T13:10:50.433685+00:00", "symbol": "DOGE-USD"}, {"trade_id": 138810052, "side": "buy", "size": "254.90000000", "price": "0.20042000", "time": "2025-07-13T13:06:28.433578Z", "fetched_at": "2025-07-13T13:10:50.433685+00:00", "symbol": "DOGE-USD"}, {"trade_id": 138810051, "side": "buy", "size": "50.00000000", "price": "0.20038000", "time": "2025-07-13T13:06:28.006044Z", "fetched_at": "2025-07-13T13:10:50.433685+00:00", "symbol": "DOGE-USD"}, {"trade_id": 138810050, "side": "buy", "size": "877.40000000", "price": "0.20031000", "time": "2025-07-13T13:06:23.537960Z", "fetched_at": "2025-07-13T13:10:50.433685+00:00", "symbol": "DOGE-USD"}, {"trade_id": 138810049, "side": "buy", "size": "3103.60000000", "price": "0.20032000", "time": "2025-07-13T13:06:23.537960Z", "fetched_at": "2025-07-13T13:10:50.433685+00:00", "symbol": "DOGE-USD"}, {"trade_id": 138810048, "side": "buy", "size": "3386.10000000", "price": "0.20033000", "time": "2025-07-13T13:06:23.537960Z", "fetched_at": "2025-07-13T13:10:50.433685+00:00", "symbol": "DOGE-USD"}, {"trade_id": 138810047, "side": "buy", "size": "3390.50000000", "price": "0.20033000", "time": "2025-07-13T13:06:23.537960Z", "fetched_at": "2025-07-13T13:10:50.433685+00:00", "symbol": "DOGE-USD"}, {"trade_id": 138810046, "side": "buy", "size": "3400.50000000", "price": "0.20033000", "time": "2025-07-13T13:06:23.537960Z", "fetched_at": "2025-07-13T13:10:50.433685+00:00", "symbol": "DOGE-USD"}, {"trade_id": 138810045, "side": "buy", "size": "769.50000000", "price": "0.20033000", "time": "2025-07-13T13:06:23.537960Z", "fetched_at": "2025-07-13T13:10:50.433685+00:00", "symbol": "DOGE-USD"}, {"trade_id": 138810044, "side": "buy", "size": "1816.40000000", "price": "0.20034000", "time": "2025-07-13T13:06:23.537960Z", "fetched_at": "2025-07-13T13:10:50.433685+00:00", "symbol": "DOGE-USD"}, {"trade_id": 138810043, "side": "buy", "size": "1721.60000000", "price": "0.20034000", "time": "2025-07-13T13:06:23.537960Z", "fetched_at": "2025-07-13T13:10:50.433685+00:00", "symbol": "DOGE-USD"}, {"trade_id": 138810042, "side": "buy", "size": "1352.50000000", "price": "0.20034000", "time": "2025-07-13T13:06:23.537960Z", "fetched_at": "2025-07-13T13:10:50.433685+00:00", "symbol": "DOGE-USD"}, {"trade_id": 138810041, "side": "buy", "size": "2502.00000000", "price": "0.20034000", "time": "2025-07-13T13:06:23.537960Z", "fetched_at": "2025-07-13T13:10:50.433685+00:00", "symbol": "DOGE-USD"}, {"trade_id": 138810040, "side": "buy", "size": "1362.50000000", "price": "0.20035000", "time": "2025-07-13T13:06:23.537960Z", "fetched_at": "2025-07-13T13:10:50.433685+00:00", "symbol": "DOGE-USD"}, {"trade_id": 138810039, "side": "buy", "size": "50.00000000", "price": "0.20036000", "time": "2025-07-13T13:06:23.537960Z", "fetched_at": "2025-07-13T13:10:50.433685+00:00", "symbol": "DOGE-USD"}, {"trade_id": 138810038, "side": "buy", "size": "1217.20000000", "price": "0.20037000", "time": "2025-07-13T13:06:23.537960Z", "fetched_at": "2025-07-13T13:10:50.433685+00:00", "symbol": "DOGE-USD"}, {"trade_id": 138810037, "side": "sell", "size": "64.70000000", "price": "0.20044000", "time": "2025-07-13T13:06:23.105008Z", "fetched_at": "2025-07-13T13:10:50.433685+00:00", "symbol": "DOGE-USD"}, {"trade_id": 138810036, "side": "sell", "size": "5.50000000", "price": "0.20044000", "time": "2025-07-13T13:06:23.105008Z", "fetched_at": "2025-07-13T13:10:50.433685+00:00", "symbol": "DOGE-USD"}, {"trade_id": 138810035, "side": "sell", "size": "5.50000000", "price": "0.20042000", "time": "2025-07-13T13:06:23.105008Z", "fetched_at": "2025-07-13T13:10:50.433685+00:00", "symbol": "DOGE-USD"}, {"trade_id": 138810034, "side": "sell", "size": "50.00000000", "price": "0.20040000", "time": "2025-07-13T13:06:23.105008Z", "fetched_at": "2025-07-13T13:10:50.433685+00:00", "symbol": "DOGE-USD"}, {"trade_id": 138810033, "side": "sell", "size": "5.50000000", "price": "0.20040000", "time": "2025-07-13T13:06:23.105008Z", "fetched_at": "2025-07-13T13:10:50.433685+00:00", "symbol": "DOGE-USD"}, {"trade_id": 138810032, "side": "sell", "size": "5.50000000", "price": "0.20038000", "time": "2025-07-13T13:06:23.105008Z", "fetched_at": "2025-07-13T13:10:50.433685+00:00", "symbol": "DOGE-USD"}, {"trade_id": 138810031, "side": "sell", "size": "5.50000000", "price": "0.20036000", "time": "2025-07-13T13:06:23.044829Z", "fetched_at": "2025-07-13T13:10:50.433685+00:00", "symbol": "DOGE-USD"}, {"trade_id": 138810030, "side": "sell", "size": "5.50000000", "price": "0.20034000", "time": "2025-07-13T13:06:23.044809Z", "fetched_at": "2025-07-13T13:10:50.433685+00:00", "symbol": "DOGE-USD"}, {"trade_id": 138810029, "side": "sell", "size": "301.60000000", "price": "0.20034000", "time": "2025-07-13T13:06:23.044809Z", "fetched_at": "2025-07-13T13:10:50.433685+00:00", "symbol": "DOGE-USD"}, {"trade_id": 138810028, "side": "buy", "size": "30.60000000", "price": "0.20028000", "time": "2025-07-13T13:06:22.196079Z", "fetched_at": "2025-07-13T13:10:50.433685+00:00", "symbol": "DOGE-USD"}, {"trade_id": 138810027, "side": "buy", "size": "10.10000000", "price": "0.20028000", "time": "2025-07-13T13:06:21.906794Z", "fetched_at": "2025-07-13T13:10:50.433685+00:00", "symbol": "DOGE-USD"}, {"trade_id": 138810026, "side": "buy", "size": "30.30000000", "price": "0.20032000", "time": "2025-07-13T13:06:18.584595Z", "fetched_at": "2025-07-13T13:10:50.433685+00:00", "symbol": "DOGE-USD"}, {"trade_id": 138810025, "side": "buy", "size": "10.00000000", "price": "0.20032000", "time": "2025-07-13T13:06:18.243771Z", "fetched_at": "2025-07-13T13:10:50.433685+00:00", "symbol": "DOGE-USD"}, {"trade_id": 138810024, "side": "buy", "size": "10.10000000", "price": "0.20031000", "time": "2025-07-13T13:06:17.839293Z", "fetched_at": "2025-07-13T13:10:50.433685+00:00", "symbol": "DOGE-USD"}, {"trade_id": 138810023, "side": "buy", "size": "2331.20000000", "price": "0.20031000", "time": "2025-07-13T13:06:17.638454Z", "fetched_at": "2025-07-13T13:10:50.433685+00:00", "symbol": "DOGE-USD"}, {"trade_id": 138810022, "side": "buy", "size": "50.00000000", "price": "0.20032000", "time": "2025-07-13T13:06:17.638454Z", "fetched_at": "2025-07-13T13:10:50.433685+00:00", "symbol": "DOGE-USD"}, {"trade_id": 138810021, "side": "buy", "size": "15.10000000", "price": "0.20032000", "time": "2025-07-13T13:06:17.371231Z", "fetched_at": "2025-07-13T13:10:50.433685+00:00", "symbol": "DOGE-USD"}, {"trade_id": 138810020, "side": "sell", "size": "49.30000000", "price": "0.20033000", "time": "2025-07-13T13:06:14.146267Z", "fetched_at": "2025-07-13T13:10:50.433685+00:00", "symbol": "DOGE-USD"}, {"trade_id": 138810019, "side": "buy", "size": "15.40000000", "price": "0.20033000", "time": "2025-07-13T13:06:13.950571Z", "fetched_at": "2025-07-13T13:10:50.433685+00:00", "symbol": "DOGE-USD"}, {"trade_id": 138810018, "side": "buy", "size": "10.10000000", "price": "0.20031000", "time": "2025-07-13T13:06:11.949209Z", "fetched_at": "2025-07-13T13:10:50.433685+00:00", "symbol": "DOGE-USD"}, {"trade_id": 138810017, "side": "buy", "size": "328.40000000", "price": "0.20032000", "time": "2025-07-13T13:06:11.105776Z", "fetched_at": "2025-07-13T13:10:50.433685+00:00", "symbol": "DOGE-USD"}, {"trade_id": 138810016, "side": "buy", "size": "50.00000000", "price": "0.20033000", "time": "2025-07-13T13:06:11.105776Z", "fetched_at": "2025-07-13T13:10:50.433685+00:00", "symbol": "DOGE-USD"}, {"trade_id": 138810015, "side": "buy", "size": "15.30000000", "price": "0.20033000", "time": "2025-07-13T13:06:10.544841Z", "fetched_at": "2025-07-13T13:10:50.433685+00:00", "symbol": "DOGE-USD"}, {"trade_id": 138810014, "side": "buy", "size": "25.60000000", "price": "0.20033000", "time": "2025-07-13T13:06:10.278576Z", "fetched_at": "2025-07-13T13:10:50.433685+00:00", "symbol": "DOGE-USD"}, {"trade_id": 138810013, "side": "sell", "size": "672.30000000", "price": "0.20038000", "time": "2025-07-13T13:06:09.502802Z", "fetched_at": "2025-07-13T13:10:50.433685+00:00", "symbol": "DOGE-USD"}, {"trade_id": 138810012, "side": "sell", "size": "1841.90000000", "price": "0.20038000", "time": "2025-07-13T13:06:09.502802Z", "fetched_at": "2025-07-13T13:10:50.433685+00:00", "symbol": "DOGE-USD"}, {"trade_id": 138810011, "side": "sell", "size": "5.50000000", "price": "0.20038000", "time": "2025-07-13T13:06:09.502802Z", "fetched_at": "2025-07-13T13:10:50.433685+00:00", "symbol": "DOGE-USD"}, {"trade_id": 138810010, "side": "sell", "size": "2000.00000000", "price": "0.20037000", "time": "2025-07-13T13:06:09.502802Z", "fetched_at": "2025-07-13T13:10:50.433685+00:00", "symbol": "DOGE-USD"}, {"trade_id": 138810009, "side": "sell", "size": "1147.40000000", "price": "0.20036000", "time": "2025-07-13T13:06:09.502802Z", "fetched_at": "2025-07-13T13:10:50.433685+00:00", "symbol": "DOGE-USD"}, {"trade_id": 138810008, "side": "sell", "size": "1193.60000000", "price": "0.20036000", "time": "2025-07-13T13:06:09.502802Z", "fetched_at": "2025-07-13T13:10:50.433685+00:00", "symbol": "DOGE-USD"}, {"trade_id": 138810007, "side": "sell", "size": "5.50000000", "price": "0.20036000", "time": "2025-07-13T13:06:09.502802Z", "fetched_at": "2025-07-13T13:10:50.433685+00:00", "symbol": "DOGE-USD"}, {"trade_id": 138810006, "side": "sell", "size": "50.00000000", "price": "0.20035000", "time": "2025-07-13T13:06:09.502802Z", "fetched_at": "2025-07-13T13:10:50.433685+00:00", "symbol": "DOGE-USD"}, {"trade_id": 138810005, "side": "sell", "size": "5.50000000", "price": "0.20034000", "time": "2025-07-13T13:06:09.502802Z", "fetched_at": "2025-07-13T13:10:50.433685+00:00", "symbol": "DOGE-USD"}, {"trade_id": 138810004, "side": "sell", "size": "5.50000000", "price": "0.20032000", "time": "2025-07-13T13:06:09.291089Z", "fetched_at": "2025-07-13T13:10:50.433685+00:00", "symbol": "DOGE-USD"}, {"trade_id": 138810003, "side": "buy", "size": "30.20000000", "price": "0.20031000", "time": "2025-07-13T13:06:09.025354Z", "fetched_at": "2025-07-13T13:10:50.433685+00:00", "symbol": "DOGE-USD"}, {"trade_id": 138810002, "side": "sell", "size": "298.20000000", "price": "0.20030000", "time": "2025-07-13T13:06:06.006756Z", "fetched_at": "2025-07-13T13:10:50.433685+00:00", "symbol": "DOGE-USD"}