[{"trade_id": 138805180, "side": "sell", "size": "5.60000000", "price": "0.19878000", "time": "2025-07-13T12:10:48.757221Z", "fetched_at": "2025-07-13T12:10:52.640737+00:00", "symbol": "DOGE-USD"}, {"trade_id": 138805179, "side": "buy", "size": "37.00000000", "price": "0.19877000", "time": "2025-07-13T12:10:27.664134Z", "fetched_at": "2025-07-13T12:10:52.640737+00:00", "symbol": "DOGE-USD"}, {"trade_id": 138805178, "side": "buy", "size": "0.10000000", "price": "0.19870000", "time": "2025-07-13T12:10:12.887100Z", "fetched_at": "2025-07-13T12:10:52.640737+00:00", "symbol": "DOGE-USD"}, {"trade_id": 138805177, "side": "buy", "size": "5.60000000", "price": "0.19872000", "time": "2025-07-13T12:10:11.587654Z", "fetched_at": "2025-07-13T12:10:52.640737+00:00", "symbol": "DOGE-USD"}, {"trade_id": 138805176, "side": "buy", "size": "5.60000000", "price": "0.19874000", "time": "2025-07-13T12:10:11.536358Z", "fetched_at": "2025-07-13T12:10:52.640737+00:00", "symbol": "DOGE-USD"}, {"trade_id": 138805175, "side": "buy", "size": "11869.60000000", "price": "0.19875000", "time": "2025-07-13T12:10:00.185847Z", "fetched_at": "2025-07-13T12:10:52.640737+00:00", "symbol": "DOGE-USD"}, {"trade_id": 138805174, "side": "buy", "size": "1720.40000000", "price": "0.19875000", "time": "2025-07-13T12:10:00.185506Z", "fetched_at": "2025-07-13T12:10:52.640737+00:00", "symbol": "DOGE-USD"}, {"trade_id": 138805173, "side": "buy", "size": "4275.30000000", "price": "0.19875000", "time": "2025-07-13T12:10:00.185126Z", "fetched_at": "2025-07-13T12:10:52.640737+00:00", "symbol": "DOGE-USD"}, {"trade_id": 138805172, "side": "buy", "size": "620.30000000", "price": "0.19879000", "time": "2025-07-13T12:09:54.767685Z", "fetched_at": "2025-07-13T12:10:52.640737+00:00", "symbol": "DOGE-USD"}, {"trade_id": 138805171, "side": "buy", "size": "3898.80000000", "price": "0.19875000", "time": "2025-07-13T12:09:43.758530Z", "fetched_at": "2025-07-13T12:10:52.640737+00:00", "symbol": "DOGE-USD"}, {"trade_id": 138805170, "side": "buy", "size": "1240.70000000", "price": "0.19875000", "time": "2025-07-13T12:09:43.758530Z", "fetched_at": "2025-07-13T12:10:52.640737+00:00", "symbol": "DOGE-USD"}, {"trade_id": 138805169, "side": "buy", "size": "2659.90000000", "price": "0.19876000", "time": "2025-07-13T12:09:36.866226Z", "fetched_at": "2025-07-13T12:10:52.640737+00:00", "symbol": "DOGE-USD"}, {"trade_id": 138805168, "side": "buy", "size": "5847.90000000", "price": "0.19876000", "time": "2025-07-13T12:09:36.866226Z", "fetched_at": "2025-07-13T12:10:52.640737+00:00", "symbol": "DOGE-USD"}, {"trade_id": 138805167, "side": "buy", "size": "55.30000000", "price": "0.19877000", "time": "2025-07-13T12:09:36.866226Z", "fetched_at": "2025-07-13T12:10:52.640737+00:00", "symbol": "DOGE-USD"}, {"trade_id": 138805166, "side": "buy", "size": "1436.90000000", "price": "0.19878000", "time": "2025-07-13T12:09:36.866226Z", "fetched_at": "2025-07-13T12:10:52.640737+00:00", "symbol": "DOGE-USD"}, {"trade_id": 138805165, "side": "sell", "size": "2.90000000", "price": "0.19879000", "time": "2025-07-13T12:09:15.954023Z", "fetched_at": "2025-07-13T12:10:52.640737+00:00", "symbol": "DOGE-USD"}, {"trade_id": 138805164, "side": "sell", "size": "36.20000000", "price": "0.19878000", "time": "2025-07-13T12:09:15.954023Z", "fetched_at": "2025-07-13T12:10:52.640737+00:00", "symbol": "DOGE-USD"}, {"trade_id": 138805163, "side": "sell", "size": "1000.00000000", "price": "0.19878000", "time": "2025-07-13T12:09:14.592350Z", "fetched_at": "2025-07-13T12:10:52.640737+00:00", "symbol": "DOGE-USD"}, {"trade_id": 138805162, "side": "buy", "size": "209.00000000", "price": "0.19879000", "time": "2025-07-13T12:09:05.517855Z", "fetched_at": "2025-07-13T12:10:52.640737+00:00", "symbol": "DOGE-USD"}, {"trade_id": 138805161, "side": "sell", "size": "77.40000000", "price": "0.19876000", "time": "2025-07-13T12:09:03.342812Z", "fetched_at": "2025-07-13T12:10:52.640737+00:00", "symbol": "DOGE-USD"}, {"trade_id": 138805160, "side": "sell", "size": "1313.40000000", "price": "0.19876000", "time": "2025-07-13T12:09:03.342812Z", "fetched_at": "2025-07-13T12:10:52.640737+00:00", "symbol": "DOGE-USD"}, {"trade_id": 138805159, "side": "sell", "size": "221.30000000", "price": "0.19875000", "time": "2025-07-13T12:09:03.342812Z", "fetched_at": "2025-07-13T12:10:52.640737+00:00", "symbol": "DOGE-USD"}, {"trade_id": 138805158, "side": "buy", "size": "239.90000000", "price": "0.19876000", "time": "2025-07-13T12:09:02.007143Z", "fetched_at": "2025-07-13T12:10:52.640737+00:00", "symbol": "DOGE-USD"}, {"trade_id": 138805157, "side": "sell", "size": "385.20000000", "price": "0.19879000", "time": "2025-07-13T12:09:01.640156Z", "fetched_at": "2025-07-13T12:10:52.640737+00:00", "symbol": "DOGE-USD"}, {"trade_id": 138805156, "side": "sell", "size": "265.20000000", "price": "0.19879000", "time": "2025-07-13T12:09:01.640156Z", "fetched_at": "2025-07-13T12:10:52.640737+00:00", "symbol": "DOGE-USD"}, {"trade_id": 138805155, "side": "sell", "size": "262.00000000", "price": "0.19879000", "time": "2025-07-13T12:09:01.640156Z", "fetched_at": "2025-07-13T12:10:52.640737+00:00", "symbol": "DOGE-USD"}, {"trade_id": 138805154, "side": "sell", "size": "42.70000000", "price": "0.19879000", "time": "2025-07-13T12:09:01.640156Z", "fetched_at": "2025-07-13T12:10:52.640737+00:00", "symbol": "DOGE-USD"}, {"trade_id": 138805153, "side": "sell", "size": "55.40000000", "price": "0.19880000", "time": "2025-07-13T12:09:01.049841Z", "fetched_at": "2025-07-13T12:10:52.640737+00:00", "symbol": "DOGE-USD"}, {"trade_id": 138805152, "side": "sell", "size": "5.60000000", "price": "0.19880000", "time": "2025-07-13T12:09:01.049841Z", "fetched_at": "2025-07-13T12:10:52.640737+00:00", "symbol": "DOGE-USD"}, {"trade_id": 138805151, "side": "buy", "size": "353.60000000", "price": "0.19877000", "time": "2025-07-13T12:09:00.468351Z", "fetched_at": "2025-07-13T12:10:52.640737+00:00", "symbol": "DOGE-USD"}, {"trade_id": 138805150, "side": "buy", "size": "769.50000000", "price": "0.19879000", "time": "2025-07-13T12:09:00.466380Z", "fetched_at": "2025-07-13T12:10:52.640737+00:00", "symbol": "DOGE-USD"}, {"trade_id": 138805149, "side": "buy", "size": "254.90000000", "price": "0.19879000", "time": "2025-07-13T12:09:00.466380Z", "fetched_at": "2025-07-13T12:10:52.640737+00:00", "symbol": "DOGE-USD"}, {"trade_id": 138805148, "side": "sell", "size": "1731.80000000", "price": "0.19878000", "time": "2025-07-13T12:09:00.403616Z", "fetched_at": "2025-07-13T12:10:52.640737+00:00", "symbol": "DOGE-USD"}, {"trade_id": 138805147, "side": "sell", "size": "5.60000000", "price": "0.19878000", "time": "2025-07-13T12:09:00.403616Z", "fetched_at": "2025-07-13T12:10:52.640737+00:00", "symbol": "DOGE-USD"}, {"trade_id": 138805146, "side": "sell", "size": "55.40000000", "price": "0.19877000", "time": "2025-07-13T12:09:00.403616Z", "fetched_at": "2025-07-13T12:10:52.640737+00:00", "symbol": "DOGE-USD"}, {"trade_id": 138805145, "side": "sell", "size": "5.60000000", "price": "0.19876000", "time": "2025-07-13T12:09:00.403616Z", "fetched_at": "2025-07-13T12:10:52.640737+00:00", "symbol": "DOGE-USD"}, {"trade_id": 138805144, "side": "sell", "size": "5.60000000", "price": "0.19874000", "time": "2025-07-13T12:09:00.403616Z", "fetched_at": "2025-07-13T12:10:52.640737+00:00", "symbol": "DOGE-USD"}, {"trade_id": 138805143, "side": "sell", "size": "5.60000000", "price": "0.19872000", "time": "2025-07-13T12:09:00.227636Z", "fetched_at": "2025-07-13T12:10:52.640737+00:00", "symbol": "DOGE-USD"}, {"trade_id": 138805142, "side": "sell", "size": "5.60000000", "price": "0.19870000", "time": "2025-07-13T12:09:00.118530Z", "fetched_at": "2025-07-13T12:10:52.640737+00:00", "symbol": "DOGE-USD"}, {"trade_id": 138805141, "side": "sell", "size": "5.60000000", "price": "0.19868000", "time": "2025-07-13T12:08:53.211854Z", "fetched_at": "2025-07-13T12:10:52.640737+00:00", "symbol": "DOGE-USD"}, {"trade_id": 138805140, "side": "buy", "size": "5.60000000", "price": "0.19864000", "time": "2025-07-13T12:08:47.075947Z", "fetched_at": "2025-07-13T12:10:52.640737+00:00", "symbol": "DOGE-USD"}, {"trade_id": 138805139, "side": "buy", "size": "5.60000000", "price": "0.19866000", "time": "2025-07-13T12:08:43.038722Z", "fetched_at": "2025-07-13T12:10:52.640737+00:00", "symbol": "DOGE-USD"}, {"trade_id": 138805138, "side": "buy", "size": "177.90000000", "price": "0.19871000", "time": "2025-07-13T12:08:39.115438Z", "fetched_at": "2025-07-13T12:10:52.640737+00:00", "symbol": "DOGE-USD"}, {"trade_id": 138805137, "side": "sell", "size": "991.40000000", "price": "0.19871000", "time": "2025-07-13T12:08:33.142073Z", "fetched_at": "2025-07-13T12:10:52.640737+00:00", "symbol": "DOGE-USD"}, {"trade_id": 138805136, "side": "sell", "size": "1415.50000000", "price": "0.19870000", "time": "2025-07-13T12:08:33.142073Z", "fetched_at": "2025-07-13T12:10:52.640737+00:00", "symbol": "DOGE-USD"}, {"trade_id": 138805135, "side": "sell", "size": "55.40000000", "price": "0.19870000", "time": "2025-07-13T12:08:33.142073Z", "fetched_at": "2025-07-13T12:10:52.640737+00:00", "symbol": "DOGE-USD"}, {"trade_id": 138805134, "side": "sell", "size": "1337.10000000", "price": "0.19869000", "time": "2025-07-13T12:08:33.142073Z", "fetched_at": "2025-07-13T12:10:52.640737+00:00", "symbol": "DOGE-USD"}, {"trade_id": 138805133, "side": "sell", "size": "5.60000000", "price": "0.19870000", "time": "2025-07-13T12:08:18.204110Z", "fetched_at": "2025-07-13T12:10:52.640737+00:00", "symbol": "DOGE-USD"}, {"trade_id": 138805132, "side": "buy", "size": "5.60000000", "price": "0.19866000", "time": "2025-07-13T12:08:10.576746Z", "fetched_at": "2025-07-13T12:10:52.640737+00:00", "symbol": "DOGE-USD"}, {"trade_id": 138805131, "side": "buy", "size": "5.60000000", "price": "0.19868000", "time": "2025-07-13T12:08:10.418680Z", "fetched_at": "2025-07-13T12:10:52.640737+00:00", "symbol": "DOGE-USD"}, {"trade_id": 138805130, "side": "buy", "size": "5.60000000", "price": "0.19870000", "time": "2025-07-13T12:08:09.420288Z", "fetched_at": "2025-07-13T12:10:52.640737+00:00", "symbol": "DOGE-USD"}, {"trade_id": 138805129, "side": "buy", "size": "5.60000000", "price": "0.19870000", "time": "2025-07-13T12:08:03.348799Z", "fetched_at": "2025-07-13T12:10:52.640737+00:00", "symbol": "DOGE-USD"}, {"trade_id": 138805128, "side": "buy", "size": "5.60000000", "price": "0.19872000", "time": "2025-07-13T12:08:02.274725Z", "fetched_at": "2025-07-13T12:10:52.640737+00:00", "symbol": "DOGE-USD"}, {"trade_id": 138805127, "side": "buy", "size": "6387.10000000", "price": "0.19873000", "time": "2025-07-13T12:08:02.271347Z", "fetched_at": "2025-07-13T12:10:52.640737+00:00", "symbol": "DOGE-USD"}, {"trade_id": 138805126, "side": "buy", "size": "2836.40000000", "price": "0.19873000", "time": "2025-07-13T12:08:02.271191Z", "fetched_at": "2025-07-13T12:10:52.640737+00:00", "symbol": "DOGE-USD"}, {"trade_id": 138805125, "side": "buy", "size": "8652.80000000", "price": "0.19873000", "time": "2025-07-13T12:08:02.270853Z", "fetched_at": "2025-07-13T12:10:52.640737+00:00", "symbol": "DOGE-USD"}, {"trade_id": 138805124, "side": "buy", "size": "5.60000000", "price": "0.19874000", "time": "2025-07-13T12:08:02.270853Z", "fetched_at": "2025-07-13T12:10:52.640737+00:00", "symbol": "DOGE-USD"}, {"trade_id": 138805123, "side": "sell", "size": "5.60000000", "price": "0.19878000", "time": "2025-07-13T12:07:53.507738Z", "fetched_at": "2025-07-13T12:10:52.640737+00:00", "symbol": "DOGE-USD"}, {"trade_id": 138805122, "side": "buy", "size": "9.30000000", "price": "0.19876000", "time": "2025-07-13T12:07:50.925711Z", "fetched_at": "2025-07-13T12:10:52.640737+00:00", "symbol": "DOGE-USD"}, {"trade_id": 138805121, "side": "sell", "size": "477.00000000", "price": "0.19876000", "time": "2025-07-13T12:07:45.566022Z", "fetched_at": "2025-07-13T12:10:52.640737+00:00", "symbol": "DOGE-USD"}, {"trade_id": 138805120, "side": "sell", "size": "5.60000000", "price": "0.19876000", "time": "2025-07-13T12:07:45.566022Z", "fetched_at": "2025-07-13T12:10:52.640737+00:00", "symbol": "DOGE-USD"}, {"trade_id": 138805119, "side": "sell", "size": "5.60000000", "price": "0.19874000", "time": "2025-07-13T12:07:45.466058Z", "fetched_at": "2025-07-13T12:10:52.640737+00:00", "symbol": "DOGE-USD"}, {"trade_id": 138805118, "side": "sell", "size": "5.60000000", "price": "0.19872000", "time": "2025-07-13T12:07:45.281499Z", "fetched_at": "2025-07-13T12:10:52.640737+00:00", "symbol": "DOGE-USD"}, {"trade_id": 138805117, "side": "sell", "size": "1208.40000000", "price": "0.19869000", "time": "2025-07-13T12:07:43.230189Z", "fetched_at": "2025-07-13T12:10:52.640737+00:00", "symbol": "DOGE-USD"}, {"trade_id": 138805116, "side": "sell", "size": "4543.90000000", "price": "0.19871000", "time": "2025-07-13T12:07:43.228888Z", "fetched_at": "2025-07-13T12:10:52.640737+00:00", "symbol": "DOGE-USD"}, {"trade_id": 138805115, "side": "sell", "size": "456.10000000", "price": "0.19871000", "time": "2025-07-13T12:07:43.228215Z", "fetched_at": "2025-07-13T12:10:52.640737+00:00", "symbol": "DOGE-USD"}, {"trade_id": 138805114, "side": "sell", "size": "10000.00000000", "price": "0.19871000", "time": "2025-07-13T12:07:43.228215Z", "fetched_at": "2025-07-13T12:10:52.640737+00:00", "symbol": "DOGE-USD"}, {"trade_id": 138805113, "side": "sell", "size": "2500.00000000", "price": "0.19871000", "time": "2025-07-13T12:07:43.228215Z", "fetched_at": "2025-07-13T12:10:52.640737+00:00", "symbol": "DOGE-USD"}, {"trade_id": 138805112, "side": "sell", "size": "5000.00000000", "price": "0.19871000", "time": "2025-07-13T12:07:43.228215Z", "fetched_at": "2025-07-13T12:10:52.640737+00:00", "symbol": "DOGE-USD"}, {"trade_id": 138805111, "side": "sell", "size": "39.90000000", "price": "0.19870000", "time": "2025-07-13T12:07:43.227699Z", "fetched_at": "2025-07-13T12:10:52.640737+00:00", "symbol": "DOGE-USD"}, {"trade_id": 138805110, "side": "sell", "size": "183.00000000", "price": "0.19869000", "time": "2025-07-13T12:07:43.227699Z", "fetched_at": "2025-07-13T12:10:52.640737+00:00", "symbol": "DOGE-USD"}, {"trade_id": 138805109, "side": "sell", "size": "349.60000000", "price": "0.19872000", "time": "2025-07-13T12:07:38.833636Z", "fetched_at": "2025-07-13T12:10:52.640737+00:00", "symbol": "DOGE-USD"}, {"trade_id": 138805108, "side": "sell", "size": "33.20000000", "price": "0.19872000", "time": "2025-07-13T12:07:38.833636Z", "fetched_at": "2025-07-13T12:10:52.640737+00:00", "symbol": "DOGE-USD"}, {"trade_id": 138805107, "side": "sell", "size": "1389.80000000", "price": "0.19871000", "time": "2025-07-13T12:07:38.833636Z", "fetched_at": "2025-07-13T12:10:52.640737+00:00", "symbol": "DOGE-USD"}, {"trade_id": 138805106, "side": "sell", "size": "1731.80000000", "price": "0.19871000", "time": "2025-07-13T12:07:38.833636Z", "fetched_at": "2025-07-13T12:10:52.640737+00:00", "symbol": "DOGE-USD"}, {"trade_id": 138805105, "side": "sell", "size": "1425.40000000", "price": "0.19871000", "time": "2025-07-13T12:07:38.833636Z", "fetched_at": "2025-07-13T12:10:52.640737+00:00", "symbol": "DOGE-USD"}, {"trade_id": 138805104, "side": "sell", "size": "50.60000000", "price": "0.19870000", "time": "2025-07-13T12:07:38.833636Z", "fetched_at": "2025-07-13T12:10:52.640737+00:00", "symbol": "DOGE-USD"}, {"trade_id": 138805103, "side": "sell", "size": "3020.80000000", "price": "0.19867000", "time": "2025-07-13T12:07:36.754418Z", "fetched_at": "2025-07-13T12:10:52.640737+00:00", "symbol": "DOGE-USD"}, {"trade_id": 138805102, "side": "buy", "size": "515.50000000", "price": "0.19870000", "time": "2025-07-13T12:07:33.923413Z", "fetched_at": "2025-07-13T12:10:52.640737+00:00", "symbol": "DOGE-USD"}, {"trade_id": 138805101, "side": "sell", "size": "1698.60000000", "price": "0.19872000", "time": "2025-07-13T12:07:33.825774Z", "fetched_at": "2025-07-13T12:10:52.640737+00:00", "symbol": "DOGE-USD"}, {"trade_id": 138805100, "side": "sell", "size": "51.50000000", "price": "0.19871000", "time": "2025-07-13T12:07:33.825774Z", "fetched_at": "2025-07-13T12:10:52.640737+00:00", "symbol": "DOGE-USD"}, {"trade_id": 138805099, "side": "sell", "size": "1364.50000000", "price": "0.19871000", "time": "2025-07-13T12:07:33.825774Z", "fetched_at": "2025-07-13T12:10:52.640737+00:00", "symbol": "DOGE-USD"}, {"trade_id": 138805098, "side": "sell", "size": "1365.50000000", "price": "0.19871000", "time": "2025-07-13T12:07:33.825774Z", "fetched_at": "2025-07-13T12:10:52.640737+00:00", "symbol": "DOGE-USD"}, {"trade_id": 138805097, "side": "sell", "size": "262.00000000", "price": "0.19871000", "time": "2025-07-13T12:07:33.825774Z", "fetched_at": "2025-07-13T12:10:52.640737+00:00", "symbol": "DOGE-USD"}, {"trade_id": 138805096, "side": "sell", "size": "5.60000000", "price": "0.19874000", "time": "2025-07-13T12:07:29.801638Z", "fetched_at": "2025-07-13T12:10:52.640737+00:00", "symbol": "DOGE-USD"}, {"trade_id": 138805095, "side": "sell", "size": "5.60000000", "price": "0.19872000", "time": "2025-07-13T12:07:29.658530Z", "fetched_at": "2025-07-13T12:10:52.640737+00:00", "symbol": "DOGE-USD"}, {"trade_id": 138805094, "side": "sell", "size": "5.60000000", "price": "0.19870000", "time": "2025-07-13T12:07:29.579736Z", "fetched_at": "2025-07-13T12:10:52.640737+00:00", "symbol": "DOGE-USD"}, {"trade_id": 138805093, "side": "sell", "size": "5.60000000", "price": "0.19868000", "time": "2025-07-13T12:07:19.907072Z", "fetched_at": "2025-07-13T12:10:52.640737+00:00", "symbol": "DOGE-USD"}, {"trade_id": 138805092, "side": "sell", "size": "5.60000000", "price": "0.19866000", "time": "2025-07-13T12:07:19.877346Z", "fetched_at": "2025-07-13T12:10:52.640737+00:00", "symbol": "DOGE-USD"}, {"trade_id": 138805091, "side": "sell", "size": "3021.10000000", "price": "0.19865000", "time": "2025-07-13T12:07:19.834954Z", "fetched_at": "2025-07-13T12:10:52.640737+00:00", "symbol": "DOGE-USD"}, {"trade_id": 138805090, "side": "sell", "size": "5.60000000", "price": "0.19864000", "time": "2025-07-13T12:07:04.648583Z", "fetched_at": "2025-07-13T12:10:52.640737+00:00", "symbol": "DOGE-USD"}, {"trade_id": 138805089, "side": "sell", "size": "2500.00000000", "price": "0.19863000", "time": "2025-07-13T12:07:04.201187Z", "fetched_at": "2025-07-13T12:10:52.640737+00:00", "symbol": "DOGE-USD"}, {"trade_id": 138805088, "side": "sell", "size": "55.40000000", "price": "0.19863000", "time": "2025-07-13T12:07:04.201187Z", "fetched_at": "2025-07-13T12:10:52.640737+00:00", "symbol": "DOGE-USD"}, {"trade_id": 138805087, "side": "buy", "size": "5.60000000", "price": "0.19858000", "time": "2025-07-13T12:07:02.152139Z", "fetched_at": "2025-07-13T12:10:52.640737+00:00", "symbol": "DOGE-USD"}, {"trade_id": 138805086, "side": "buy", "size": "10.50000000", "price": "0.19859000", "time": "2025-07-13T12:07:01.313778Z", "fetched_at": "2025-07-13T12:10:52.640737+00:00", "symbol": "DOGE-USD"}, {"trade_id": 138805085, "side": "buy", "size": "5.60000000", "price": "0.19860000", "time": "2025-07-13T12:07:01.313778Z", "fetched_at": "2025-07-13T12:10:52.640737+00:00", "symbol": "DOGE-USD"}, {"trade_id": 138805084, "side": "sell", "size": "17877.40000000", "price": "0.19864000", "time": "2025-07-13T12:06:57.759632Z", "fetched_at": "2025-07-13T12:10:52.640737+00:00", "symbol": "DOGE-USD"}, {"trade_id": 138805083, "side": "buy", "size": "520.40000000", "price": "0.19861000", "time": "2025-07-13T12:06:56.040862Z", "fetched_at": "2025-07-13T12:10:52.640737+00:00", "symbol": "DOGE-USD"}, {"trade_id": 138805082, "side": "buy", "size": "38.90000000", "price": "0.19862000", "time": "2025-07-13T12:06:55.183316Z", "fetched_at": "2025-07-13T12:10:52.640737+00:00", "symbol": "DOGE-USD"}, {"trade_id": 138805081, "side": "buy", "size": "5.60000000", "price": "0.19862000", "time": "2025-07-13T12:06:55.183316Z", "fetched_at": "2025-07-13T12:10:52.640737+00:00", "symbol": "DOGE-USD"}, {"trade_id": 138805080, "side": "buy", "size": "5.60000000", "price": "0.19864000", "time": "2025-07-13T12:06:55.183316Z", "fetched_at": "2025-07-13T12:10:52.640737+00:00", "symbol": "DOGE-USD"}, {"trade_id": 138805079, "side": "buy", "size": "5.60000000", "price": "0.19866000", "time": "2025-07-13T12:06:55.183316Z", "fetched_at": "2025-07-13T12:10:52.640737+00:00", "symbol": "DOGE-USD"}, {"trade_id": 138805078, "side": "buy", "size": "5.60000000", "price": "0.19868000", "time": "2025-07-13T12:06:54.717460Z", "fetched_at": "2025-07-13T12:10:52.640737+00:00", "symbol": "DOGE-USD"}, {"trade_id": 138805077, "side": "buy", "size": "5.60000000", "price": "0.19870000", "time": "2025-07-13T12:06:54.068048Z", "fetched_at": "2025-07-13T12:10:52.640737+00:00", "symbol": "DOGE-USD"}, {"trade_id": 138805076, "side": "buy", "size": "5.60000000", "price": "0.19872000", "time": "2025-07-13T12:06:50.429574Z", "fetched_at": "2025-07-13T12:10:52.640737+00:00", "symbol": "DOGE-USD"}, {"trade_id": 138805075, "side": "buy", "size": "5.60000000", "price": "0.19874000", "time": "2025-07-13T12:06:45.271647Z", "fetched_at": "2025-07-13T12:10:52.640737+00:00", "symbol": "DOGE-USD"}, {"trade_id": 138805074, "side": "buy", "size": "5.60000000", "price": "0.19876000", "time": "2025-07-13T12:06:44.660581Z", "fetched_at": "2025-07-13T12:10:52.640737+00:00", "symbol": "DOGE-USD"}, {"trade_id": 138805073, "side": "buy", "size": "5.60000000", "price": "0.19876000", "time": "2025-07-13T12:06:34.492301Z", "fetched_at": "2025-07-13T12:10:52.640737+00:00", "symbol": "DOGE-USD"}, {"trade_id": 138805072, "side": "buy", "size": "5.60000000", "price": "0.19878000", "time": "2025-07-13T12:06:34.369192Z", "fetched_at": "2025-07-13T12:10:52.640737+00:00", "symbol": "DOGE-USD"}, {"trade_id": 138805071, "side": "buy", "size": "509.10000000", "price": "0.19881000", "time": "2025-07-13T12:06:17.364798Z", "fetched_at": "2025-07-13T12:10:52.640737+00:00", "symbol": "DOGE-USD"}, {"trade_id": 138805070, "side": "sell", "size": "2500.00000000", "price": "0.19881000", "time": "2025-07-13T12:06:16.441093Z", "fetched_at": "2025-07-13T12:10:52.640737+00:00", "symbol": "DOGE-USD"}, {"trade_id": 138805069, "side": "sell", "size": "52.60000000", "price": "0.19881000", "time": "2025-07-13T12:06:16.441093Z", "fetched_at": "2025-07-13T12:10:52.640737+00:00", "symbol": "DOGE-USD"}, {"trade_id": 138805068, "side": "sell", "size": "18.20000000", "price": "0.19881000", "time": "2025-07-13T12:06:08.349456Z", "fetched_at": "2025-07-13T12:10:52.640737+00:00", "symbol": "DOGE-USD"}, {"trade_id": 138805067, "side": "sell", "size": "5.60000000", "price": "0.19880000", "time": "2025-07-13T12:06:08.349456Z", "fetched_at": "2025-07-13T12:10:52.640737+00:00", "symbol": "DOGE-USD"}, {"trade_id": 138805066, "side": "buy", "size": "201.20000000", "price": "0.19879000", "time": "2025-07-13T12:06:06.791464Z", "fetched_at": "2025-07-13T12:10:52.640737+00:00", "symbol": "DOGE-USD"}, {"trade_id": 138805065, "side": "buy", "size": "1.60000000", "price": "0.19879000", "time": "2025-07-13T12:06:05.801931Z", "fetched_at": "2025-07-13T12:10:52.640737+00:00", "symbol": "DOGE-USD"}, {"trade_id": 138805064, "side": "sell", "size": "17907.10000000", "price": "0.19875000", "time": "2025-07-13T12:06:03.330467Z", "fetched_at": "2025-07-13T12:10:52.640737+00:00", "symbol": "DOGE-USD"}, {"trade_id": 138805063, "side": "sell", "size": "1731.80000000", "price": "0.19874000", "time": "2025-07-13T12:06:03.296767Z", "fetched_at": "2025-07-13T12:10:52.640737+00:00", "symbol": "DOGE-USD"}, {"trade_id": 138805062, "side": "sell", "size": "55.30000000", "price": "0.19873000", "time": "2025-07-13T12:06:03.296767Z", "fetched_at": "2025-07-13T12:10:52.640737+00:00", "symbol": "DOGE-USD"}, {"trade_id": 138805061, "side": "sell", "size": "8373.00000000", "price": "0.19874000", "time": "2025-07-13T12:06:03.279195Z", "fetched_at": "2025-07-13T12:10:52.640737+00:00", "symbol": "DOGE-USD"}, {"trade_id": 138805060, "side": "sell", "size": "9709.30000000", "price": "0.19874000", "time": "2025-07-13T12:06:03.279195Z", "fetched_at": "2025-07-13T12:10:52.640737+00:00", "symbol": "DOGE-USD"}, {"trade_id": 138805059, "side": "sell", "size": "1731.80000000", "price": "0.19874000", "time": "2025-07-13T12:06:03.279195Z", "fetched_at": "2025-07-13T12:10:52.640737+00:00", "symbol": "DOGE-USD"}, {"trade_id": 138805058, "side": "sell", "size": "55.30000000", "price": "0.19873000", "time": "2025-07-13T12:06:03.279195Z", "fetched_at": "2025-07-13T12:10:52.640737+00:00", "symbol": "DOGE-USD"}, {"trade_id": 138805057, "side": "buy", "size": "5.60000000", "price": "0.19874000", "time": "2025-07-13T12:06:01.506224Z", "fetched_at": "2025-07-13T12:10:52.640737+00:00", "symbol": "DOGE-USD"}, {"trade_id": 138805056, "side": "buy", "size": "5.60000000", "price": "0.19876000", "time": "2025-07-13T12:06:01.494902Z", "fetched_at": "2025-07-13T12:10:52.640737+00:00", "symbol": "DOGE-USD"}, {"trade_id": 138805055, "side": "buy", "size": "5.60000000", "price": "0.19878000", "time": "2025-07-13T12:06:01.295582Z", "fetched_at": "2025-07-13T12:10:52.640737+00:00", "symbol": "DOGE-USD"}, {"trade_id": 138805054, "side": "buy", "size": "5.60000000", "price": "0.19880000", "time": "2025-07-13T12:06:01.167169Z", "fetched_at": "2025-07-13T12:10:52.640737+00:00", "symbol": "DOGE-USD"}, {"trade_id": 138805053, "side": "buy", "size": "5.60000000", "price": "0.19882000", "time": "2025-07-13T12:06:01.018157Z", "fetched_at": "2025-07-13T12:10:52.640737+00:00", "symbol": "DOGE-USD"}, {"trade_id": 138805052, "side": "buy", "size": "5.60000000", "price": "0.19884000", "time": "2025-07-13T12:06:00.419167Z", "fetched_at": "2025-07-13T12:10:52.640737+00:00", "symbol": "DOGE-USD"}, {"trade_id": 138805051, "side": "buy", "size": "5.60000000", "price": "0.19886000", "time": "2025-07-13T12:06:00.278249Z", "fetched_at": "2025-07-13T12:10:52.640737+00:00", "symbol": "DOGE-USD"}, {"trade_id": 138805050, "side": "buy", "size": "9981.30000000", "price": "0.19887000", "time": "2025-07-13T12:05:51.179423Z", "fetched_at": "2025-07-13T12:10:52.640737+00:00", "symbol": "DOGE-USD"}, {"trade_id": 138805049, "side": "buy", "size": "5.60000000", "price": "0.19888000", "time": "2025-07-13T12:05:51.179423Z", "fetched_at": "2025-07-13T12:10:52.640737+00:00", "symbol": "DOGE-USD"}, {"trade_id": 138805048, "side": "buy", "size": "5.60000000", "price": "0.19890000", "time": "2025-07-13T12:05:51.061334Z", "fetched_at": "2025-07-13T12:10:52.640737+00:00", "symbol": "DOGE-USD"}, {"trade_id": 138805047, "side": "buy", "size": "41.50000000", "price": "0.19891000", "time": "2025-07-13T12:05:50.177179Z", "fetched_at": "2025-07-13T12:10:52.640737+00:00", "symbol": "DOGE-USD"}, {"trade_id": 138805046, "side": "buy", "size": "8.60000000", "price": "0.19891000", "time": "2025-07-13T12:05:49.913372Z", "fetched_at": "2025-07-13T12:10:52.640737+00:00", "symbol": "DOGE-USD"}, {"trade_id": 138805045, "side": "buy", "size": "5.60000000", "price": "0.19892000", "time": "2025-07-13T12:05:49.913372Z", "fetched_at": "2025-07-13T12:10:52.640737+00:00", "symbol": "DOGE-USD"}, {"trade_id": 138805044, "side": "buy", "size": "3001.30000000", "price": "0.19893000", "time": "2025-07-13T12:05:48.078022Z", "fetched_at": "2025-07-13T12:10:52.640737+00:00", "symbol": "DOGE-USD"}, {"trade_id": 138805043, "side": "buy", "size": "55.30000000", "price": "0.19894000", "time": "2025-07-13T12:05:48.078022Z", "fetched_at": "2025-07-13T12:10:52.640737+00:00", "symbol": "DOGE-USD"}, {"trade_id": 138805042, "side": "buy", "size": "5.60000000", "price": "0.19894000", "time": "2025-07-13T12:05:48.078022Z", "fetched_at": "2025-07-13T12:10:52.640737+00:00", "symbol": "DOGE-USD"}, {"trade_id": 138805041, "side": "buy", "size": "5.60000000", "price": "0.19896000", "time": "2025-07-13T12:05:48.078022Z", "fetched_at": "2025-07-13T12:10:52.640737+00:00", "symbol": "DOGE-USD"}, {"trade_id": 138805040, "side": "sell", "size": "3322.40000000", "price": "0.19900000", "time": "2025-07-13T12:05:47.758905Z", "fetched_at": "2025-07-13T12:10:52.640737+00:00", "symbol": "DOGE-USD"}, {"trade_id": 138805039, "side": "sell", "size": "1731.80000000", "price": "0.19900000", "time": "2025-07-13T12:05:47.758905Z", "fetched_at": "2025-07-13T12:10:52.640737+00:00", "symbol": "DOGE-USD"}, {"trade_id": 138805038, "side": "sell", "size": "3474.20000000", "price": "0.19899000", "time": "2025-07-13T12:05:47.758905Z", "fetched_at": "2025-07-13T12:10:52.640737+00:00", "symbol": "DOGE-USD"}, {"trade_id": 138805037, "side": "sell", "size": "2500.00000000", "price": "0.19899000", "time": "2025-07-13T12:05:47.758905Z", "fetched_at": "2025-07-13T12:10:52.640737+00:00", "symbol": "DOGE-USD"}, {"trade_id": 138805036, "side": "sell", "size": "5000.00000000", "price": "0.19899000", "time": "2025-07-13T12:05:47.758905Z", "fetched_at": "2025-07-13T12:10:52.640737+00:00", "symbol": "DOGE-USD"}, {"trade_id": 138805035, "side": "sell", "size": "1731.80000000", "price": "0.19899000", "time": "2025-07-13T12:05:47.758905Z", "fetched_at": "2025-07-13T12:10:52.640737+00:00", "symbol": "DOGE-USD"}, {"trade_id": 138805034, "side": "sell", "size": "749.80000000", "price": "0.19899000", "time": "2025-07-13T12:05:47.758905Z", "fetched_at": "2025-07-13T12:10:52.640737+00:00", "symbol": "DOGE-USD"}, {"trade_id": 138805033, "side": "sell", "size": "10000.00000000", "price": "0.19898000", "time": "2025-07-13T12:05:47.758905Z", "fetched_at": "2025-07-13T12:10:52.640737+00:00", "symbol": "DOGE-USD"}, {"trade_id": 138805032, "side": "sell", "size": "1412.30000000", "price": "0.19898000", "time": "2025-07-13T12:05:47.758905Z", "fetched_at": "2025-07-13T12:10:52.640737+00:00", "symbol": "DOGE-USD"}, {"trade_id": 138805031, "side": "sell", "size": "54.70000000", "price": "0.19898000", "time": "2025-07-13T12:05:47.758905Z", "fetched_at": "2025-07-13T12:10:52.640737+00:00", "symbol": "DOGE-USD"}, {"trade_id": 138805030, "side": "sell", "size": "1731.80000000", "price": "0.19898000", "time": "2025-07-13T12:05:47.758905Z", "fetched_at": "2025-07-13T12:10:52.640737+00:00", "symbol": "DOGE-USD"}, {"trade_id": 138805029, "side": "sell", "size": "3693.70000000", "price": "0.19898000", "time": "2025-07-13T12:05:47.758905Z", "fetched_at": "2025-07-13T12:10:52.640737+00:00", "symbol": "DOGE-USD"}, {"trade_id": 138805028, "side": "sell", "size": "1205.80000000", "price": "0.19898000", "time": "2025-07-13T12:05:47.758905Z", "fetched_at": "2025-07-13T12:10:52.640737+00:00", "symbol": "DOGE-USD"}, {"trade_id": 138805027, "side": "sell", "size": "183.00000000", "price": "0.19897000", "time": "2025-07-13T12:05:47.758905Z", "fetched_at": "2025-07-13T12:10:52.640737+00:00", "symbol": "DOGE-USD"}, {"trade_id": 138805026, "side": "sell", "size": "889.00000000", "price": "0.19897000", "time": "2025-07-13T12:05:47.758905Z", "fetched_at": "2025-07-13T12:10:52.640737+00:00", "symbol": "DOGE-USD"}, {"trade_id": 138805025, "side": "buy", "size": "5.60000000", "price": "0.19898000", "time": "2025-07-13T12:05:44.789433Z", "fetched_at": "2025-07-13T12:10:52.640737+00:00", "symbol": "DOGE-USD"}, {"trade_id": 138805024, "side": "buy", "size": "498.70000000", "price": "0.19899000", "time": "2025-07-13T12:05:44.057042Z", "fetched_at": "2025-07-13T12:10:52.640737+00:00", "symbol": "DOGE-USD"}, {"trade_id": 138805023, "side": "buy", "size": "15067.10000000", "price": "0.19900000", "time": "2025-07-13T12:05:44.053680Z", "fetched_at": "2025-07-13T12:10:52.640737+00:00", "symbol": "DOGE-USD"}, {"trade_id": 138805022, "side": "buy", "size": "19298.50000000", "price": "0.19900000", "time": "2025-07-13T12:05:44.052706Z", "fetched_at": "2025-07-13T12:10:52.640737+00:00", "symbol": "DOGE-USD"}, {"trade_id": 138805021, "side": "buy", "size": "29989.70000000", "price": "0.19900000", "time": "2025-07-13T12:05:43.932592Z", "fetched_at": "2025-07-13T12:10:52.640737+00:00", "symbol": "DOGE-USD"}, {"trade_id": 138805020, "side": "buy", "size": "19423.90000000", "price": "0.19900000", "time": "2025-07-13T12:05:43.530341Z", "fetched_at": "2025-07-13T12:10:52.640737+00:00", "symbol": "DOGE-USD"}, {"trade_id": 138805019, "side": "buy", "size": "5.60000000", "price": "0.19902000", "time": "2025-07-13T12:05:43.530341Z", "fetched_at": "2025-07-13T12:10:52.640737+00:00", "symbol": "DOGE-USD"}, {"trade_id": 138805018, "side": "buy", "size": "4931.30000000", "price": "0.19900000", "time": "2025-07-13T12:05:34.923893Z", "fetched_at": "2025-07-13T12:10:52.640737+00:00", "symbol": "DOGE-USD"}, {"trade_id": 138805017, "side": "buy", "size": "5.60000000", "price": "0.19900000", "time": "2025-07-13T12:05:34.923893Z", "fetched_at": "2025-07-13T12:10:52.640737+00:00", "symbol": "DOGE-USD"}, {"trade_id": 138805016, "side": "buy", "size": "1419.00000000", "price": "0.19901000", "time": "2025-07-13T12:05:34.923333Z", "fetched_at": "2025-07-13T12:10:52.640737+00:00", "symbol": "DOGE-USD"}, {"trade_id": 138805015, "side": "buy", "size": "55.30000000", "price": "0.19902000", "time": "2025-07-13T12:05:34.923333Z", "fetched_at": "2025-07-13T12:10:52.640737+00:00", "symbol": "DOGE-USD"}, {"trade_id": 138805014, "side": "buy", "size": "5.60000000", "price": "0.19904000", "time": "2025-07-13T12:05:34.923333Z", "fetched_at": "2025-07-13T12:10:52.640737+00:00", "symbol": "DOGE-USD"}, {"trade_id": 138805013, "side": "sell", "size": "18.20000000", "price": "0.19911000", "time": "2025-07-13T12:05:23.329130Z", "fetched_at": "2025-07-13T12:10:52.640737+00:00", "symbol": "DOGE-USD"}, {"trade_id": 138805012, "side": "sell", "size": "53.30000000", "price": "0.19910000", "time": "2025-07-13T12:05:23.329130Z", "fetched_at": "2025-07-13T12:10:52.640737+00:00", "symbol": "DOGE-USD"}, {"trade_id": 138805011, "side": "sell", "size": "216.40000000", "price": "0.19911000", "time": "2025-07-13T12:05:19.888012Z", "fetched_at": "2025-07-13T12:10:52.640737+00:00", "symbol": "DOGE-USD"}, {"trade_id": 138805010, "side": "sell", "size": "55.20000000", "price": "0.19910000", "time": "2025-07-13T12:05:19.888012Z", "fetched_at": "2025-07-13T12:10:52.640737+00:00", "symbol": "DOGE-USD"}, {"trade_id": 138805009, "side": "buy", "size": "1327.80000000", "price": "0.19911000", "time": "2025-07-13T12:05:18.295585Z", "fetched_at": "2025-07-13T12:10:52.640737+00:00", "symbol": "DOGE-USD"}, {"trade_id": 138805008, "side": "buy", "size": "5.60000000", "price": "0.19908000", "time": "2025-07-13T12:05:13.332896Z", "fetched_at": "2025-07-13T12:10:52.640737+00:00", "symbol": "DOGE-USD"}, {"trade_id": 138805007, "side": "buy", "size": "232.20000000", "price": "0.19909000", "time": "2025-07-13T12:05:11.377427Z", "fetched_at": "2025-07-13T12:10:52.640737+00:00", "symbol": "DOGE-USD"}, {"trade_id": 138805006, "side": "buy", "size": "55.30000000", "price": "0.19910000", "time": "2025-07-13T12:05:11.377427Z", "fetched_at": "2025-07-13T12:10:52.640737+00:00", "symbol": "DOGE-USD"}, {"trade_id": 138805005, "side": "buy", "size": "254.90000000", "price": "0.19910000", "time": "2025-07-13T12:05:11.377427Z", "fetched_at": "2025-07-13T12:10:52.640737+00:00", "symbol": "DOGE-USD"}, {"trade_id": 138805004, "side": "buy", "size": "48.90000000", "price": "0.19910000", "time": "2025-07-13T12:05:09.949217Z", "fetched_at": "2025-07-13T12:10:52.640737+00:00", "symbol": "DOGE-USD"}, {"trade_id": 138805003, "side": "sell", "size": "5.60000000", "price": "0.19912000", "time": "2025-07-13T12:05:08.446133Z", "fetched_at": "2025-07-13T12:10:52.640737+00:00", "symbol": "DOGE-USD"}, {"trade_id": 138805002, "side": "sell", "size": "55.30000000", "price": "0.19911000", "time": "2025-07-13T12:05:08.446133Z", "fetched_at": "2025-07-13T12:10:52.640737+00:00", "symbol": "DOGE-USD"}, {"trade_id": 138805001, "side": "sell", "size": "5000.00000000", "price": "0.19904000", "time": "2025-07-13T12:05:04.706731Z", "fetched_at": "2025-07-13T12:10:52.640737+00:00", "symbol": "DOGE-USD"}, {"trade_id": 138805000, "side": "sell", "size": "2500.00000000", "price": "0.19904000", "time": "2025-07-13T12:05:04.706731Z", "fetched_at": "2025-07-13T12:10:52.640737+00:00", "symbol": "DOGE-USD"}, {"trade_id": 138804999, "side": "sell", "size": "1731.80000000", "price": "0.19904000", "time": "2025-07-13T12:05:04.706731Z", "fetched_at": "2025-07-13T12:10:52.640737+00:00", "symbol": "DOGE-USD"}, {"trade_id": 138804998, "side": "sell", "size": "55.30000000", "price": "0.19903000", "time": "2025-07-13T12:05:04.706731Z", "fetched_at": "2025-07-13T12:10:52.640737+00:00", "symbol": "DOGE-USD"}, {"trade_id": 138804997, "side": "buy", "size": "5.60000000", "price": "0.19902000", "time": "2025-07-13T12:04:48.521717Z", "fetched_at": "2025-07-13T12:10:52.640737+00:00", "symbol": "DOGE-USD"}, {"trade_id": 138804996, "side": "sell", "size": "8281.10000000", "price": "0.19907000", "time": "2025-07-13T12:04:46.898566Z", "fetched_at": "2025-07-13T12:10:52.640737+00:00", "symbol": "DOGE-USD"}, {"trade_id": 138804995, "side": "sell", "size": "3614.60000000", "price": "0.19907000", "time": "2025-07-13T12:04:46.898566Z", "fetched_at": "2025-07-13T12:10:52.640737+00:00", "symbol": "DOGE-USD"}, {"trade_id": 138804994, "side": "sell", "size": "41.20000000", "price": "0.19906000", "time": "2025-07-13T12:04:46.898566Z", "fetched_at": "2025-07-13T12:10:52.640737+00:00", "symbol": "DOGE-USD"}, {"trade_id": 138804993, "side": "sell", "size": "769.50000000", "price": "0.19906000", "time": "2025-07-13T12:04:46.898566Z", "fetched_at": "2025-07-13T12:10:52.640737+00:00", "symbol": "DOGE-USD"}, {"trade_id": 138804992, "side": "sell", "size": "1331.50000000", "price": "0.19905000", "time": "2025-07-13T12:04:46.898566Z", "fetched_at": "2025-07-13T12:10:52.640737+00:00", "symbol": "DOGE-USD"}, {"trade_id": 138804991, "side": "sell", "size": "179.00000000", "price": "0.19904000", "time": "2025-07-13T12:04:46.898566Z", "fetched_at": "2025-07-13T12:10:52.640737+00:00", "symbol": "DOGE-USD"}, {"trade_id": 138804990, "side": "sell", "size": "990.60000000", "price": "0.19904000", "time": "2025-07-13T12:04:46.447346Z", "fetched_at": "2025-07-13T12:10:52.640737+00:00", "symbol": "DOGE-USD"}, {"trade_id": 138804989, "side": "buy", "size": "5.60000000", "price": "0.19902000", "time": "2025-07-13T12:04:39.581896Z", "fetched_at": "2025-07-13T12:10:52.640737+00:00", "symbol": "DOGE-USD"}, {"trade_id": 138804988, "side": "buy", "size": "5.60000000", "price": "0.19904000", "time": "2025-07-13T12:04:39.464023Z", "fetched_at": "2025-07-13T12:10:52.640737+00:00", "symbol": "DOGE-USD"}, {"trade_id": 138804987, "side": "buy", "size": "749.80000000", "price": "0.19908000", "time": "2025-07-13T12:04:27.601186Z", "fetched_at": "2025-07-13T12:10:52.640737+00:00", "symbol": "DOGE-USD"}, {"trade_id": 138804986, "side": "buy", "size": "5.60000000", "price": "0.19908000", "time": "2025-07-13T12:04:27.601186Z", "fetched_at": "2025-07-13T12:10:52.640737+00:00", "symbol": "DOGE-USD"}, {"trade_id": 138804985, "side": "buy", "size": "5.60000000", "price": "0.19910000", "time": "2025-07-13T12:04:27.601186Z", "fetched_at": "2025-07-13T12:10:52.640737+00:00", "symbol": "DOGE-USD"}, {"trade_id": 138804984, "side": "buy", "size": "5.60000000", "price": "0.19912000", "time": "2025-07-13T12:04:27.519897Z", "fetched_at": "2025-07-13T12:10:52.640737+00:00", "symbol": "DOGE-USD"}, {"trade_id": 138804983, "side": "buy", "size": "5.60000000", "price": "0.19914000", "time": "2025-07-13T12:04:27.084584Z", "fetched_at": "2025-07-13T12:10:52.640737+00:00", "symbol": "DOGE-USD"}, {"trade_id": 138804982, "side": "buy", "size": "55.20000000", "price": "0.19915000", "time": "2025-07-13T12:04:27.036562Z", "fetched_at": "2025-07-13T12:10:52.640737+00:00", "symbol": "DOGE-USD"}, {"trade_id": 138804981, "side": "sell", "size": "100.00000000", "price": "0.19922000", "time": "2025-07-13T12:04:12.320911Z", "fetched_at": "2025-07-13T12:10:52.640737+00:00", "symbol": "DOGE-USD"}, {"trade_id": 138804980, "side": "sell", "size": "5.60000000", "price": "0.19922000", "time": "2025-07-13T12:04:12.320911Z", "fetched_at": "2025-07-13T12:10:52.640737+00:00", "symbol": "DOGE-USD"}, {"trade_id": 138804979, "side": "sell", "size": "142.90000000", "price": "0.19922000", "time": "2025-07-13T12:04:12.320911Z", "fetched_at": "2025-07-13T12:10:52.640737+00:00", "symbol": "DOGE-USD"}, {"trade_id": 138804978, "side": "sell", "size": "5.60000000", "price": "0.19920000", "time": "2025-07-13T12:04:10.343998Z", "fetched_at": "2025-07-13T12:10:52.640737+00:00", "symbol": "DOGE-USD"}, {"trade_id": 138804977, "side": "buy", "size": "5.60000000", "price": "0.19916000", "time": "2025-07-13T12:04:04.857901Z", "fetched_at": "2025-07-13T12:10:52.640737+00:00", "symbol": "DOGE-USD"}, {"trade_id": 138804976, "side": "buy", "size": "3015.60000000", "price": "0.19919000", "time": "2025-07-13T12:04:03.576332Z", "fetched_at": "2025-07-13T12:10:52.640737+00:00", "symbol": "DOGE-USD"}, {"trade_id": 138804975, "side": "buy", "size": "149.80000000", "price": "0.19921000", "time": "2025-07-13T12:04:02.536642Z", "fetched_at": "2025-07-13T12:10:52.640737+00:00", "symbol": "DOGE-USD"}, {"trade_id": 138804974, "side": "buy", "size": "1358.40000000", "price": "0.19921000", "time": "2025-07-13T12:04:02.536642Z", "fetched_at": "2025-07-13T12:10:52.640737+00:00", "symbol": "DOGE-USD"}, {"trade_id": 138804973, "side": "buy", "size": "221.90000000", "price": "0.19921000", "time": "2025-07-13T12:04:02.536642Z", "fetched_at": "2025-07-13T12:10:52.640737+00:00", "symbol": "DOGE-USD"}, {"trade_id": 138804972, "side": "buy", "size": "183.00000000", "price": "0.19921000", "time": "2025-07-13T12:04:02.536642Z", "fetched_at": "2025-07-13T12:10:52.640737+00:00", "symbol": "DOGE-USD"}, {"trade_id": 138804971, "side": "sell", "size": "37.10000000", "price": "0.19921000", "time": "2025-07-13T12:04:02.395316Z", "fetched_at": "2025-07-13T12:10:52.640737+00:00", "symbol": "DOGE-USD"}, {"trade_id": 138804970, "side": "sell", "size": "5.60000000", "price": "0.19920000", "time": "2025-07-13T12:04:00.153165Z", "fetched_at": "2025-07-13T12:10:52.640737+00:00", "symbol": "DOGE-USD"}, {"trade_id": 138804969, "side": "sell", "size": "147.80000000", "price": "0.19920000", "time": "2025-07-13T12:04:00.153165Z", "fetched_at": "2025-07-13T12:10:52.640737+00:00", "symbol": "DOGE-USD"}, {"trade_id": 138804968, "side": "sell", "size": "0.10000000", "price": "0.19920000", "time": "2025-07-13T12:04:00.153165Z", "fetched_at": "2025-07-13T12:10:52.640737+00:00", "symbol": "DOGE-USD"}, {"trade_id": 138804967, "side": "sell", "size": "670.00000000", "price": "0.19920000", "time": "2025-07-13T12:04:00.153165Z", "fetched_at": "2025-07-13T12:10:52.640737+00:00", "symbol": "DOGE-USD"}, {"trade_id": 138804966, "side": "sell", "size": "26.80000000", "price": "0.19919000", "time": "2025-07-13T12:04:00.109711Z", "fetched_at": "2025-07-13T12:10:52.640737+00:00", "symbol": "DOGE-USD"}, {"trade_id": 138804965, "side": "sell", "size": "27.30000000", "price": "0.19919000", "time": "2025-07-13T12:04:00.109711Z", "fetched_at": "2025-07-13T12:10:52.640737+00:00", "symbol": "DOGE-USD"}, {"trade_id": 138804964, "side": "sell", "size": "5.60000000", "price": "0.19918000", "time": "2025-07-13T12:04:00.104942Z", "fetched_at": "2025-07-13T12:10:52.640737+00:00", "symbol": "DOGE-USD"}, {"trade_id": 138804963, "side": "sell", "size": "97.70000000", "price": "0.19918000", "time": "2025-07-13T12:04:00.104942Z", "fetched_at": "2025-07-13T12:10:52.640737+00:00", "symbol": "DOGE-USD"}, {"trade_id": 138804962, "side": "sell", "size": "252.10000000", "price": "0.19917000", "time": "2025-07-13T12:03:53.327424Z", "fetched_at": "2025-07-13T12:10:52.640737+00:00", "symbol": "DOGE-USD"}, {"trade_id": 138804961, "side": "sell", "size": "1337.60000000", "price": "0.19917000", "time": "2025-07-13T12:03:53.327424Z", "fetched_at": "2025-07-13T12:10:52.640737+00:00", "symbol": "DOGE-USD"}, {"trade_id": 138804960, "side": "sell", "size": "117.60000000", "price": "0.19917000", "time": "2025-07-13T12:03:53.327424Z", "fetched_at": "2025-07-13T12:10:52.640737+00:00", "symbol": "DOGE-USD"}, {"trade_id": 138804959, "side": "sell", "size": "5.60000000", "price": "0.19916000", "time": "2025-07-13T12:03:53.327424Z", "fetched_at": "2025-07-13T12:10:52.640737+00:00", "symbol": "DOGE-USD"}, {"trade_id": 138804958, "side": "sell", "size": "167.80000000", "price": "0.19916000", "time": "2025-07-13T12:03:53.327424Z", "fetched_at": "2025-07-13T12:10:52.640737+00:00", "symbol": "DOGE-USD"}, {"trade_id": 138804957, "side": "sell", "size": "32.40000000", "price": "0.19915000", "time": "2025-07-13T12:03:53.327424Z", "fetched_at": "2025-07-13T12:10:52.640737+00:00", "symbol": "DOGE-USD"}, {"trade_id": 138804956, "side": "sell", "size": "5.60000000", "price": "0.19914000", "time": "2025-07-13T12:03:45.639064Z", "fetched_at": "2025-07-13T12:10:52.640737+00:00", "symbol": "DOGE-USD"}, {"trade_id": 138804955, "side": "sell", "size": "143.00000000", "price": "0.19914000", "time": "2025-07-13T12:03:45.639064Z", "fetched_at": "2025-07-13T12:10:52.640737+00:00", "symbol": "DOGE-USD"}, {"trade_id": 138804954, "side": "sell", "size": "40.30000000", "price": "0.19913000", "time": "2025-07-13T12:03:45.635326Z", "fetched_at": "2025-07-13T12:10:52.640737+00:00", "symbol": "DOGE-USD"}, {"trade_id": 138804953, "side": "sell", "size": "5.60000000", "price": "0.19912000", "time": "2025-07-13T12:03:45.588220Z", "fetched_at": "2025-07-13T12:10:52.640737+00:00", "symbol": "DOGE-USD"}, {"trade_id": 138804952, "side": "sell", "size": "5.60000000", "price": "0.19910000", "time": "2025-07-13T12:03:43.136797Z", "fetched_at": "2025-07-13T12:10:52.640737+00:00", "symbol": "DOGE-USD"}, {"trade_id": 138804951, "side": "buy", "size": "235.30000000", "price": "0.19911000", "time": "2025-07-13T12:03:30.336250Z", "fetched_at": "2025-07-13T12:10:52.640737+00:00", "symbol": "DOGE-USD"}, {"trade_id": 138804950, "side": "buy", "size": "148.00000000", "price": "0.19911000", "time": "2025-07-13T12:03:30.336250Z", "fetched_at": "2025-07-13T12:10:52.640737+00:00", "symbol": "DOGE-USD"}, {"trade_id": 138804949, "side": "buy", "size": "183.00000000", "price": "0.19911000", "time": "2025-07-13T12:03:30.336250Z", "fetched_at": "2025-07-13T12:10:52.640737+00:00", "symbol": "DOGE-USD"}, {"trade_id": 138804948, "side": "buy", "size": "265.20000000", "price": "0.19911000", "time": "2025-07-13T12:03:30.336250Z", "fetched_at": "2025-07-13T12:10:52.640737+00:00", "symbol": "DOGE-USD"}, {"trade_id": 138804947, "side": "sell", "size": "5.60000000", "price": "0.19910000", "time": "2025-07-13T12:03:30.245704Z", "fetched_at": "2025-07-13T12:10:52.640737+00:00", "symbol": "DOGE-USD"}, {"trade_id": 138804946, "side": "sell", "size": "5.60000000", "price": "0.19908000", "time": "2025-07-13T12:03:30.241957Z", "fetched_at": "2025-07-13T12:10:52.640737+00:00", "symbol": "DOGE-USD"}, {"trade_id": 138804945, "side": "sell", "size": "45.10000000", "price": "0.19904000", "time": "2025-07-13T12:03:24.666358Z", "fetched_at": "2025-07-13T12:10:52.640737+00:00", "symbol": "DOGE-USD"}, {"trade_id": 138804944, "side": "sell", "size": "254.90000000", "price": "0.19904000", "time": "2025-07-13T12:03:24.666358Z", "fetched_at": "2025-07-13T12:10:52.640737+00:00", "symbol": "DOGE-USD"}, {"trade_id": 138804943, "side": "buy", "size": "152.70000000", "price": "0.19901000", "time": "2025-07-13T12:03:24.570160Z", "fetched_at": "2025-07-13T12:10:52.640737+00:00", "symbol": "DOGE-USD"}, {"trade_id": 138804942, "side": "buy", "size": "1324.30000000", "price": "0.19902000", "time": "2025-07-13T12:03:24.570160Z", "fetched_at": "2025-07-13T12:10:52.640737+00:00", "symbol": "DOGE-USD"}, {"trade_id": 138804941, "side": "buy", "size": "5.60000000", "price": "0.19902000", "time": "2025-07-13T12:03:24.570160Z", "fetched_at": "2025-07-13T12:10:52.640737+00:00", "symbol": "DOGE-USD"}, {"trade_id": 138804940, "side": "buy", "size": "55.30000000", "price": "0.19903000", "time": "2025-07-13T12:03:24.570160Z", "fetched_at": "2025-07-13T12:10:52.640737+00:00", "symbol": "DOGE-USD"}, {"trade_id": 138804939, "side": "buy", "size": "5.60000000", "price": "0.19904000", "time": "2025-07-13T12:03:24.570160Z", "fetched_at": "2025-07-13T12:10:52.640737+00:00", "symbol": "DOGE-USD"}, {"trade_id": 138804938, "side": "sell", "size": "512.90000000", "price": "0.19908000", "time": "2025-07-13T12:03:21.073507Z", "fetched_at": "2025-07-13T12:10:52.640737+00:00", "symbol": "DOGE-USD"}, {"trade_id": 138804937, "side": "sell", "size": "908.70000000", "price": "0.19910000", "time": "2025-07-13T12:03:02.066161Z", "fetched_at": "2025-07-13T12:10:52.640737+00:00", "symbol": "DOGE-USD"}, {"trade_id": 138804936, "side": "sell", "size": "1161.40000000", "price": "0.19909000", "time": "2025-07-13T12:03:02.066161Z", "fetched_at": "2025-07-13T12:10:52.640737+00:00", "symbol": "DOGE-USD"}, {"trade_id": 138804935, "side": "sell", "size": "5.60000000", "price": "0.19908000", "time": "2025-07-13T12:03:02.066161Z", "fetched_at": "2025-07-13T12:10:52.640737+00:00", "symbol": "DOGE-USD"}, {"trade_id": 138804934, "side": "sell", "size": "5.60000000", "price": "0.19906000", "time": "2025-07-13T12:03:01.338853Z", "fetched_at": "2025-07-13T12:10:52.640737+00:00", "symbol": "DOGE-USD"}, {"trade_id": 138804933, "side": "sell", "size": "5.60000000", "price": "0.19904000", "time": "2025-07-13T12:03:01.147884Z", "fetched_at": "2025-07-13T12:10:52.640737+00:00", "symbol": "DOGE-USD"}, {"trade_id": 138804932, "side": "sell", "size": "5.60000000", "price": "0.19900000", "time": "2025-07-13T12:02:59.523003Z", "fetched_at": "2025-07-13T12:10:52.640737+00:00", "symbol": "DOGE-USD"}, {"trade_id": 138804931, "side": "sell", "size": "5.60000000", "price": "0.19898000", "time": "2025-07-13T12:02:59.494612Z", "fetched_at": "2025-07-13T12:10:52.640737+00:00", "symbol": "DOGE-USD"}, {"trade_id": 138804930, "side": "buy", "size": "2.70000000", "price": "0.19895000", "time": "2025-07-13T12:02:54.514115Z", "fetched_at": "2025-07-13T12:10:52.640737+00:00", "symbol": "DOGE-USD"}, {"trade_id": 138804929, "side": "buy", "size": "330.40000000", "price": "0.19893000", "time": "2025-07-13T12:02:51.248716Z", "fetched_at": "2025-07-13T12:10:52.640737+00:00", "symbol": "DOGE-USD"}, {"trade_id": 138804928, "side": "buy", "size": "265.20000000", "price": "0.19894000", "time": "2025-07-13T12:02:51.248716Z", "fetched_at": "2025-07-13T12:10:52.640737+00:00", "symbol": "DOGE-USD"}, {"trade_id": 138804927, "side": "buy", "size": "5.60000000", "price": "0.19894000", "time": "2025-07-13T12:02:47.467750Z", "fetched_at": "2025-07-13T12:10:52.640737+00:00", "symbol": "DOGE-USD"}, {"trade_id": 138804926, "side": "buy", "size": "5.60000000", "price": "0.19896000", "time": "2025-07-13T12:02:45.497248Z", "fetched_at": "2025-07-13T12:10:52.640737+00:00", "symbol": "DOGE-USD"}, {"trade_id": 138804925, "side": "buy", "size": "5.60000000", "price": "0.19898000", "time": "2025-07-13T12:02:44.427685Z", "fetched_at": "2025-07-13T12:10:52.640737+00:00", "symbol": "DOGE-USD"}, {"trade_id": 138804924, "side": "buy", "size": "5.60000000", "price": "0.19900000", "time": "2025-07-13T12:02:40.520513Z", "fetched_at": "2025-07-13T12:10:52.640737+00:00", "symbol": "DOGE-USD"}, {"trade_id": 138804923, "side": "buy", "size": "5.60000000", "price": "0.19902000", "time": "2025-07-13T12:02:40.482740Z", "fetched_at": "2025-07-13T12:10:52.640737+00:00", "symbol": "DOGE-USD"}, {"trade_id": 138804922, "side": "sell", "size": "122.00000000", "price": "0.19903000", "time": "2025-07-13T12:02:38.082066Z", "fetched_at": "2025-07-13T12:10:52.640737+00:00", "symbol": "DOGE-USD"}, {"trade_id": 138804921, "side": "buy", "size": "6041.70000000", "price": "0.19908000", "time": "2025-07-13T12:02:31.156003Z", "fetched_at": "2025-07-13T12:10:52.640737+00:00", "symbol": "DOGE-USD"}, {"trade_id": 138804920, "side": "buy", "size": "3798.40000000", "price": "0.19908000", "time": "2025-07-13T12:02:31.156003Z", "fetched_at": "2025-07-13T12:10:52.640737+00:00", "symbol": "DOGE-USD"}, {"trade_id": 138804919, "side": "buy", "size": "769.50000000", "price": "0.19909000", "time": "2025-07-13T12:02:31.156003Z", "fetched_at": "2025-07-13T12:10:52.640737+00:00", "symbol": "DOGE-USD"}, {"trade_id": 138804918, "side": "buy", "size": "55.30000000", "price": "0.19909000", "time": "2025-07-13T12:02:31.156003Z", "fetched_at": "2025-07-13T12:10:52.640737+00:00", "symbol": "DOGE-USD"}, {"trade_id": 138804917, "side": "buy", "size": "265.20000000", "price": "0.19911000", "time": "2025-07-13T12:02:31.156003Z", "fetched_at": "2025-07-13T12:10:52.640737+00:00", "symbol": "DOGE-USD"}, {"trade_id": 138804916, "side": "buy", "size": "23.70000000", "price": "0.19906000", "time": "2025-07-13T12:02:28.043652Z", "fetched_at": "2025-07-13T12:10:52.640737+00:00", "symbol": "DOGE-USD"}, {"trade_id": 138804915, "side": "buy", "size": "5.60000000", "price": "0.19906000", "time": "2025-07-13T12:02:28.043652Z", "fetched_at": "2025-07-13T12:10:52.640737+00:00", "symbol": "DOGE-USD"}, {"trade_id": 138804914, "side": "buy", "size": "1157.30000000", "price": "0.19907000", "time": "2025-07-13T12:02:28.043652Z", "fetched_at": "2025-07-13T12:10:52.640737+00:00", "symbol": "DOGE-USD"}, {"trade_id": 138804913, "side": "buy", "size": "55.30000000", "price": "0.19908000", "time": "2025-07-13T12:02:28.043652Z", "fetched_at": "2025-07-13T12:10:52.640737+00:00", "symbol": "DOGE-USD"}, {"trade_id": 138804912, "side": "buy", "size": "265.20000000", "price": "0.19908000", "time": "2025-07-13T12:02:28.043652Z", "fetched_at": "2025-07-13T12:10:52.640737+00:00", "symbol": "DOGE-USD"}, {"trade_id": 138804911, "side": "sell", "size": "23.80000000", "price": "0.19908000", "time": "2025-07-13T12:02:22.115856Z", "fetched_at": "2025-07-13T12:10:52.640737+00:00", "symbol": "DOGE-USD"}, {"trade_id": 138804910, "side": "buy", "size": "0.50000000", "price": "0.19905000", "time": "2025-07-13T12:02:19.060859Z", "fetched_at": "2025-07-13T12:10:52.640737+00:00", "symbol": "DOGE-USD"}, {"trade_id": 138804909, "side": "buy", "size": "5.60000000", "price": "0.19902000", "time": "2025-07-13T12:02:10.916026Z", "fetched_at": "2025-07-13T12:10:52.640737+00:00", "symbol": "DOGE-USD"}, {"trade_id": 138804908, "side": "buy", "size": "5.60000000", "price": "0.19904000", "time": "2025-07-13T12:02:09.472698Z", "fetched_at": "2025-07-13T12:10:52.640737+00:00", "symbol": "DOGE-USD"}, {"trade_id": 138804907, "side": "sell", "size": "7.20000000", "price": "0.19913000", "time": "2025-07-13T12:01:55.276751Z", "fetched_at": "2025-07-13T12:10:52.640737+00:00", "symbol": "DOGE-USD"}, {"trade_id": 138804906, "side": "sell", "size": "30.10000000", "price": "0.19912000", "time": "2025-07-13T12:01:55.276751Z", "fetched_at": "2025-07-13T12:10:52.640737+00:00", "symbol": "DOGE-USD"}, {"trade_id": 138804905, "side": "sell", "size": "5.60000000", "price": "0.19912000", "time": "2025-07-13T12:01:55.276751Z", "fetched_at": "2025-07-13T12:10:52.640737+00:00", "symbol": "DOGE-USD"}, {"trade_id": 138804904, "side": "sell", "size": "5.60000000", "price": "0.19910000", "time": "2025-07-13T12:01:55.276751Z", "fetched_at": "2025-07-13T12:10:52.640737+00:00", "symbol": "DOGE-USD"}, {"trade_id": 138804903, "side": "sell", "size": "5.60000000", "price": "0.19908000", "time": "2025-07-13T12:01:51.345632Z", "fetched_at": "2025-07-13T12:10:52.640737+00:00", "symbol": "DOGE-USD"}, {"trade_id": 138804902, "side": "buy", "size": "5.60000000", "price": "0.19904000", "time": "2025-07-13T12:01:41.919294Z", "fetched_at": "2025-07-13T12:10:52.640737+00:00", "symbol": "DOGE-USD"}, {"trade_id": 138804901, "side": "buy", "size": "5.60000000", "price": "0.19906000", "time": "2025-07-13T12:01:41.533127Z", "fetched_at": "2025-07-13T12:10:52.640737+00:00", "symbol": "DOGE-USD"}, {"trade_id": 138804900, "side": "sell", "size": "600.00000000", "price": "0.19910000", "time": "2025-07-13T12:01:35.753459Z", "fetched_at": "2025-07-13T12:10:52.640737+00:00", "symbol": "DOGE-USD"}, {"trade_id": 138804899, "side": "sell", "size": "96.90000000", "price": "0.19911000", "time": "2025-07-13T12:01:29.907028Z", "fetched_at": "2025-07-13T12:10:52.640737+00:00", "symbol": "DOGE-USD"}, {"trade_id": 138804898, "side": "sell", "size": "5.60000000", "price": "0.19910000", "time": "2025-07-13T12:01:29.907028Z", "fetched_at": "2025-07-13T12:10:52.640737+00:00", "symbol": "DOGE-USD"}, {"trade_id": 138804897, "side": "buy", "size": "20.00000000", "price": "0.19908000", "time": "2025-07-13T12:01:28.418192Z", "fetched_at": "2025-07-13T12:10:52.640737+00:00", "symbol": "DOGE-USD"}, {"trade_id": 138804896, "side": "buy", "size": "55.30000000", "price": "0.19909000", "time": "2025-07-13T12:01:28.418192Z", "fetched_at": "2025-07-13T12:10:52.640737+00:00", "symbol": "DOGE-USD"}, {"trade_id": 138804895, "side": "buy", "size": "1528.40000000", "price": "0.19903000", "time": "2025-07-13T12:01:23.064079Z", "fetched_at": "2025-07-13T12:10:52.640737+00:00", "symbol": "DOGE-USD"}, {"trade_id": 138804894, "side": "buy", "size": "55.30000000", "price": "0.19909000", "time": "2025-07-13T12:01:23.064079Z", "fetched_at": "2025-07-13T12:10:52.640737+00:00", "symbol": "DOGE-USD"}, {"trade_id": 138804893, "side": "buy", "size": "244.20000000", "price": "0.19889000", "time": "2025-07-13T12:01:23.054524Z", "fetched_at": "2025-07-13T12:10:52.640737+00:00", "symbol": "DOGE-USD"}, {"trade_id": 138804892, "side": "buy", "size": "6171.70000000", "price": "0.19889000", "time": "2025-07-13T12:01:23.054524Z", "fetched_at": "2025-07-13T12:10:52.640737+00:00", "symbol": "DOGE-USD"}, {"trade_id": 138804891, "side": "buy", "size": "769.50000000", "price": "0.19889000", "time": "2025-07-13T12:01:23.054524Z", "fetched_at": "2025-07-13T12:10:52.640737+00:00", "symbol": "DOGE-USD"}, {"trade_id": 138804890, "side": "buy", "size": "7561.50000000", "price": "0.19890000", "time": "2025-07-13T12:01:23.054524Z", "fetched_at": "2025-07-13T12:10:52.640737+00:00", "symbol": "DOGE-USD"}, {"trade_id": 138804889, "side": "buy", "size": "5.60000000", "price": "0.19890000", "time": "2025-07-13T12:01:23.054524Z", "fetched_at": "2025-07-13T12:10:52.640737+00:00", "symbol": "DOGE-USD"}, {"trade_id": 138804888, "side": "buy", "size": "80000.00000000", "price": "0.19890000", "time": "2025-07-13T12:01:23.054524Z", "fetched_at": "2025-07-13T12:10:52.640737+00:00", "symbol": "DOGE-USD"}, {"trade_id": 138804887, "side": "buy", "size": "5000.00000000", "price": "0.19890000", "time": "2025-07-13T12:01:23.054524Z", "fetched_at": "2025-07-13T12:10:52.640737+00:00", "symbol": "DOGE-USD"}, {"trade_id": 138804886, "side": "buy", "size": "6171.70000000", "price": "0.19890000", "time": "2025-07-13T12:01:23.054524Z", "fetched_at": "2025-07-13T12:10:52.640737+00:00", "symbol": "DOGE-USD"}, {"trade_id": 138804885, "side": "buy", "size": "68501.20000000", "price": "0.19891000", "time": "2025-07-13T12:01:23.054524Z", "fetched_at": "2025-07-13T12:10:52.640737+00:00", "symbol": "DOGE-USD"}, {"trade_id": 138804884, "side": "buy", "size": "3770.50000000", "price": "0.19891000", "time": "2025-07-13T12:01:23.054524Z", "fetched_at": "2025-07-13T12:10:52.640737+00:00", "symbol": "DOGE-USD"}, {"trade_id": 138804883, "side": "buy", "size": "6171.70000000", "price": "0.19891000", "time": "2025-07-13T12:01:23.054524Z", "fetched_at": "2025-07-13T12:10:52.640737+00:00", "symbol": "DOGE-USD"}, {"trade_id": 138804882, "side": "buy", "size": "5358.10000000", "price": "0.19892000", "time": "2025-07-13T12:01:23.054524Z", "fetched_at": "2025-07-13T12:10:52.640737+00:00", "symbol": "DOGE-USD"}, {"trade_id": 138804881, "side": "buy", "size": "4096.40000000", "price": "0.19892000", "time": "2025-07-13T12:01:23.054524Z", "fetched_at": "2025-07-13T12:10:52.640737+00:00", "symbol": "DOGE-USD"}, {"trade_id": 138804880, "side": "buy", "size": "5.60000000", "price": "0.19892000", "time": "2025-07-13T12:01:23.054524Z", "fetched_at": "2025-07-13T12:10:52.640737+00:00", "symbol": "DOGE-USD"}, {"trade_id": 138804879, "side": "buy", "size": "6171.70000000", "price": "0.19892000", "time": "2025-07-13T12:01:23.054524Z", "fetched_at": "2025-07-13T12:10:52.640737+00:00", "symbol": "DOGE-USD"}, {"trade_id": 138804878, "side": "buy", "size": "6171.70000000", "price": "0.19893000", "time": "2025-07-13T12:01:23.054524Z", "fetched_at": "2025-07-13T12:10:52.640737+00:00", "symbol": "DOGE-USD"}, {"trade_id": 138804877, "side": "buy", "size": "769.50000000", "price": "0.19893000", "time": "2025-07-13T12:01:23.054524Z", "fetched_at": "2025-07-13T12:10:52.640737+00:00", "symbol": "DOGE-USD"}, {"trade_id": 138804876, "side": "buy", "size": "5000.00000000", "price": "0.19894000", "time": "2025-07-13T12:01:23.054524Z", "fetched_at": "2025-07-13T12:10:52.640737+00:00", "symbol": "DOGE-USD"}, {"trade_id": 138804875, "side": "buy", "size": "24860.20000000", "price": "0.19894000", "time": "2025-07-13T12:01:23.054524Z", "fetched_at": "2025-07-13T12:10:52.640737+00:00", "symbol": "DOGE-USD"}, {"trade_id": 138804874, "side": "buy", "size": "5.60000000", "price": "0.19894000", "time": "2025-07-13T12:01:23.054524Z", "fetched_at": "2025-07-13T12:10:52.640737+00:00", "symbol": "DOGE-USD"}, {"trade_id": 138804873, "side": "buy", "size": "6171.70000000", "price": "0.19894000", "time": "2025-07-13T12:01:23.054524Z", "fetched_at": "2025-07-13T12:10:52.640737+00:00", "symbol": "DOGE-USD"}, {"trade_id": 138804872, "side": "buy", "size": "3526.70000000", "price": "0.19895000", "time": "2025-07-13T12:01:23.054524Z", "fetched_at": "2025-07-13T12:10:52.640737+00:00", "symbol": "DOGE-USD"}, {"trade_id": 138804871, "side": "buy", "size": "769.50000000", "price": "0.19895000", "time": "2025-07-13T12:01:23.054524Z", "fetched_at": "2025-07-13T12:10:52.640737+00:00", "symbol": "DOGE-USD"}, {"trade_id": 138804870, "side": "buy", "size": "6171.70000000", "price": "0.19895000", "time": "2025-07-13T12:01:23.054524Z", "fetched_at": "2025-07-13T12:10:52.640737+00:00", "symbol": "DOGE-USD"}, {"trade_id": 138804869, "side": "buy", "size": "3017.90000000", "price": "0.19896000", "time": "2025-07-13T12:01:23.054524Z", "fetched_at": "2025-07-13T12:10:52.640737+00:00", "symbol": "DOGE-USD"}, {"trade_id": 138804868, "side": "buy", "size": "5.60000000", "price": "0.19896000", "time": "2025-07-13T12:01:23.054524Z", "fetched_at": "2025-07-13T12:10:52.640737+00:00", "symbol": "DOGE-USD"}, {"trade_id": 138804867, "side": "buy", "size": "6171.70000000", "price": "0.19896000", "time": "2025-07-13T12:01:23.054524Z", "fetched_at": "2025-07-13T12:10:52.640737+00:00", "symbol": "DOGE-USD"}, {"trade_id": 138804866, "side": "buy", "size": "58081.00000000", "price": "0.19897000", "time": "2025-07-13T12:01:23.054524Z", "fetched_at": "2025-07-13T12:10:52.640737+00:00", "symbol": "DOGE-USD"}, {"trade_id": 138804865, "side": "buy", "size": "769.50000000", "price": "0.19897000", "time": "2025-07-13T12:01:23.054524Z", "fetched_at": "2025-07-13T12:10:52.640737+00:00", "symbol": "DOGE-USD"}, {"trade_id": 138804864, "side": "buy", "size": "6169.10000000", "price": "0.19897000", "time": "2025-07-13T12:01:23.054524Z", "fetched_at": "2025-07-13T12:10:52.640737+00:00", "symbol": "DOGE-USD"}, {"trade_id": 138804863, "side": "buy", "size": "2500.00000000", "price": "0.19898000", "time": "2025-07-13T12:01:23.054524Z", "fetched_at": "2025-07-13T12:10:52.640737+00:00", "symbol": "DOGE-USD"}, {"trade_id": 138804862, "side": "buy", "size": "5000.00000000", "price": "0.19898000", "time": "2025-07-13T12:01:23.054524Z", "fetched_at": "2025-07-13T12:10:52.640737+00:00", "symbol": "DOGE-USD"}, {"trade_id": 138804861, "side": "buy", "size": "5.60000000", "price": "0.19898000", "time": "2025-07-13T12:01:23.054524Z", "fetched_at": "2025-07-13T12:10:52.640737+00:00", "symbol": "DOGE-USD"}, {"trade_id": 138804860, "side": "buy", "size": "6164.50000000", "price": "0.19898000", "time": "2025-07-13T12:01:23.054524Z", "fetched_at": "2025-07-13T12:10:52.640737+00:00", "symbol": "DOGE-USD"}, {"trade_id": 138804859, "side": "buy", "size": "5000.00000000", "price": "0.19899000", "time": "2025-07-13T12:01:23.054524Z", "fetched_at": "2025-07-13T12:10:52.640737+00:00", "symbol": "DOGE-USD"}, {"trade_id": 138804858, "side": "buy", "size": "10000.00000000", "price": "0.19899000", "time": "2025-07-13T12:01:23.054524Z", "fetched_at": "2025-07-13T12:10:52.640737+00:00", "symbol": "DOGE-USD"}, {"trade_id": 138804857, "side": "buy", "size": "6158.00000000", "price": "0.19899000", "time": "2025-07-13T12:01:23.054524Z", "fetched_at": "2025-07-13T12:10:52.640737+00:00", "symbol": "DOGE-USD"}, {"trade_id": 138804856, "side": "buy", "size": "769.50000000", "price": "0.19899000", "time": "2025-07-13T12:01:23.054524Z", "fetched_at": "2025-07-13T12:10:52.640737+00:00", "symbol": "DOGE-USD"}, {"trade_id": 138804855, "side": "buy", "size": "2500.00000000", "price": "0.19900000", "time": "2025-07-13T12:01:23.054524Z", "fetched_at": "2025-07-13T12:10:52.640737+00:00", "symbol": "DOGE-USD"}, {"trade_id": 138804854, "side": "buy", "size": "2000.00000000", "price": "0.19900000", "time": "2025-07-13T12:01:23.054524Z", "fetched_at": "2025-07-13T12:10:52.640737+00:00", "symbol": "DOGE-USD"}, {"trade_id": 138804853, "side": "buy", "size": "5.60000000", "price": "0.19900000", "time": "2025-07-13T12:01:23.054524Z", "fetched_at": "2025-07-13T12:10:52.640737+00:00", "symbol": "DOGE-USD"}, {"trade_id": 138804852, "side": "buy", "size": "6158.00000000", "price": "0.19900000", "time": "2025-07-13T12:01:23.054524Z", "fetched_at": "2025-07-13T12:10:52.640737+00:00", "symbol": "DOGE-USD"}, {"trade_id": 138804851, "side": "buy", "size": "6158.00000000", "price": "0.19901000", "time": "2025-07-13T12:01:23.054524Z", "fetched_at": "2025-07-13T12:10:52.640737+00:00", "symbol": "DOGE-USD"}, {"trade_id": 138804850, "side": "buy", "size": "1528.40000000", "price": "0.19902000", "time": "2025-07-13T12:01:23.054524Z", "fetched_at": "2025-07-13T12:10:52.640737+00:00", "symbol": "DOGE-USD"}, {"trade_id": 138804849, "side": "buy", "size": "769.50000000", "price": "0.19902000", "time": "2025-07-13T12:01:23.054524Z", "fetched_at": "2025-07-13T12:10:52.640737+00:00", "symbol": "DOGE-USD"}, {"trade_id": 138804848, "side": "buy", "size": "6150.60000000", "price": "0.19902000", "time": "2025-07-13T12:01:23.054524Z", "fetched_at": "2025-07-13T12:10:52.640737+00:00", "symbol": "DOGE-USD"}, {"trade_id": 138804847, "side": "buy", "size": "5.60000000", "price": "0.19902000", "time": "2025-07-13T12:01:23.054524Z", "fetched_at": "2025-07-13T12:10:52.640737+00:00", "symbol": "DOGE-USD"}, {"trade_id": 138804846, "side": "buy", "size": "10000.00000000", "price": "0.19903000", "time": "2025-07-13T12:01:23.054524Z", "fetched_at": "2025-07-13T12:10:52.640737+00:00", "symbol": "DOGE-USD"}, {"trade_id": 138804845, "side": "buy", "size": "17877.40000000", "price": "0.19903000", "time": "2025-07-13T12:01:23.054524Z", "fetched_at": "2025-07-13T12:10:52.640737+00:00", "symbol": "DOGE-USD"}, {"trade_id": 138804844, "side": "buy", "size": "6161.80000000", "price": "0.19903000", "time": "2025-07-13T12:01:23.054524Z", "fetched_at": "2025-07-13T12:10:52.640737+00:00", "symbol": "DOGE-USD"}, {"trade_id": 138804843, "side": "buy", "size": "1886.60000000", "price": "0.19904000", "time": "2025-07-13T12:01:23.054524Z", "fetched_at": "2025-07-13T12:10:52.640737+00:00", "symbol": "DOGE-USD"}, {"trade_id": 138804842, "side": "buy", "size": "6135.80000000", "price": "0.19904000", "time": "2025-07-13T12:01:23.054524Z", "fetched_at": "2025-07-13T12:10:52.640737+00:00", "symbol": "DOGE-USD"}, {"trade_id": 138804841, "side": "buy", "size": "1350.50000000", "price": "0.19904000", "time": "2025-07-13T12:01:23.054524Z", "fetched_at": "2025-07-13T12:10:52.640737+00:00", "symbol": "DOGE-USD"}, {"trade_id": 138804840, "side": "buy", "size": "5.60000000", "price": "0.19904000", "time": "2025-07-13T12:01:23.054524Z", "fetched_at": "2025-07-13T12:10:52.640737+00:00", "symbol": "DOGE-USD"}, {"trade_id": 138804839, "side": "buy", "size": "6131.10000000", "price": "0.19905000", "time": "2025-07-13T12:01:23.054524Z", "fetched_at": "2025-07-13T12:10:52.640737+00:00", "symbol": "DOGE-USD"}, {"trade_id": 138804838, "side": "buy", "size": "6131.10000000", "price": "0.19906000", "time": "2025-07-13T12:01:23.054524Z", "fetched_at": "2025-07-13T12:10:52.640737+00:00", "symbol": "DOGE-USD"}, {"trade_id": 138804837, "side": "buy", "size": "3870.10000000", "price": "0.19906000", "time": "2025-07-13T12:01:23.054524Z", "fetched_at": "2025-07-13T12:10:52.640737+00:00", "symbol": "DOGE-USD"}, {"trade_id": 138804836, "side": "buy", "size": "3887.80000000", "price": "0.19906000", "time": "2025-07-13T12:01:23.054524Z", "fetched_at": "2025-07-13T12:10:52.640737+00:00", "symbol": "DOGE-USD"}, {"trade_id": 138804835, "side": "buy", "size": "1330.90000000", "price": "0.19906000", "time": "2025-07-13T12:01:23.054524Z", "fetched_at": "2025-07-13T12:10:52.640737+00:00", "symbol": "DOGE-USD"}, {"trade_id": 138804834, "side": "buy", "size": "5.60000000", "price": "0.19906000", "time": "2025-07-13T12:01:23.054524Z", "fetched_at": "2025-07-13T12:10:52.640737+00:00", "symbol": "DOGE-USD"}, {"trade_id": 138804833, "side": "buy", "size": "1327.50000000", "price": "0.19908000", "time": "2025-07-13T12:01:23.054524Z", "fetched_at": "2025-07-13T12:10:52.640737+00:00", "symbol": "DOGE-USD"}, {"trade_id": 138804832, "side": "buy", "size": "1200.00000000", "price": "0.19908000", "time": "2025-07-13T12:01:23.054524Z", "fetched_at": "2025-07-13T12:10:52.640737+00:00", "symbol": "DOGE-USD"}, {"trade_id": 138804831, "side": "buy", "size": "55.30000000", "price": "0.19909000", "time": "2025-07-13T12:01:23.054524Z", "fetched_at": "2025-07-13T12:10:52.640737+00:00", "symbol": "DOGE-USD"}, {"trade_id": 138804830, "side": "sell", "size": "36.90000000", "price": "0.19910000", "time": "2025-07-13T12:01:21.833895Z", "fetched_at": "2025-07-13T12:10:52.640737+00:00", "symbol": "DOGE-USD"}, {"trade_id": 138804829, "side": "sell", "size": "1181.90000000", "price": "0.19910000", "time": "2025-07-13T12:01:21.833895Z", "fetched_at": "2025-07-13T12:10:52.640737+00:00", "symbol": "DOGE-USD"}, {"trade_id": 138804828, "side": "sell", "size": "95.70000000", "price": "0.19911000", "time": "2025-07-13T12:01:19.766241Z", "fetched_at": "2025-07-13T12:10:52.640737+00:00", "symbol": "DOGE-USD"}, {"trade_id": 138804827, "side": "sell", "size": "53.40000000", "price": "0.19910000", "time": "2025-07-13T12:01:19.766241Z", "fetched_at": "2025-07-13T12:10:52.640737+00:00", "symbol": "DOGE-USD"}, {"trade_id": 138804826, "side": "sell", "size": "5.60000000", "price": "0.19910000", "time": "2025-07-13T12:01:13.795193Z", "fetched_at": "2025-07-13T12:10:52.640737+00:00", "symbol": "DOGE-USD"}, {"trade_id": 138804825, "side": "sell", "size": "4.30000000", "price": "0.19909000", "time": "2025-07-13T12:01:07.335764Z", "fetched_at": "2025-07-13T12:10:52.640737+00:00", "symbol": "DOGE-USD"}, {"trade_id": 138804824, "side": "sell", "size": "5.60000000", "price": "0.19908000", "time": "2025-07-13T12:01:07.335764Z", "fetched_at": "2025-07-13T12:10:52.640737+00:00", "symbol": "DOGE-USD"}, {"trade_id": 138804823, "side": "sell", "size": "5.60000000", "price": "0.19906000", "time": "2025-07-13T12:01:04.942851Z", "fetched_at": "2025-07-13T12:10:52.640737+00:00", "symbol": "DOGE-USD"}, {"trade_id": 138804822, "side": "sell", "size": "5.60000000", "price": "0.19904000", "time": "2025-07-13T12:01:04.061500Z", "fetched_at": "2025-07-13T12:10:52.640737+00:00", "symbol": "DOGE-USD"}, {"trade_id": 138804821, "side": "sell", "size": "5.60000000", "price": "0.19902000", "time": "2025-07-13T12:01:03.898303Z", "fetched_at": "2025-07-13T12:10:52.640737+00:00", "symbol": "DOGE-USD"}, {"trade_id": 138804820, "side": "sell", "size": "5.60000000", "price": "0.19900000", "time": "2025-07-13T12:01:00.374841Z", "fetched_at": "2025-07-13T12:10:52.640737+00:00", "symbol": "DOGE-USD"}, {"trade_id": 138804819, "side": "sell", "size": "5.60000000", "price": "0.19898000", "time": "2025-07-13T12:00:57.709087Z", "fetched_at": "2025-07-13T12:10:52.640737+00:00", "symbol": "DOGE-USD"}, {"trade_id": 138804818, "side": "buy", "size": "235.90000000", "price": "0.19897000", "time": "2025-07-13T12:00:57.682435Z", "fetched_at": "2025-07-13T12:10:52.640737+00:00", "symbol": "DOGE-USD"}, {"trade_id": 138804817, "side": "sell", "size": "5.60000000", "price": "0.19896000", "time": "2025-07-13T12:00:56.803584Z", "fetched_at": "2025-07-13T12:10:52.640737+00:00", "symbol": "DOGE-USD"}, {"trade_id": 138804816, "side": "sell", "size": "17899.30000000", "price": "0.19895000", "time": "2025-07-13T12:00:56.789281Z", "fetched_at": "2025-07-13T12:10:52.640737+00:00", "symbol": "DOGE-USD"}, {"trade_id": 138804815, "side": "sell", "size": "258.40000000", "price": "0.19895000", "time": "2025-07-13T12:00:56.789281Z", "fetched_at": "2025-07-13T12:10:52.640737+00:00", "symbol": "DOGE-USD"}, {"trade_id": 138804814, "side": "sell", "size": "5.60000000", "price": "0.19894000", "time": "2025-07-13T12:00:56.789281Z", "fetched_at": "2025-07-13T12:10:52.640737+00:00", "symbol": "DOGE-USD"}, {"trade_id": 138804813, "side": "sell", "size": "5.60000000", "price": "0.19892000", "time": "2025-07-13T12:00:56.748910Z", "fetched_at": "2025-07-13T12:10:52.640737+00:00", "symbol": "DOGE-USD"}, {"trade_id": 138804812, "side": "sell", "size": "47.30000000", "price": "0.19888000", "time": "2025-07-13T12:00:53.646327Z", "fetched_at": "2025-07-13T12:10:52.640737+00:00", "symbol": "DOGE-USD"}, {"trade_id": 138804811, "side": "sell", "size": "5.60000000", "price": "0.19888000", "time": "2025-07-13T12:00:53.646327Z", "fetched_at": "2025-07-13T12:10:52.640737+00:00", "symbol": "DOGE-USD"}, {"trade_id": 138804810, "side": "sell", "size": "467.00000000", "price": "0.19883000", "time": "2025-07-13T12:00:51.026976Z", "fetched_at": "2025-07-13T12:10:52.640737+00:00", "symbol": "DOGE-USD"}, {"trade_id": 138804809, "side": "buy", "size": "5.60000000", "price": "0.19880000", "time": "2025-07-13T12:00:44.189860Z", "fetched_at": "2025-07-13T12:10:52.640737+00:00", "symbol": "DOGE-USD"}, {"trade_id": 138804808, "side": "sell", "size": "465.40000000", "price": "0.19883000", "time": "2025-07-13T12:00:37.736458Z", "fetched_at": "2025-07-13T12:10:52.640737+00:00", "symbol": "DOGE-USD"}, {"trade_id": 138804807, "side": "sell", "size": "32.40000000", "price": "0.19882000", "time": "2025-07-13T12:00:37.736458Z", "fetched_at": "2025-07-13T12:10:52.640737+00:00", "symbol": "DOGE-USD"}, {"trade_id": 138804806, "side": "buy", "size": "31.20000000", "price": "0.19881000", "time": "2025-07-13T12:00:36.365669Z", "fetched_at": "2025-07-13T12:10:52.640737+00:00", "symbol": "DOGE-USD"}, {"trade_id": 138804805, "side": "buy", "size": "5.60000000", "price": "0.19882000", "time": "2025-07-13T12:00:36.365669Z", "fetched_at": "2025-07-13T12:10:52.640737+00:00", "symbol": "DOGE-USD"}, {"trade_id": 138804804, "side": "buy", "size": "5.60000000", "price": "0.19884000", "time": "2025-07-13T12:00:33.480492Z", "fetched_at": "2025-07-13T12:10:52.640737+00:00", "symbol": "DOGE-USD"}, {"trade_id": 138804803, "side": "buy", "size": "5.60000000", "price": "0.19886000", "time": "2025-07-13T12:00:32.597362Z", "fetched_at": "2025-07-13T12:10:52.640737+00:00", "symbol": "DOGE-USD"}, {"trade_id": 138804802, "side": "buy", "size": "5.60000000", "price": "0.19888000", "time": "2025-07-13T12:00:31.725021Z", "fetched_at": "2025-07-13T12:10:52.640737+00:00", "symbol": "DOGE-USD"}, {"trade_id": 138804801, "side": "buy", "size": "5.60000000", "price": "0.19890000", "time": "2025-07-13T12:00:27.139346Z", "fetched_at": "2025-07-13T12:10:52.640737+00:00", "symbol": "DOGE-USD"}, {"trade_id": 138804800, "side": "buy", "size": "150.90000000", "price": "0.19890000", "time": "2025-07-13T12:00:27.139346Z", "fetched_at": "2025-07-13T12:10:52.640737+00:00", "symbol": "DOGE-USD"}, {"trade_id": 138804799, "side": "sell", "size": "112.40000000", "price": "0.19894000", "time": "2025-07-13T12:00:21.372249Z", "fetched_at": "2025-07-13T12:10:52.640737+00:00", "symbol": "DOGE-USD"}, {"trade_id": 138804798, "side": "sell", "size": "49.70000000", "price": "0.19895000", "time": "2025-07-13T12:00:20.471983Z", "fetched_at": "2025-07-13T12:10:52.640737+00:00", "symbol": "DOGE-USD"}, {"trade_id": 138804797, "side": "sell", "size": "995.70000000", "price": "0.19894000", "time": "2025-07-13T12:00:18.264768Z", "fetched_at": "2025-07-13T12:10:52.640737+00:00", "symbol": "DOGE-USD"}, {"trade_id": 138804796, "side": "sell", "size": "5.60000000", "price": "0.19894000", "time": "2025-07-13T12:00:18.264768Z", "fetched_at": "2025-07-13T12:10:52.640737+00:00", "symbol": "DOGE-USD"}, {"trade_id": 138804795, "side": "sell", "size": "124.60000000", "price": "0.19889000", "time": "2025-07-13T12:00:14.531743Z", "fetched_at": "2025-07-13T12:10:52.640737+00:00", "symbol": "DOGE-USD"}, {"trade_id": 138804794, "side": "sell", "size": "262.00000000", "price": "0.19889000", "time": "2025-07-13T12:00:14.531743Z", "fetched_at": "2025-07-13T12:10:52.640737+00:00", "symbol": "DOGE-USD"}, {"trade_id": 138804793, "side": "sell", "size": "189.30000000", "price": "0.19889000", "time": "2025-07-13T12:00:14.531743Z", "fetched_at": "2025-07-13T12:10:52.640737+00:00", "symbol": "DOGE-USD"}, {"trade_id": 138804792, "side": "buy", "size": "5.60000000", "price": "0.19890000", "time": "2025-07-13T12:00:14.330782Z", "fetched_at": "2025-07-13T12:10:52.640737+00:00", "symbol": "DOGE-USD"}, {"trade_id": 138804791, "side": "sell", "size": "491.40000000", "price": "0.19891000", "time": "2025-07-13T12:00:09.604201Z", "fetched_at": "2025-07-13T12:10:52.640737+00:00", "symbol": "DOGE-USD"}, {"trade_id": 138804790, "side": "buy", "size": "5.60000000", "price": "0.19892000", "time": "2025-07-13T12:00:05.574358Z", "fetched_at": "2025-07-13T12:10:52.640737+00:00", "symbol": "DOGE-USD"}, {"trade_id": 138804789, "side": "buy", "size": "5.60000000", "price": "0.19893000", "time": "2025-07-13T12:00:05.386194Z", "fetched_at": "2025-07-13T12:10:52.640737+00:00", "symbol": "DOGE-USD"}, {"trade_id": 138804788, "side": "buy", "size": "1193.10000000", "price": "0.19893000", "time": "2025-07-13T12:00:04.085791Z", "fetched_at": "2025-07-13T12:10:52.640737+00:00", "symbol": "DOGE-USD"}, {"trade_id": 138804787, "side": "buy", "size": "5.60000000", "price": "0.19894000", "time": "2025-07-13T12:00:04.085791Z", "fetched_at": "2025-07-13T12:10:52.640737+00:00", "symbol": "DOGE-USD"}, {"trade_id": 138804786, "side": "buy", "size": "5.60000000", "price": "0.19896000", "time": "2025-07-13T12:00:03.542715Z", "fetched_at": "2025-07-13T12:10:52.640737+00:00", "symbol": "DOGE-USD"}, {"trade_id": 138804785, "side": "buy", "size": "5.60000000", "price": "0.19898000", "time": "2025-07-13T12:00:03.512922Z", "fetched_at": "2025-07-13T12:10:52.640737+00:00", "symbol": "DOGE-USD"}, {"trade_id": 138804784, "side": "sell", "size": "493.40000000", "price": "0.19899000", "time": "2025-07-13T12:00:03.089711Z", "fetched_at": "2025-07-13T12:10:52.640737+00:00", "symbol": "DOGE-USD"}, {"trade_id": 138804783, "side": "sell", "size": "1227.30000000", "price": "0.19899000", "time": "2025-07-13T12:00:03.089711Z", "fetched_at": "2025-07-13T12:10:52.640737+00:00", "symbol": "DOGE-USD"}, {"trade_id": 138804782, "side": "sell", "size": "494.30000000", "price": "0.19904000", "time": "2025-07-13T11:59:53.231259Z", "fetched_at": "2025-07-13T12:10:52.640737+00:00", "symbol": "DOGE-USD"}, {"trade_id": 138804781, "side": "sell", "size": "3.20000000", "price": "0.19904000", "time": "2025-07-13T11:59:53.231259Z", "fetched_at": "2025-07-13T12:10:52.640737+00:00", "symbol": "DOGE-USD"}, {"trade_id": 138804780, "side": "sell", "size": "2.40000000", "price": "0.19904000", "time": "2025-07-13T11:59:53.152228Z", "fetched_at": "2025-07-13T12:10:52.640737+00:00", "symbol": "DOGE-USD"}, {"trade_id": 138804779, "side": "sell", "size": "40.90000000", "price": "0.19903000", "time": "2025-07-13T11:59:53.152228Z", "fetched_at": "2025-07-13T12:10:52.640737+00:00", "symbol": "DOGE-USD"}, {"trade_id": 138804778, "side": "sell", "size": "5.60000000", "price": "0.19902000", "time": "2025-07-13T11:59:53.152228Z", "fetched_at": "2025-07-13T12:10:52.640737+00:00", "symbol": "DOGE-USD"}, {"trade_id": 138804777, "side": "buy", "size": "445.30000000", "price": "0.19894000", "time": "2025-07-13T11:59:41.340571Z", "fetched_at": "2025-07-13T12:10:52.640737+00:00", "symbol": "DOGE-USD"}, {"trade_id": 138804776, "side": "buy", "size": "5.60000000", "price": "0.19894000", "time": "2025-07-13T11:59:41.340571Z", "fetched_at": "2025-07-13T12:10:52.640737+00:00", "symbol": "DOGE-USD"}, {"trade_id": 138804775, "side": "buy", "size": "5.60000000", "price": "0.19896000", "time": "2025-07-13T11:59:41.340571Z", "fetched_at": "2025-07-13T12:10:52.640737+00:00", "symbol": "DOGE-USD"}, {"trade_id": 138804774, "side": "buy", "size": "5.60000000", "price": "0.19898000", "time": "2025-07-13T11:59:41.340571Z", "fetched_at": "2025-07-13T12:10:52.640737+00:00", "symbol": "DOGE-USD"}, {"trade_id": 138804773, "side": "sell", "size": "769.50000000", "price": "0.19900000", "time": "2025-07-13T11:59:40.526742Z", "fetched_at": "2025-07-13T12:10:52.640737+00:00", "symbol": "DOGE-USD"}, {"trade_id": 138804772, "side": "buy", "size": "772.90000000", "price": "0.19899000", "time": "2025-07-13T11:59:39.818404Z", "fetched_at": "2025-07-13T12:10:52.640737+00:00", "symbol": "DOGE-USD"}, {"trade_id": 138804771, "side": "buy", "size": "5.60000000", "price": "0.19900000", "time": "2025-07-13T11:59:39.818404Z", "fetched_at": "2025-07-13T12:10:52.640737+00:00", "symbol": "DOGE-USD"}, {"trade_id": 138804770, "side": "buy", "size": "129.50000000", "price": "0.19902000", "time": "2025-07-13T11:59:38.399266Z", "fetched_at": "2025-07-13T12:10:52.640737+00:00", "symbol": "DOGE-USD"}, {"trade_id": 138804769, "side": "buy", "size": "5.60000000", "price": "0.19902000", "time": "2025-07-13T11:59:38.399266Z", "fetched_at": "2025-07-13T12:10:52.640737+00:00", "symbol": "DOGE-USD"}, {"trade_id": 138804768, "side": "buy", "size": "5.60000000", "price": "0.19904000", "time": "2025-07-13T11:59:38.399266Z", "fetched_at": "2025-07-13T12:10:52.640737+00:00", "symbol": "DOGE-USD"}, {"trade_id": 138804767, "side": "buy", "size": "17908.70000000", "price": "0.19907000", "time": "2025-07-13T11:59:33.863464Z", "fetched_at": "2025-07-13T12:10:52.640737+00:00", "symbol": "DOGE-USD"}, {"trade_id": 138804766, "side": "sell", "size": "5000.00000000", "price": "0.19909000", "time": "2025-07-13T11:59:31.111691Z", "fetched_at": "2025-07-13T12:10:52.640737+00:00", "symbol": "DOGE-USD"}, {"trade_id": 138804765, "side": "sell", "size": "2500.00000000", "price": "0.19909000", "time": "2025-07-13T11:59:31.111691Z", "fetched_at": "2025-07-13T12:10:52.640737+00:00", "symbol": "DOGE-USD"}, {"trade_id": 138804764, "side": "sell", "size": "769.50000000", "price": "0.19909000", "time": "2025-07-13T11:59:31.111691Z", "fetched_at": "2025-07-13T12:10:52.640737+00:00", "symbol": "DOGE-USD"}, {"trade_id": 138804763, "side": "sell", "size": "102.00000000", "price": "0.19909000", "time": "2025-07-13T11:59:31.111691Z", "fetched_at": "2025-07-13T12:10:52.640737+00:00", "symbol": "DOGE-USD"}, {"trade_id": 138804762, "side": "sell", "size": "19.90000000", "price": "0.19906000", "time": "2025-07-13T11:59:31.111691Z", "fetched_at": "2025-07-13T12:10:52.640737+00:00", "symbol": "DOGE-USD"}, {"trade_id": 138804761, "side": "sell", "size": "5000.00000000", "price": "0.19905000", "time": "2025-07-13T11:59:30.930306Z", "fetched_at": "2025-07-13T12:10:52.640737+00:00", "symbol": "DOGE-USD"}, {"trade_id": 138804760, "side": "sell", "size": "10000.00000000", "price": "0.19905000", "time": "2025-07-13T11:59:30.930306Z", "fetched_at": "2025-07-13T12:10:52.640737+00:00", "symbol": "DOGE-USD"}, {"trade_id": 138804759, "side": "sell", "size": "976.40000000", "price": "0.19904000", "time": "2025-07-13T11:59:30.545982Z", "fetched_at": "2025-07-13T12:10:52.640737+00:00", "symbol": "DOGE-USD"}, {"trade_id": 138804758, "side": "buy", "size": "405.90000000", "price": "0.19901000", "time": "2025-07-13T11:59:26.810356Z", "fetched_at": "2025-07-13T12:10:52.640737+00:00", "symbol": "DOGE-USD"}, {"trade_id": 138804757, "side": "buy", "size": "28.30000000", "price": "0.19902000", "time": "2025-07-13T11:59:26.810356Z", "fetched_at": "2025-07-13T12:10:52.640737+00:00", "symbol": "DOGE-USD"}, {"trade_id": 138804756, "side": "buy", "size": "251.10000000", "price": "0.19905000", "time": "2025-07-13T11:59:23.957505Z", "fetched_at": "2025-07-13T12:10:52.640737+00:00", "symbol": "DOGE-USD"}, {"trade_id": 138804755, "side": "sell", "size": "2333.70000000", "price": "0.19913000", "time": "2025-07-13T11:59:16.741765Z", "fetched_at": "2025-07-13T12:10:52.640737+00:00", "symbol": "DOGE-USD"}, {"trade_id": 138804754, "side": "sell", "size": "5.60000000", "price": "0.19912000", "time": "2025-07-13T11:59:16.741765Z", "fetched_at": "2025-07-13T12:10:52.640737+00:00", "symbol": "DOGE-USD"}, {"trade_id": 138804753, "side": "sell", "size": "5910.70000000", "price": "0.19912000", "time": "2025-07-13T11:59:16.741765Z", "fetched_at": "2025-07-13T12:10:52.640737+00:00", "symbol": "DOGE-USD"}, {"trade_id": 138804752, "side": "sell", "size": "769.50000000", "price": "0.19911000", "time": "2025-07-13T11:59:16.741765Z", "fetched_at": "2025-07-13T12:10:52.640737+00:00", "symbol": "DOGE-USD"}, {"trade_id": 138804751, "side": "sell", "size": "5910.70000000", "price": "0.19911000", "time": "2025-07-13T11:59:16.741765Z", "fetched_at": "2025-07-13T12:10:52.640737+00:00", "symbol": "DOGE-USD"}, {"trade_id": 138804750, "side": "sell", "size": "6127.60000000", "price": "0.19910000", "time": "2025-07-13T11:59:16.741765Z", "fetched_at": "2025-07-13T12:10:52.640737+00:00", "symbol": "DOGE-USD"}, {"trade_id": 138804749, "side": "sell", "size": "5.60000000", "price": "0.19910000", "time": "2025-07-13T11:59:16.741765Z", "fetched_at": "2025-07-13T12:10:52.640737+00:00", "symbol": "DOGE-USD"}, {"trade_id": 138804748, "side": "sell", "size": "1348.10000000", "price": "0.19909000", "time": "2025-07-13T11:59:16.741765Z", "fetched_at": "2025-07-13T12:10:52.640737+00:00", "symbol": "DOGE-USD"}, {"trade_id": 138804747, "side": "sell", "size": "10000.00000000", "price": "0.19909000", "time": "2025-07-13T11:59:16.741765Z", "fetched_at": "2025-07-13T12:10:52.640737+00:00", "symbol": "DOGE-USD"}, {"trade_id": 138804746, "side": "sell", "size": "4041.20000000", "price": "0.19909000", "time": "2025-07-13T11:59:16.741765Z", "fetched_at": "2025-07-13T12:10:52.640737+00:00", "symbol": "DOGE-USD"}, {"trade_id": 138804745, "side": "sell", "size": "2500.00000000", "price": "0.19909000", "time": "2025-07-13T11:59:16.741765Z", "fetched_at": "2025-07-13T12:10:52.640737+00:00", "symbol": "DOGE-USD"}, {"trade_id": 138804744, "side": "sell", "size": "6131.90000000", "price": "0.19909000", "time": "2025-07-13T11:59:16.741765Z", "fetched_at": "2025-07-13T12:10:52.640737+00:00", "symbol": "DOGE-USD"}, {"trade_id": 138804743, "side": "sell", "size": "2500.00000000", "price": "0.19909000", "time": "2025-07-13T11:59:16.741765Z", "fetched_at": "2025-07-13T12:10:52.640737+00:00", "symbol": "DOGE-USD"}, {"trade_id": 138804742, "side": "sell", "size": "769.50000000", "price": "0.19909000", "time": "2025-07-13T11:59:16.741765Z", "fetched_at": "2025-07-13T12:10:52.640737+00:00", "symbol": "DOGE-USD"}, {"trade_id": 138804741, "side": "sell", "size": "1891.60000000", "price": "0.19908000", "time": "2025-07-13T11:59:16.741765Z", "fetched_at": "2025-07-13T12:10:52.640737+00:00", "symbol": "DOGE-USD"}, {"trade_id": 138804740, "side": "sell", "size": "4037.90000000", "price": "0.19908000", "time": "2025-07-13T11:59:16.741765Z", "fetched_at": "2025-07-13T12:10:52.640737+00:00", "symbol": "DOGE-USD"}, {"trade_id": 138804739, "side": "sell", "size": "5000.00000000", "price": "0.19908000", "time": "2025-07-13T11:59:16.741765Z", "fetched_at": "2025-07-13T12:10:52.640737+00:00", "symbol": "DOGE-USD"}, {"trade_id": 138804738, "side": "sell", "size": "6141.80000000", "price": "0.19908000", "time": "2025-07-13T11:59:16.741765Z", "fetched_at": "2025-07-13T12:10:52.640737+00:00", "symbol": "DOGE-USD"}, {"trade_id": 138804737, "side": "sell", "size": "5.60000000", "price": "0.19908000", "time": "2025-07-13T11:59:16.741765Z", "fetched_at": "2025-07-13T12:10:52.640737+00:00", "symbol": "DOGE-USD"}, {"trade_id": 138804736, "side": "sell", "size": "1311.50000000", "price": "0.19907000", "time": "2025-07-13T11:59:16.741765Z", "fetched_at": "2025-07-13T12:10:52.640737+00:00", "symbol": "DOGE-USD"}, {"trade_id": 138804735, "side": "sell", "size": "1329.10000000", "price": "0.19907000", "time": "2025-07-13T11:59:16.741765Z", "fetched_at": "2025-07-13T12:10:52.640737+00:00", "symbol": "DOGE-USD"}, {"trade_id": 138804734, "side": "sell", "size": "1235.20000000", "price": "0.19906000", "time": "2025-07-13T11:59:16.741765Z", "fetched_at": "2025-07-13T12:10:52.640737+00:00", "symbol": "DOGE-USD"}, {"trade_id": 138804733, "side": "sell", "size": "32.20000000", "price": "0.19906000", "time": "2025-07-13T11:59:16.741765Z", "fetched_at": "2025-07-13T12:10:52.640737+00:00", "symbol": "DOGE-USD"}, {"trade_id": 138804732, "side": "sell", "size": "430.00000000", "price": "0.19906000", "time": "2025-07-13T11:59:16.741765Z", "fetched_at": "2025-07-13T12:10:52.640737+00:00", "symbol": "DOGE-USD"}, {"trade_id": 138804731, "side": "sell", "size": "5.60000000", "price": "0.19906000", "time": "2025-07-13T11:59:16.741765Z", "fetched_at": "2025-07-13T12:10:52.640737+00:00", "symbol": "DOGE-USD"}, {"trade_id": 138804730, "side": "sell", "size": "108.00000000", "price": "0.19904000", "time": "2025-07-13T11:59:13.622190Z", "fetched_at": "2025-07-13T12:10:52.640737+00:00", "symbol": "DOGE-USD"}, {"trade_id": 138804729, "side": "sell", "size": "5.60000000", "price": "0.19904000", "time": "2025-07-13T11:59:13.622190Z", "fetched_at": "2025-07-13T12:10:52.640737+00:00", "symbol": "DOGE-USD"}, {"trade_id": 138804728, "side": "sell", "size": "5.60000000", "price": "0.19902000", "time": "2025-07-13T11:59:13.622190Z", "fetched_at": "2025-07-13T12:10:52.640737+00:00", "symbol": "DOGE-USD"}, {"trade_id": 138804727, "side": "sell", "size": "52.50000000", "price": "0.19900000", "time": "2025-07-13T11:59:02.777394Z", "fetched_at": "2025-07-13T12:10:52.640737+00:00", "symbol": "DOGE-USD"}, {"trade_id": 138804726, "side": "sell", "size": "5.60000000", "price": "0.19900000", "time": "2025-07-13T11:59:02.777394Z", "fetched_at": "2025-07-13T12:10:52.640737+00:00", "symbol": "DOGE-USD"}, {"trade_id": 138804725, "side": "sell", "size": "566.20000000", "price": "0.19899000", "time": "2025-07-13T11:59:02.769382Z", "fetched_at": "2025-07-13T12:10:52.640737+00:00", "symbol": "DOGE-USD"}, {"trade_id": 138804724, "side": "sell", "size": "12.40000000", "price": "0.19899000", "time": "2025-07-13T11:59:02.769382Z", "fetched_at": "2025-07-13T12:10:52.640737+00:00", "symbol": "DOGE-USD"}, {"trade_id": 138804723, "side": "sell", "size": "5.60000000", "price": "0.19898000", "time": "2025-07-13T11:59:02.755434Z", "fetched_at": "2025-07-13T12:10:52.640737+00:00", "symbol": "DOGE-USD"}, {"trade_id": 138804722, "side": "sell", "size": "137.80000000", "price": "0.19898000", "time": "2025-07-13T11:59:02.755434Z", "fetched_at": "2025-07-13T12:10:52.640737+00:00", "symbol": "DOGE-USD"}, {"trade_id": 138804721, "side": "sell", "size": "107.80000000", "price": "0.19897000", "time": "2025-07-13T11:59:02.715533Z", "fetched_at": "2025-07-13T12:10:52.640737+00:00", "symbol": "DOGE-USD"}, {"trade_id": 138804720, "side": "sell", "size": "42.40000000", "price": "0.19896000", "time": "2025-07-13T11:59:02.711890Z", "fetched_at": "2025-07-13T12:10:52.640737+00:00", "symbol": "DOGE-USD"}, {"trade_id": 138804719, "side": "sell", "size": "5.60000000", "price": "0.19896000", "time": "2025-07-13T11:59:02.711890Z", "fetched_at": "2025-07-13T12:10:52.640737+00:00", "symbol": "DOGE-USD"}, {"trade_id": 138804718, "side": "sell", "size": "158.10000000", "price": "0.19895000", "time": "2025-07-13T11:58:56.945417Z", "fetched_at": "2025-07-13T12:10:52.640737+00:00", "symbol": "DOGE-USD"}, {"trade_id": 138804717, "side": "sell", "size": "5.60000000", "price": "0.19894000", "time": "2025-07-13T11:58:56.923325Z", "fetched_at": "2025-07-13T12:10:52.640737+00:00", "symbol": "DOGE-USD"}, {"trade_id": 138804716, "side": "sell", "size": "32.30000000", "price": "0.19894000", "time": "2025-07-13T11:58:56.923325Z", "fetched_at": "2025-07-13T12:10:52.640737+00:00", "symbol": "DOGE-USD"}, {"trade_id": 138804715, "side": "sell", "size": "82.50000000", "price": "0.19893000", "time": "2025-07-13T11:58:56.912892Z", "fetched_at": "2025-07-13T12:10:52.640737+00:00", "symbol": "DOGE-USD"}, {"trade_id": 138804714, "side": "sell", "size": "92.90000000", "price": "0.19892000", "time": "2025-07-13T11:58:53.447273Z", "fetched_at": "2025-07-13T12:10:52.640737+00:00", "symbol": "DOGE-USD"}, {"trade_id": 138804713, "side": "sell", "size": "5.60000000", "price": "0.19892000", "time": "2025-07-13T11:58:53.447273Z", "fetched_at": "2025-07-13T12:10:52.640737+00:00", "symbol": "DOGE-USD"}, {"trade_id": 138804712, "side": "sell", "size": "434.70000000", "price": "0.19891000", "time": "2025-07-13T11:58:52.408877Z", "fetched_at": "2025-07-13T12:10:52.640737+00:00", "symbol": "DOGE-USD"}, {"trade_id": 138804711, "side": "sell", "size": "1387.20000000", "price": "0.19890000", "time": "2025-07-13T11:58:52.408877Z", "fetched_at": "2025-07-13T12:10:52.640737+00:00", "symbol": "DOGE-USD"}, {"trade_id": 138804710, "side": "sell", "size": "769.50000000", "price": "0.19890000", "time": "2025-07-13T11:58:47.839311Z", "fetched_at": "2025-07-13T12:10:52.640737+00:00", "symbol": "DOGE-USD"}, {"trade_id": 138804709, "side": "sell", "size": "5.60000000", "price": "0.19890000", "time": "2025-07-13T11:58:47.839311Z", "fetched_at": "2025-07-13T12:10:52.640737+00:00", "symbol": "DOGE-USD"}, {"trade_id": 138804708, "side": "sell", "size": "1244.60000000", "price": "0.19889000", "time": "2025-07-13T11:58:47.839311Z", "fetched_at": "2025-07-13T12:10:52.640737+00:00", "symbol": "DOGE-USD"}, {"trade_id": 138804707, "side": "sell", "size": "1887.90000000", "price": "0.19889000", "time": "2025-07-13T11:58:47.839311Z", "fetched_at": "2025-07-13T12:10:52.640737+00:00", "symbol": "DOGE-USD"}, {"trade_id": 138804706, "side": "sell", "size": "18031.60000000", "price": "0.19889000", "time": "2025-07-13T11:58:47.839311Z", "fetched_at": "2025-07-13T12:10:52.640737+00:00", "symbol": "DOGE-USD"}, {"trade_id": 138804705, "side": "sell", "size": "30.70000000", "price": "0.19888000", "time": "2025-07-13T11:58:47.839311Z", "fetched_at": "2025-07-13T12:10:52.640737+00:00", "symbol": "DOGE-USD"}, {"trade_id": 138804704, "side": "sell", "size": "5.60000000", "price": "0.19888000", "time": "2025-07-13T11:58:47.839311Z", "fetched_at": "2025-07-13T12:10:52.640737+00:00", "symbol": "DOGE-USD"}, {"trade_id": 138804703, "side": "sell", "size": "1050.00000000", "price": "0.19887000", "time": "2025-07-13T11:58:47.839311Z", "fetched_at": "2025-07-13T12:10:52.640737+00:00", "symbol": "DOGE-USD"}, {"trade_id": 138804702, "side": "sell", "size": "1176.80000000", "price": "0.19887000", "time": "2025-07-13T11:58:47.839311Z", "fetched_at": "2025-07-13T12:10:52.640737+00:00", "symbol": "DOGE-USD"}, {"trade_id": 138804701, "side": "sell", "size": "5.60000000", "price": "0.19884000", "time": "2025-07-13T11:58:45.863741Z", "fetched_at": "2025-07-13T12:10:52.640737+00:00", "symbol": "DOGE-USD"}, {"trade_id": 138804700, "side": "buy", "size": "269.80000000", "price": "0.19883000", "time": "2025-07-13T11:58:41.567761Z", "fetched_at": "2025-07-13T12:10:52.640737+00:00", "symbol": "DOGE-USD"}, {"trade_id": 138804699, "side": "sell", "size": "106.20000000", "price": "0.19880000", "time": "2025-07-13T11:58:39.133368Z", "fetched_at": "2025-07-13T12:10:52.640737+00:00", "symbol": "DOGE-USD"}, {"trade_id": 138804698, "side": "buy", "size": "2500.00000000", "price": "0.19877000", "time": "2025-07-13T11:58:37.343397Z", "fetched_at": "2025-07-13T12:10:52.640737+00:00", "symbol": "DOGE-USD"}, {"trade_id": 138804697, "side": "buy", "size": "2250.00000000", "price": "0.19877000", "time": "2025-07-13T11:58:37.343397Z", "fetched_at": "2025-07-13T12:10:52.640737+00:00", "symbol": "DOGE-USD"}, {"trade_id": 138804696, "side": "buy", "size": "5.60000000", "price": "0.19878000", "time": "2025-07-13T11:58:37.331548Z", "fetched_at": "2025-07-13T12:10:52.640737+00:00", "symbol": "DOGE-USD"}, {"trade_id": 138804695, "side": "buy", "size": "20.10000000", "price": "0.19880000", "time": "2025-07-13T11:58:37.331548Z", "fetched_at": "2025-07-13T12:10:52.640737+00:00", "symbol": "DOGE-USD"}, {"trade_id": 138804694, "side": "buy", "size": "2000.00000000", "price": "0.19883000", "time": "2025-07-13T11:58:37.331548Z", "fetched_at": "2025-07-13T12:10:52.640737+00:00", "symbol": "DOGE-USD"}, {"trade_id": 138804693, "side": "buy", "size": "9679.50000000", "price": "0.19879000", "time": "2025-07-13T11:58:37.320283Z", "fetched_at": "2025-07-13T12:10:52.640737+00:00", "symbol": "DOGE-USD"}, {"trade_id": 138804692, "side": "buy", "size": "5973.10000000", "price": "0.19879000", "time": "2025-07-13T11:58:37.320283Z", "fetched_at": "2025-07-13T12:10:52.640737+00:00", "symbol": "DOGE-USD"}, {"trade_id": 138804691, "side": "buy", "size": "320.50000000", "price": "0.19880000", "time": "2025-07-13T11:58:37.320283Z", "fetched_at": "2025-07-13T12:10:52.640737+00:00", "symbol": "DOGE-USD"}, {"trade_id": 138804690, "side": "buy", "size": "5652.60000000", "price": "0.19880000", "time": "2025-07-13T11:58:37.318852Z", "fetched_at": "2025-07-13T12:10:52.640737+00:00", "symbol": "DOGE-USD"}, {"trade_id": 138804689, "side": "buy", "size": "5.60000000", "price": "0.19880000", "time": "2025-07-13T11:58:37.318852Z", "fetched_at": "2025-07-13T12:10:52.640737+00:00", "symbol": "DOGE-USD"}, {"trade_id": 138804688, "side": "buy", "size": "320.50000000", "price": "0.19881000", "time": "2025-07-13T11:58:37.318852Z", "fetched_at": "2025-07-13T12:10:52.640737+00:00", "symbol": "DOGE-USD"}, {"trade_id": 138804687, "side": "buy", "size": "5652.60000000", "price": "0.19881000", "time": "2025-07-13T11:58:37.318748Z", "fetched_at": "2025-07-13T12:10:52.640737+00:00", "symbol": "DOGE-USD"}, {"trade_id": 138804686, "side": "buy", "size": "55.30000000", "price": "0.19882000", "time": "2025-07-13T11:58:37.318748Z", "fetched_at": "2025-07-13T12:10:52.640737+00:00", "symbol": "DOGE-USD"}, {"trade_id": 138804685, "side": "buy", "size": "265.20000000", "price": "0.19886000", "time": "2025-07-13T11:58:37.318748Z", "fetched_at": "2025-07-13T12:10:52.640737+00:00", "symbol": "DOGE-USD"}, {"trade_id": 138804684, "side": "buy", "size": "1829.30000000", "price": "0.19882000", "time": "2025-07-13T11:58:37.316538Z", "fetched_at": "2025-07-13T12:10:52.640737+00:00", "symbol": "DOGE-USD"}, {"trade_id": 138804683, "side": "buy", "size": "1285.00000000", "price": "0.19882000", "time": "2025-07-13T11:58:37.316538Z", "fetched_at": "2025-07-13T12:10:52.640737+00:00", "symbol": "DOGE-USD"}, {"trade_id": 138804682, "side": "buy", "size": "5973.10000000", "price": "0.19882000", "time": "2025-07-13T11:58:37.316538Z", "fetched_at": "2025-07-13T12:10:52.640737+00:00", "symbol": "DOGE-USD"}, {"trade_id": 138804681, "side": "buy", "size": "769.50000000", "price": "0.19882000", "time": "2025-07-13T11:58:37.316538Z", "fetched_at": "2025-07-13T12:10:52.640737+00:00", "symbol": "DOGE-USD"}, {"trade_id": 138804680, "side": "buy", "size": "55.30000000", "price": "0.19883000", "time": "2025-07-13T11:58:37.316538Z", "fetched_at": "2025-07-13T12:10:52.640737+00:00", "symbol": "DOGE-USD"}, {"trade_id": 138804679, "side": "buy", "size": "5917.80000000", "price": "0.19883000", "time": "2025-07-13T11:58:37.316511Z", "fetched_at": "2025-07-13T12:10:52.640737+00:00", "symbol": "DOGE-USD"}, {"trade_id": 138804678, "side": "buy", "size": "55.30000000", "price": "0.19885000", "time": "2025-07-13T11:58:37.316511Z", "fetched_at": "2025-07-13T12:10:52.640737+00:00", "symbol": "DOGE-USD"}, {"trade_id": 138804677, "side": "sell", "size": "40.70000000", "price": "0.19889000", "time": "2025-07-13T11:58:37.062606Z", "fetched_at": "2025-07-13T12:10:52.640737+00:00", "symbol": "DOGE-USD"}