[{"trade_id": 143736333, "side": "buy", "size": "15.93625500", "price": "0.72830000", "time": "2025-07-15T16:10:47.040453Z", "fetched_at": "2025-07-15T16:10:49.972099+00:00", "symbol": "ADA-USD"}, {"trade_id": 143736332, "side": "sell", "size": "1.60000000", "price": "0.72830000", "time": "2025-07-15T16:10:40.542616Z", "fetched_at": "2025-07-15T16:10:49.972099+00:00", "symbol": "ADA-USD"}, {"trade_id": 143736331, "side": "sell", "size": "804.26696392", "price": "0.72820000", "time": "2025-07-15T16:10:40.359886Z", "fetched_at": "2025-07-15T16:10:49.972099+00:00", "symbol": "ADA-USD"}, {"trade_id": 143736330, "side": "sell", "size": "2644.21402487", "price": "0.72820000", "time": "2025-07-15T16:10:40.358249Z", "fetched_at": "2025-07-15T16:10:49.972099+00:00", "symbol": "ADA-USD"}, {"trade_id": 143736329, "side": "sell", "size": "1722.51901121", "price": "0.72820000", "time": "2025-07-15T16:10:40.357861Z", "fetched_at": "2025-07-15T16:10:49.972099+00:00", "symbol": "ADA-USD"}, {"trade_id": 143736328, "side": "buy", "size": "111.20596823", "price": "0.72800000", "time": "2025-07-15T16:10:34.806809Z", "fetched_at": "2025-07-15T16:10:49.972099+00:00", "symbol": "ADA-USD"}, {"trade_id": 143736327, "side": "buy", "size": "23.14965242", "price": "0.72810000", "time": "2025-07-15T16:10:34.806809Z", "fetched_at": "2025-07-15T16:10:49.972099+00:00", "symbol": "ADA-USD"}, {"trade_id": 143736326, "side": "buy", "size": "531.66698496", "price": "0.72810000", "time": "2025-07-15T16:10:34.806809Z", "fetched_at": "2025-07-15T16:10:49.972099+00:00", "symbol": "ADA-USD"}, {"trade_id": 143736325, "side": "buy", "size": "23.97739439", "price": "0.72810000", "time": "2025-07-15T16:10:34.806809Z", "fetched_at": "2025-07-15T16:10:49.972099+00:00", "symbol": "ADA-USD"}, {"trade_id": 143736324, "side": "sell", "size": "178.52765813", "price": "0.72810000", "time": "2025-07-15T16:10:34.408925Z", "fetched_at": "2025-07-15T16:10:49.972099+00:00", "symbol": "ADA-USD"}, {"trade_id": 143736323, "side": "sell", "size": "197.80513322", "price": "0.72810000", "time": "2025-07-15T16:10:34.408925Z", "fetched_at": "2025-07-15T16:10:49.972099+00:00", "symbol": "ADA-USD"}, {"trade_id": 143736322, "side": "sell", "size": "2808.91892952", "price": "0.72810000", "time": "2025-07-15T16:10:34.408064Z", "fetched_at": "2025-07-15T16:10:49.972099+00:00", "symbol": "ADA-USD"}, {"trade_id": 143736321, "side": "sell", "size": "2164.27593726", "price": "0.72810000", "time": "2025-07-15T16:10:34.407162Z", "fetched_at": "2025-07-15T16:10:49.972099+00:00", "symbol": "ADA-USD"}, {"trade_id": 143736320, "side": "buy", "size": "60.34685000", "price": "0.72800000", "time": "2025-07-15T16:10:33.580459Z", "fetched_at": "2025-07-15T16:10:49.972099+00:00", "symbol": "ADA-USD"}, {"trade_id": 143736319, "side": "buy", "size": "1.60000000", "price": "0.72800000", "time": "2025-07-15T16:10:33.580459Z", "fetched_at": "2025-07-15T16:10:49.972099+00:00", "symbol": "ADA-USD"}, {"trade_id": 143736318, "side": "buy", "size": "133.65797000", "price": "0.72820000", "time": "2025-07-15T16:10:32.995129Z", "fetched_at": "2025-07-15T16:10:49.972099+00:00", "symbol": "ADA-USD"}, {"trade_id": 143736317, "side": "sell", "size": "178.50502035", "price": "0.72810000", "time": "2025-07-15T16:10:31.609404Z", "fetched_at": "2025-07-15T16:10:49.972099+00:00", "symbol": "ADA-USD"}, {"trade_id": 143736316, "side": "sell", "size": "11.50694000", "price": "0.72810000", "time": "2025-07-15T16:10:31.609404Z", "fetched_at": "2025-07-15T16:10:49.972099+00:00", "symbol": "ADA-USD"}, {"trade_id": 143736315, "side": "sell", "size": "51.00306000", "price": "0.72810000", "time": "2025-07-15T16:10:31.608446Z", "fetched_at": "2025-07-15T16:10:49.972099+00:00", "symbol": "ADA-USD"}, {"trade_id": 143736314, "side": "sell", "size": "57.87386802", "price": "0.72810000", "time": "2025-07-15T16:10:27.821514Z", "fetched_at": "2025-07-15T16:10:49.972099+00:00", "symbol": "ADA-USD"}, {"trade_id": 143736313, "side": "sell", "size": "10.04599998", "price": "0.72810000", "time": "2025-07-15T16:10:27.821514Z", "fetched_at": "2025-07-15T16:10:49.972099+00:00", "symbol": "ADA-USD"}, {"trade_id": 143736312, "side": "buy", "size": "1.60000000", "price": "0.72810000", "time": "2025-07-15T16:10:25.544622Z", "fetched_at": "2025-07-15T16:10:49.972099+00:00", "symbol": "ADA-USD"}, {"trade_id": 143736311, "side": "sell", "size": "206.68015900", "price": "0.72820000", "time": "2025-07-15T16:10:25.424181Z", "fetched_at": "2025-07-15T16:10:49.972099+00:00", "symbol": "ADA-USD"}, {"trade_id": 143736310, "side": "buy", "size": "1.60000000", "price": "0.72820000", "time": "2025-07-15T16:10:24.320962Z", "fetched_at": "2025-07-15T16:10:49.972099+00:00", "symbol": "ADA-USD"}, {"trade_id": 143736309, "side": "buy", "size": "136.63733000", "price": "0.72830000", "time": "2025-07-15T16:10:22.524768Z", "fetched_at": "2025-07-15T16:10:49.972099+00:00", "symbol": "ADA-USD"}, {"trade_id": 143736308, "side": "buy", "size": "136.63733000", "price": "0.72830000", "time": "2025-07-15T16:10:22.502452Z", "fetched_at": "2025-07-15T16:10:49.972099+00:00", "symbol": "ADA-USD"}, {"trade_id": 143736307, "side": "buy", "size": "1.60000000", "price": "0.72830000", "time": "2025-07-15T16:10:22.502452Z", "fetched_at": "2025-07-15T16:10:49.972099+00:00", "symbol": "ADA-USD"}, {"trade_id": 143736306, "side": "sell", "size": "48.96801318", "price": "0.72840000", "time": "2025-07-15T16:10:22.499766Z", "fetched_at": "2025-07-15T16:10:49.972099+00:00", "symbol": "ADA-USD"}, {"trade_id": 143736305, "side": "sell", "size": "17.70212982", "price": "0.72840000", "time": "2025-07-15T16:10:22.499766Z", "fetched_at": "2025-07-15T16:10:49.972099+00:00", "symbol": "ADA-USD"}, {"trade_id": 143736304, "side": "sell", "size": "266.57369400", "price": "0.72860000", "time": "2025-07-15T16:10:21.322769Z", "fetched_at": "2025-07-15T16:10:49.972099+00:00", "symbol": "ADA-USD"}, {"trade_id": 143736303, "side": "buy", "size": "138.39041600", "price": "0.72850000", "time": "2025-07-15T16:10:21.309333Z", "fetched_at": "2025-07-15T16:10:49.972099+00:00", "symbol": "ADA-USD"}, {"trade_id": 143736302, "side": "buy", "size": "479.15608000", "price": "0.72850000", "time": "2025-07-15T16:10:21.309333Z", "fetched_at": "2025-07-15T16:10:49.972099+00:00", "symbol": "ADA-USD"}, {"trade_id": 143736301, "side": "sell", "size": "2573.44464547", "price": "0.72850000", "time": "2025-07-15T16:10:21.254228Z", "fetched_at": "2025-07-15T16:10:49.972099+00:00", "symbol": "ADA-USD"}, {"trade_id": 143736300, "side": "sell", "size": "809.02414319", "price": "0.72850000", "time": "2025-07-15T16:10:21.254228Z", "fetched_at": "2025-07-15T16:10:49.972099+00:00", "symbol": "ADA-USD"}, {"trade_id": 143736299, "side": "sell", "size": "696.88000000", "price": "0.72840000", "time": "2025-07-15T16:10:21.243663Z", "fetched_at": "2025-07-15T16:10:49.972099+00:00", "symbol": "ADA-USD"}, {"trade_id": 143736298, "side": "sell", "size": "178.38188110", "price": "0.72840000", "time": "2025-07-15T16:10:21.243663Z", "fetched_at": "2025-07-15T16:10:49.972099+00:00", "symbol": "ADA-USD"}, {"trade_id": 143736297, "side": "sell", "size": "500.00000000", "price": "0.72840000", "time": "2025-07-15T16:10:21.243663Z", "fetched_at": "2025-07-15T16:10:49.972099+00:00", "symbol": "ADA-USD"}, {"trade_id": 143736296, "side": "sell", "size": "4.00425384", "price": "0.72840000", "time": "2025-07-15T16:10:21.243663Z", "fetched_at": "2025-07-15T16:10:49.972099+00:00", "symbol": "ADA-USD"}, {"trade_id": 143736295, "side": "sell", "size": "11.32764933", "price": "0.72840000", "time": "2025-07-15T16:10:21.243663Z", "fetched_at": "2025-07-15T16:10:49.972099+00:00", "symbol": "ADA-USD"}, {"trade_id": 143736294, "side": "sell", "size": "3.14526339", "price": "0.72840000", "time": "2025-07-15T16:10:21.243663Z", "fetched_at": "2025-07-15T16:10:49.972099+00:00", "symbol": "ADA-USD"}, {"trade_id": 143736293, "side": "buy", "size": "56.70054474", "price": "0.72830000", "time": "2025-07-15T16:10:19.978547Z", "fetched_at": "2025-07-15T16:10:49.972099+00:00", "symbol": "ADA-USD"}, {"trade_id": 143736292, "side": "buy", "size": "11.14205526", "price": "0.72830000", "time": "2025-07-15T16:10:19.978547Z", "fetched_at": "2025-07-15T16:10:49.972099+00:00", "symbol": "ADA-USD"}, {"trade_id": 143736291, "side": "sell", "size": "51.00306000", "price": "0.72830000", "time": "2025-07-15T16:10:19.864Z", "fetched_at": "2025-07-15T16:10:49.972099+00:00", "symbol": "ADA-USD"}, {"trade_id": 143736290, "side": "sell", "size": "199.90068000", "price": "0.72830000", "time": "2025-07-15T16:10:19.849758Z", "fetched_at": "2025-07-15T16:10:49.972099+00:00", "symbol": "ADA-USD"}, {"trade_id": 143736289, "side": "sell", "size": "51.00294000", "price": "0.72830000", "time": "2025-07-15T16:10:19.829075Z", "fetched_at": "2025-07-15T16:10:49.972099+00:00", "symbol": "ADA-USD"}, {"trade_id": 143736288, "side": "sell", "size": "0.00006000", "price": "0.72830000", "time": "2025-07-15T16:10:19.829075Z", "fetched_at": "2025-07-15T16:10:49.972099+00:00", "symbol": "ADA-USD"}, {"trade_id": 143736287, "side": "sell", "size": "51.00300000", "price": "0.72830000", "time": "2025-07-15T16:10:19.812961Z", "fetched_at": "2025-07-15T16:10:49.972099+00:00", "symbol": "ADA-USD"}, {"trade_id": 143736286, "side": "buy", "size": "16.01551597", "price": "0.72840000", "time": "2025-07-15T16:10:19.706895Z", "fetched_at": "2025-07-15T16:10:49.972099+00:00", "symbol": "ADA-USD"}, {"trade_id": 143736285, "side": "buy", "size": "18.94608327", "price": "0.72840000", "time": "2025-07-15T16:10:19.706895Z", "fetched_at": "2025-07-15T16:10:49.972099+00:00", "symbol": "ADA-USD"}, {"trade_id": 143736284, "side": "buy", "size": "51.00306000", "price": "0.72840000", "time": "2025-07-15T16:10:19.657599Z", "fetched_at": "2025-07-15T16:10:49.972099+00:00", "symbol": "ADA-USD"}, {"trade_id": 143736283, "side": "buy", "size": "249.56140000", "price": "0.72840000", "time": "2025-07-15T16:10:19.655757Z", "fetched_at": "2025-07-15T16:10:49.972099+00:00", "symbol": "ADA-USD"}, {"trade_id": 143736282, "side": "buy", "size": "4116.63807890", "price": "0.72830000", "time": "2025-07-15T16:10:19.649945Z", "fetched_at": "2025-07-15T16:10:49.972099+00:00", "symbol": "ADA-USD"}, {"trade_id": 143736281, "side": "buy", "size": "684.41237650", "price": "0.72830000", "time": "2025-07-15T16:10:19.649945Z", "fetched_at": "2025-07-15T16:10:49.972099+00:00", "symbol": "ADA-USD"}, {"trade_id": 143736280, "side": "buy", "size": "1.60000000", "price": "0.72830000", "time": "2025-07-15T16:10:19.649945Z", "fetched_at": "2025-07-15T16:10:49.972099+00:00", "symbol": "ADA-USD"}, {"trade_id": 143736279, "side": "buy", "size": "492.86043799", "price": "0.72830000", "time": "2025-07-15T16:10:19.649945Z", "fetched_at": "2025-07-15T16:10:49.972099+00:00", "symbol": "ADA-USD"}, {"trade_id": 143736278, "side": "buy", "size": "809.02414319", "price": "0.72830000", "time": "2025-07-15T16:10:19.649945Z", "fetched_at": "2025-07-15T16:10:49.972099+00:00", "symbol": "ADA-USD"}, {"trade_id": 143736277, "side": "buy", "size": "21.35197652", "price": "0.72850000", "time": "2025-07-15T16:10:19.627026Z", "fetched_at": "2025-07-15T16:10:49.972099+00:00", "symbol": "ADA-USD"}, {"trade_id": 143736276, "side": "buy", "size": "9000.00000000", "price": "0.72840000", "time": "2025-07-15T16:10:19.606649Z", "fetched_at": "2025-07-15T16:10:49.972099+00:00", "symbol": "ADA-USD"}, {"trade_id": 143736275, "side": "buy", "size": "470.37243791", "price": "0.72840000", "time": "2025-07-15T16:10:19.606649Z", "fetched_at": "2025-07-15T16:10:49.972099+00:00", "symbol": "ADA-USD"}, {"trade_id": 143736274, "side": "buy", "size": "2526.85389395", "price": "0.72840000", "time": "2025-07-15T16:10:19.606649Z", "fetched_at": "2025-07-15T16:10:49.972099+00:00", "symbol": "ADA-USD"}, {"trade_id": 143736273, "side": "buy", "size": "2900.80260347", "price": "0.72840000", "time": "2025-07-15T16:10:19.606649Z", "fetched_at": "2025-07-15T16:10:49.972099+00:00", "symbol": "ADA-USD"}, {"trade_id": 143736272, "side": "buy", "size": "1673.02092000", "price": "0.72840000", "time": "2025-07-15T16:10:19.606649Z", "fetched_at": "2025-07-15T16:10:49.972099+00:00", "symbol": "ADA-USD"}, {"trade_id": 143736271, "side": "buy", "size": "606.71021914", "price": "0.72840000", "time": "2025-07-15T16:10:19.606649Z", "fetched_at": "2025-07-15T16:10:49.972099+00:00", "symbol": "ADA-USD"}, {"trade_id": 143736270, "side": "buy", "size": "1.60000000", "price": "0.72840000", "time": "2025-07-15T16:10:19.606649Z", "fetched_at": "2025-07-15T16:10:49.972099+00:00", "symbol": "ADA-USD"}, {"trade_id": 143736269, "side": "buy", "size": "433.99824691", "price": "0.72840000", "time": "2025-07-15T16:10:19.606649Z", "fetched_at": "2025-07-15T16:10:49.972099+00:00", "symbol": "ADA-USD"}, {"trade_id": 143736268, "side": "buy", "size": "809.02414319", "price": "0.72840000", "time": "2025-07-15T16:10:19.606649Z", "fetched_at": "2025-07-15T16:10:49.972099+00:00", "symbol": "ADA-USD"}, {"trade_id": 143736267, "side": "buy", "size": "686.34010375", "price": "0.72850000", "time": "2025-07-15T16:10:19.602350Z", "fetched_at": "2025-07-15T16:10:49.972099+00:00", "symbol": "ADA-USD"}, {"trade_id": 143736266, "side": "buy", "size": "1673.02092000", "price": "0.72850000", "time": "2025-07-15T16:10:19.602350Z", "fetched_at": "2025-07-15T16:10:49.972099+00:00", "symbol": "ADA-USD"}, {"trade_id": 143736265, "side": "buy", "size": "1.60000000", "price": "0.72850000", "time": "2025-07-15T16:10:19.602350Z", "fetched_at": "2025-07-15T16:10:49.972099+00:00", "symbol": "ADA-USD"}, {"trade_id": 143736264, "side": "buy", "size": "1672.56192000", "price": "0.72860000", "time": "2025-07-15T16:10:19.601084Z", "fetched_at": "2025-07-15T16:10:49.972099+00:00", "symbol": "ADA-USD"}, {"trade_id": 143736263, "side": "buy", "size": "1773.30232000", "price": "0.72860000", "time": "2025-07-15T16:10:19.601084Z", "fetched_at": "2025-07-15T16:10:49.972099+00:00", "symbol": "ADA-USD"}, {"trade_id": 143736262, "side": "buy", "size": "18.90537704", "price": "0.72870000", "time": "2025-07-15T16:10:19.601084Z", "fetched_at": "2025-07-15T16:10:49.972099+00:00", "symbol": "ADA-USD"}, {"trade_id": 143736261, "side": "buy", "size": "1.60000000", "price": "0.72860000", "time": "2025-07-15T16:10:09.715298Z", "fetched_at": "2025-07-15T16:10:49.972099+00:00", "symbol": "ADA-USD"}, {"trade_id": 143736260, "side": "sell", "size": "6.45238700", "price": "0.72870000", "time": "2025-07-15T16:10:09.506875Z", "fetched_at": "2025-07-15T16:10:49.972099+00:00", "symbol": "ADA-USD"}, {"trade_id": 143736259, "side": "buy", "size": "57.53610117", "price": "0.72870000", "time": "2025-07-15T16:10:08.659503Z", "fetched_at": "2025-07-15T16:10:49.972099+00:00", "symbol": "ADA-USD"}, {"trade_id": 143736258, "side": "buy", "size": "1.60000000", "price": "0.72870000", "time": "2025-07-15T16:10:08.659503Z", "fetched_at": "2025-07-15T16:10:49.972099+00:00", "symbol": "ADA-USD"}, {"trade_id": 143736257, "side": "sell", "size": "0.97001400", "price": "0.72890000", "time": "2025-07-15T16:10:07.314180Z", "fetched_at": "2025-07-15T16:10:49.972099+00:00", "symbol": "ADA-USD"}, {"trade_id": 143736256, "side": "sell", "size": "67.84260000", "price": "0.72880000", "time": "2025-07-15T16:10:06.762639Z", "fetched_at": "2025-07-15T16:10:49.972099+00:00", "symbol": "ADA-USD"}, {"trade_id": 143736255, "side": "buy", "size": "21.42614572", "price": "0.72890000", "time": "2025-07-15T16:10:06.696403Z", "fetched_at": "2025-07-15T16:10:49.972099+00:00", "symbol": "ADA-USD"}, {"trade_id": 143736254, "side": "buy", "size": "156.91911000", "price": "0.72890000", "time": "2025-07-15T16:10:06.696156Z", "fetched_at": "2025-07-15T16:10:49.972099+00:00", "symbol": "ADA-USD"}, {"trade_id": 143736253, "side": "sell", "size": "156.25000000", "price": "0.72890000", "time": "2025-07-15T16:10:05.305494Z", "fetched_at": "2025-07-15T16:10:49.972099+00:00", "symbol": "ADA-USD"}, {"trade_id": 143736252, "side": "sell", "size": "156.24570409", "price": "0.72890000", "time": "2025-07-15T16:10:05.305494Z", "fetched_at": "2025-07-15T16:10:49.972099+00:00", "symbol": "ADA-USD"}, {"trade_id": 143736251, "side": "sell", "size": "51.44722000", "price": "0.72880000", "time": "2025-07-15T16:10:05.086394Z", "fetched_at": "2025-07-15T16:10:49.972099+00:00", "symbol": "ADA-USD"}, {"trade_id": 143736250, "side": "buy", "size": "680.10573824", "price": "0.72880000", "time": "2025-07-15T16:10:01.732107Z", "fetched_at": "2025-07-15T16:10:49.972099+00:00", "symbol": "ADA-USD"}, {"trade_id": 143736249, "side": "sell", "size": "178.39000000", "price": "0.72870000", "time": "2025-07-15T16:10:01.607888Z", "fetched_at": "2025-07-15T16:10:49.972099+00:00", "symbol": "ADA-USD"}, {"trade_id": 143736248, "side": "sell", "size": "178.38054532", "price": "0.72870000", "time": "2025-07-15T16:10:01.607888Z", "fetched_at": "2025-07-15T16:10:49.972099+00:00", "symbol": "ADA-USD"}, {"trade_id": 143736247, "side": "buy", "size": "1.60000000", "price": "0.72860000", "time": "2025-07-15T16:10:00.759342Z", "fetched_at": "2025-07-15T16:10:49.972099+00:00", "symbol": "ADA-USD"}, {"trade_id": 143736246, "side": "sell", "size": "67.84260000", "price": "0.72870000", "time": "2025-07-15T16:10:00.574928Z", "fetched_at": "2025-07-15T16:10:49.972099+00:00", "symbol": "ADA-USD"}, {"trade_id": 143736245, "side": "buy", "size": "14.70558680", "price": "0.72870000", "time": "2025-07-15T16:10:00.564712Z", "fetched_at": "2025-07-15T16:10:49.972099+00:00", "symbol": "ADA-USD"}, {"trade_id": 143736244, "side": "buy", "size": "5167.80000000", "price": "0.72870000", "time": "2025-07-15T16:10:00.564712Z", "fetched_at": "2025-07-15T16:10:49.972099+00:00", "symbol": "ADA-USD"}, {"trade_id": 143736243, "side": "buy", "size": "1.60000000", "price": "0.72870000", "time": "2025-07-15T16:10:00.564712Z", "fetched_at": "2025-07-15T16:10:49.972099+00:00", "symbol": "ADA-USD"}, {"trade_id": 143736242, "side": "buy", "size": "377.77808000", "price": "0.72880000", "time": "2025-07-15T16:10:00.452851Z", "fetched_at": "2025-07-15T16:10:49.972099+00:00", "symbol": "ADA-USD"}, {"trade_id": 143736241, "side": "buy", "size": "14.70142293", "price": "0.72880000", "time": "2025-07-15T16:10:00.452851Z", "fetched_at": "2025-07-15T16:10:49.972099+00:00", "symbol": "ADA-USD"}, {"trade_id": 143736240, "side": "buy", "size": "1.60000000", "price": "0.72880000", "time": "2025-07-15T16:10:00.452851Z", "fetched_at": "2025-07-15T16:10:49.972099+00:00", "symbol": "ADA-USD"}, {"trade_id": 143736239, "side": "buy", "size": "16.45362029", "price": "0.72890000", "time": "2025-07-15T16:10:00.195249Z", "fetched_at": "2025-07-15T16:10:49.972099+00:00", "symbol": "ADA-USD"}, {"trade_id": 143736238, "side": "buy", "size": "150.13990279", "price": "0.72890000", "time": "2025-07-15T16:09:56.179518Z", "fetched_at": "2025-07-15T16:10:49.972099+00:00", "symbol": "ADA-USD"}, {"trade_id": 143736237, "side": "buy", "size": "5168.70000000", "price": "0.72890000", "time": "2025-07-15T16:09:56.179518Z", "fetched_at": "2025-07-15T16:10:49.972099+00:00", "symbol": "ADA-USD"}, {"trade_id": 143736236, "side": "buy", "size": "434.26958491", "price": "0.72890000", "time": "2025-07-15T16:09:56.179518Z", "fetched_at": "2025-07-15T16:10:49.972099+00:00", "symbol": "ADA-USD"}, {"trade_id": 143736235, "side": "buy", "size": "809.02414319", "price": "0.72890000", "time": "2025-07-15T16:09:56.179518Z", "fetched_at": "2025-07-15T16:10:49.972099+00:00", "symbol": "ADA-USD"}, {"trade_id": 143736234, "side": "buy", "size": "150.18864377", "price": "0.72900000", "time": "2025-07-15T16:09:55.792122Z", "fetched_at": "2025-07-15T16:10:49.972099+00:00", "symbol": "ADA-USD"}, {"trade_id": 143736233, "side": "buy", "size": "479.15608000", "price": "0.72900000", "time": "2025-07-15T16:09:55.792122Z", "fetched_at": "2025-07-15T16:10:49.972099+00:00", "symbol": "ADA-USD"}, {"trade_id": 143736232, "side": "buy", "size": "377.77808000", "price": "0.72900000", "time": "2025-07-15T16:09:55.792122Z", "fetched_at": "2025-07-15T16:10:49.972099+00:00", "symbol": "ADA-USD"}, {"trade_id": 143736231, "side": "sell", "size": "516.09999879", "price": "0.72900000", "time": "2025-07-15T16:09:49.849002Z", "fetched_at": "2025-07-15T16:10:49.972099+00:00", "symbol": "ADA-USD"}, {"trade_id": 143736230, "side": "sell", "size": "500.00000000", "price": "0.72900000", "time": "2025-07-15T16:09:49.849002Z", "fetched_at": "2025-07-15T16:10:49.972099+00:00", "symbol": "ADA-USD"}, {"trade_id": 143736229, "side": "sell", "size": "16.09459121", "price": "0.72900000", "time": "2025-07-15T16:09:49.849002Z", "fetched_at": "2025-07-15T16:10:49.972099+00:00", "symbol": "ADA-USD"}, {"trade_id": 143736228, "side": "buy", "size": "51.00306000", "price": "0.72890000", "time": "2025-07-15T16:09:48.140201Z", "fetched_at": "2025-07-15T16:10:49.972099+00:00", "symbol": "ADA-USD"}, {"trade_id": 143736227, "side": "buy", "size": "240.77065000", "price": "0.72890000", "time": "2025-07-15T16:09:48.138806Z", "fetched_at": "2025-07-15T16:10:49.972099+00:00", "symbol": "ADA-USD"}, {"trade_id": 143736226, "side": "buy", "size": "51.00306000", "price": "0.72890000", "time": "2025-07-15T16:09:48.131527Z", "fetched_at": "2025-07-15T16:10:49.972099+00:00", "symbol": "ADA-USD"}, {"trade_id": 143736225, "side": "sell", "size": "24.09960455", "price": "0.72910000", "time": "2025-07-15T16:09:47.745029Z", "fetched_at": "2025-07-15T16:10:49.972099+00:00", "symbol": "ADA-USD"}, {"trade_id": 143736224, "side": "sell", "size": "664.46000000", "price": "0.72910000", "time": "2025-07-15T16:09:47.745029Z", "fetched_at": "2025-07-15T16:10:49.972099+00:00", "symbol": "ADA-USD"}, {"trade_id": 143736223, "side": "sell", "size": "264.48620535", "price": "0.72910000", "time": "2025-07-15T16:09:47.745029Z", "fetched_at": "2025-07-15T16:10:49.972099+00:00", "symbol": "ADA-USD"}, {"trade_id": 143736222, "side": "sell", "size": "378.69811871", "price": "0.72910000", "time": "2025-07-15T16:09:47.002864Z", "fetched_at": "2025-07-15T16:10:49.972099+00:00", "symbol": "ADA-USD"}, {"trade_id": 143736221, "side": "sell", "size": "21.26785729", "price": "0.72910000", "time": "2025-07-15T16:09:47.002864Z", "fetched_at": "2025-07-15T16:10:49.972099+00:00", "symbol": "ADA-USD"}, {"trade_id": 143736220, "side": "buy", "size": "766.12765860", "price": "0.72900000", "time": "2025-07-15T16:09:44.158933Z", "fetched_at": "2025-07-15T16:10:49.972099+00:00", "symbol": "ADA-USD"}, {"trade_id": 143736219, "side": "buy", "size": "380.25064000", "price": "0.72900000", "time": "2025-07-15T16:09:44.158933Z", "fetched_at": "2025-07-15T16:10:49.972099+00:00", "symbol": "ADA-USD"}, {"trade_id": 143736218, "side": "buy", "size": "377.77808000", "price": "0.72900000", "time": "2025-07-15T16:09:44.158933Z", "fetched_at": "2025-07-15T16:10:49.972099+00:00", "symbol": "ADA-USD"}, {"trade_id": 143736217, "side": "sell", "size": "1.60000000", "price": "0.72910000", "time": "2025-07-15T16:09:42.914329Z", "fetched_at": "2025-07-15T16:10:49.972099+00:00", "symbol": "ADA-USD"}, {"trade_id": 143736216, "side": "sell", "size": "1.86660957", "price": "0.72900000", "time": "2025-07-15T16:09:42.901777Z", "fetched_at": "2025-07-15T16:10:49.972099+00:00", "symbol": "ADA-USD"}, {"trade_id": 143736215, "side": "sell", "size": "52.88000000", "price": "0.72900000", "time": "2025-07-15T16:09:42.901777Z", "fetched_at": "2025-07-15T16:10:49.972099+00:00", "symbol": "ADA-USD"}, {"trade_id": 143736214, "side": "sell", "size": "51.00306000", "price": "0.72900000", "time": "2025-07-15T16:09:42.901777Z", "fetched_at": "2025-07-15T16:10:49.972099+00:00", "symbol": "ADA-USD"}, {"trade_id": 143736213, "side": "sell", "size": "1005.62000000", "price": "0.72900000", "time": "2025-07-15T16:09:42.901777Z", "fetched_at": "2025-07-15T16:10:49.972099+00:00", "symbol": "ADA-USD"}, {"trade_id": 143736212, "side": "sell", "size": "1005.61379328", "price": "0.72900000", "time": "2025-07-15T16:09:42.901777Z", "fetched_at": "2025-07-15T16:10:49.972099+00:00", "symbol": "ADA-USD"}, {"trade_id": 143736211, "side": "sell", "size": "67.84259804", "price": "0.72900000", "time": "2025-07-15T16:09:41.948050Z", "fetched_at": "2025-07-15T16:10:49.972099+00:00", "symbol": "ADA-USD"}, {"trade_id": 143736210, "side": "sell", "size": "0.00000196", "price": "0.72900000", "time": "2025-07-15T16:09:41.948050Z", "fetched_at": "2025-07-15T16:10:49.972099+00:00", "symbol": "ADA-USD"}, {"trade_id": 143736209, "side": "sell", "size": "58.26059000", "price": "0.72900000", "time": "2025-07-15T16:09:40.079799Z", "fetched_at": "2025-07-15T16:10:49.972099+00:00", "symbol": "ADA-USD"}, {"trade_id": 143736208, "side": "sell", "size": "1.60000000", "price": "0.72900000", "time": "2025-07-15T16:09:40.079799Z", "fetched_at": "2025-07-15T16:10:49.972099+00:00", "symbol": "ADA-USD"}, {"trade_id": 143736207, "side": "sell", "size": "3.26007317", "price": "0.72890000", "time": "2025-07-15T16:09:39.980424Z", "fetched_at": "2025-07-15T16:10:49.972099+00:00", "symbol": "ADA-USD"}, {"trade_id": 143736206, "side": "sell", "size": "1.60000000", "price": "0.72890000", "time": "2025-07-15T16:09:39.980424Z", "fetched_at": "2025-07-15T16:10:49.972099+00:00", "symbol": "ADA-USD"}, {"trade_id": 143736205, "side": "sell", "size": "128.74088850", "price": "0.72880000", "time": "2025-07-15T16:09:35.327941Z", "fetched_at": "2025-07-15T16:10:49.972099+00:00", "symbol": "ADA-USD"}, {"trade_id": 143736204, "side": "sell", "size": "1.60000000", "price": "0.72880000", "time": "2025-07-15T16:09:35.327941Z", "fetched_at": "2025-07-15T16:10:49.972099+00:00", "symbol": "ADA-USD"}, {"trade_id": 143736203, "side": "sell", "size": "5.04964050", "price": "0.72870000", "time": "2025-07-15T16:09:35.327941Z", "fetched_at": "2025-07-15T16:10:49.972099+00:00", "symbol": "ADA-USD"}, {"trade_id": 143736202, "side": "sell", "size": "725.71000000", "price": "0.72870000", "time": "2025-07-15T16:09:33.431863Z", "fetched_at": "2025-07-15T16:10:49.972099+00:00", "symbol": "ADA-USD"}, {"trade_id": 143736201, "side": "sell", "size": "151.85000000", "price": "0.72870000", "time": "2025-07-15T16:09:33.431863Z", "fetched_at": "2025-07-15T16:10:49.972099+00:00", "symbol": "ADA-USD"}, {"trade_id": 143736200, "side": "sell", "size": "150.24164811", "price": "0.72870000", "time": "2025-07-15T16:09:33.431863Z", "fetched_at": "2025-07-15T16:10:49.972099+00:00", "symbol": "ADA-USD"}, {"trade_id": 143736199, "side": "sell", "size": "1.60000000", "price": "0.72870000", "time": "2025-07-15T16:09:33.431863Z", "fetched_at": "2025-07-15T16:10:49.972099+00:00", "symbol": "ADA-USD"}, {"trade_id": 143736198, "side": "sell", "size": "1.60000000", "price": "0.72860000", "time": "2025-07-15T16:09:31.537708Z", "fetched_at": "2025-07-15T16:10:49.972099+00:00", "symbol": "ADA-USD"}, {"trade_id": 143736197, "side": "sell", "size": "2906.13442088", "price": "0.72820000", "time": "2025-07-15T16:09:30.599833Z", "fetched_at": "2025-07-15T16:10:49.972099+00:00", "symbol": "ADA-USD"}, {"trade_id": 143736196, "side": "buy", "size": "1787.37101000", "price": "0.72820000", "time": "2025-07-15T16:09:30.594530Z", "fetched_at": "2025-07-15T16:10:49.972099+00:00", "symbol": "ADA-USD"}, {"trade_id": 143736195, "side": "buy", "size": "686.61550333", "price": "0.72820000", "time": "2025-07-15T16:09:30.594530Z", "fetched_at": "2025-07-15T16:10:49.972099+00:00", "symbol": "ADA-USD"}, {"trade_id": 143736194, "side": "buy", "size": "784.78999445", "price": "0.72820000", "time": "2025-07-15T16:09:30.594530Z", "fetched_at": "2025-07-15T16:10:49.972099+00:00", "symbol": "ADA-USD"}, {"trade_id": 143736193, "side": "buy", "size": "1611.92305000", "price": "0.72820000", "time": "2025-07-15T16:09:30.594530Z", "fetched_at": "2025-07-15T16:10:49.972099+00:00", "symbol": "ADA-USD"}, {"trade_id": 143736192, "side": "buy", "size": "583.67118443", "price": "0.72820000", "time": "2025-07-15T16:09:30.594530Z", "fetched_at": "2025-07-15T16:10:49.972099+00:00", "symbol": "ADA-USD"}, {"trade_id": 143736191, "side": "buy", "size": "704.94520595", "price": "0.72820000", "time": "2025-07-15T16:09:30.594530Z", "fetched_at": "2025-07-15T16:10:49.972099+00:00", "symbol": "ADA-USD"}, {"trade_id": 143736190, "side": "buy", "size": "1674.28492000", "price": "0.72820000", "time": "2025-07-15T16:09:30.594530Z", "fetched_at": "2025-07-15T16:10:49.972099+00:00", "symbol": "ADA-USD"}, {"trade_id": 143736189, "side": "buy", "size": "414.28690858", "price": "0.72820000", "time": "2025-07-15T16:09:30.594530Z", "fetched_at": "2025-07-15T16:10:49.972099+00:00", "symbol": "ADA-USD"}, {"trade_id": 143736188, "side": "buy", "size": "809.02414319", "price": "0.72820000", "time": "2025-07-15T16:09:30.594530Z", "fetched_at": "2025-07-15T16:10:49.972099+00:00", "symbol": "ADA-USD"}, {"trade_id": 143736187, "side": "buy", "size": "162.52174590", "price": "0.72830000", "time": "2025-07-15T16:09:30.594530Z", "fetched_at": "2025-07-15T16:10:49.972099+00:00", "symbol": "ADA-USD"}, {"trade_id": 143736186, "side": "buy", "size": "1525.46940667", "price": "0.72830000", "time": "2025-07-15T16:09:30.594530Z", "fetched_at": "2025-07-15T16:10:49.972099+00:00", "symbol": "ADA-USD"}, {"trade_id": 143736185, "side": "buy", "size": "963.31892795", "price": "0.72830000", "time": "2025-07-15T16:09:30.594530Z", "fetched_at": "2025-07-15T16:10:49.972099+00:00", "symbol": "ADA-USD"}, {"trade_id": 143736184, "side": "buy", "size": "809.02414319", "price": "0.72830000", "time": "2025-07-15T16:09:30.594530Z", "fetched_at": "2025-07-15T16:10:49.972099+00:00", "symbol": "ADA-USD"}, {"trade_id": 143736183, "side": "buy", "size": "5179.60000000", "price": "0.72840000", "time": "2025-07-15T16:09:30.594530Z", "fetched_at": "2025-07-15T16:10:49.972099+00:00", "symbol": "ADA-USD"}, {"trade_id": 143736182, "side": "buy", "size": "5179.60000000", "price": "0.72850000", "time": "2025-07-15T16:09:30.314930Z", "fetched_at": "2025-07-15T16:10:49.972099+00:00", "symbol": "ADA-USD"}, {"trade_id": 143736181, "side": "buy", "size": "500.00000000", "price": "0.72850000", "time": "2025-07-15T16:09:29.384040Z", "fetched_at": "2025-07-15T16:10:49.972099+00:00", "symbol": "ADA-USD"}, {"trade_id": 143736180, "side": "buy", "size": "2.40792401", "price": "0.72850000", "time": "2025-07-15T16:09:29.384040Z", "fetched_at": "2025-07-15T16:10:49.972099+00:00", "symbol": "ADA-USD"}, {"trade_id": 143736179, "side": "buy", "size": "6.46450309", "price": "0.72850000", "time": "2025-07-15T16:09:29.384040Z", "fetched_at": "2025-07-15T16:10:49.972099+00:00", "symbol": "ADA-USD"}, {"trade_id": 143736178, "side": "buy", "size": "116.42742000", "price": "0.72850000", "time": "2025-07-15T16:09:29.384040Z", "fetched_at": "2025-07-15T16:10:49.972099+00:00", "symbol": "ADA-USD"}, {"trade_id": 143736177, "side": "buy", "size": "263.82322000", "price": "0.72850000", "time": "2025-07-15T16:09:29.354316Z", "fetched_at": "2025-07-15T16:10:49.972099+00:00", "symbol": "ADA-USD"}, {"trade_id": 143736176, "side": "buy", "size": "377.77808000", "price": "0.72850000", "time": "2025-07-15T16:09:29.354316Z", "fetched_at": "2025-07-15T16:10:49.972099+00:00", "symbol": "ADA-USD"}, {"trade_id": 143736175, "side": "sell", "size": "51.00306000", "price": "0.72860000", "time": "2025-07-15T16:09:29.280257Z", "fetched_at": "2025-07-15T16:10:49.972099+00:00", "symbol": "ADA-USD"}, {"trade_id": 143736174, "side": "sell", "size": "121.97076000", "price": "0.72860000", "time": "2025-07-15T16:09:29.271955Z", "fetched_at": "2025-07-15T16:10:49.972099+00:00", "symbol": "ADA-USD"}, {"trade_id": 143736173, "side": "sell", "size": "1.60000000", "price": "0.72860000", "time": "2025-07-15T16:09:29.271955Z", "fetched_at": "2025-07-15T16:10:49.972099+00:00", "symbol": "ADA-USD"}, {"trade_id": 143736172, "side": "sell", "size": "361.64895410", "price": "0.72850000", "time": "2025-07-15T16:09:29.229355Z", "fetched_at": "2025-07-15T16:10:49.972099+00:00", "symbol": "ADA-USD"}, {"trade_id": 143736171, "side": "sell", "size": "2817.29036687", "price": "0.72850000", "time": "2025-07-15T16:09:29.228571Z", "fetched_at": "2025-07-15T16:10:49.972099+00:00", "symbol": "ADA-USD"}, {"trade_id": 143736170, "side": "sell", "size": "679.63892091", "price": "0.72850000", "time": "2025-07-15T16:09:29.228571Z", "fetched_at": "2025-07-15T16:10:49.972099+00:00", "symbol": "ADA-USD"}, {"trade_id": 143736169, "side": "sell", "size": "919.09104572", "price": "0.72850000", "time": "2025-07-15T16:09:29.228571Z", "fetched_at": "2025-07-15T16:10:49.972099+00:00", "symbol": "ADA-USD"}, {"trade_id": 143736168, "side": "sell", "size": "809.02414319", "price": "0.72850000", "time": "2025-07-15T16:09:29.228571Z", "fetched_at": "2025-07-15T16:10:49.972099+00:00", "symbol": "ADA-USD"}, {"trade_id": 143736167, "side": "sell", "size": "1.50000000", "price": "0.72850000", "time": "2025-07-15T16:09:29.228571Z", "fetched_at": "2025-07-15T16:10:49.972099+00:00", "symbol": "ADA-USD"}, {"trade_id": 143736166, "side": "sell", "size": "2952.89630376", "price": "0.72840000", "time": "2025-07-15T16:09:29.217813Z", "fetched_at": "2025-07-15T16:10:49.972099+00:00", "symbol": "ADA-USD"}, {"trade_id": 143736165, "side": "sell", "size": "352.53691699", "price": "0.72840000", "time": "2025-07-15T16:09:29.217752Z", "fetched_at": "2025-07-15T16:10:49.972099+00:00", "symbol": "ADA-USD"}, {"trade_id": 143736164, "side": "sell", "size": "1.60000000", "price": "0.72840000", "time": "2025-07-15T16:09:29.217752Z", "fetched_at": "2025-07-15T16:10:49.972099+00:00", "symbol": "ADA-USD"}, {"trade_id": 143736163, "side": "sell", "size": "717.98018065", "price": "0.72840000", "time": "2025-07-15T16:09:29.217752Z", "fetched_at": "2025-07-15T16:10:49.972099+00:00", "symbol": "ADA-USD"}, {"trade_id": 143736162, "side": "sell", "size": "809.02414319", "price": "0.72840000", "time": "2025-07-15T16:09:29.217752Z", "fetched_at": "2025-07-15T16:10:49.972099+00:00", "symbol": "ADA-USD"}, {"trade_id": 143736161, "side": "sell", "size": "826.14887028", "price": "0.72830000", "time": "2025-07-15T16:09:29.205380Z", "fetched_at": "2025-07-15T16:10:49.972099+00:00", "symbol": "ADA-USD"}, {"trade_id": 143736160, "side": "sell", "size": "1.60000000", "price": "0.72830000", "time": "2025-07-15T16:09:29.205380Z", "fetched_at": "2025-07-15T16:10:49.972099+00:00", "symbol": "ADA-USD"}, {"trade_id": 143736159, "side": "sell", "size": "1045.97118586", "price": "0.72830000", "time": "2025-07-15T16:09:29.205380Z", "fetched_at": "2025-07-15T16:10:49.972099+00:00", "symbol": "ADA-USD"}, {"trade_id": 143736158, "side": "sell", "size": "809.02414319", "price": "0.72830000", "time": "2025-07-15T16:09:29.205380Z", "fetched_at": "2025-07-15T16:10:49.972099+00:00", "symbol": "ADA-USD"}, {"trade_id": 143736157, "side": "sell", "size": "1673.71020000", "price": "0.72830000", "time": "2025-07-15T16:09:29.205380Z", "fetched_at": "2025-07-15T16:10:49.972099+00:00", "symbol": "ADA-USD"}, {"trade_id": 143736156, "side": "sell", "size": "270.28115207", "price": "0.72830000", "time": "2025-07-15T16:09:29.205380Z", "fetched_at": "2025-07-15T16:10:49.972099+00:00", "symbol": "ADA-USD"}, {"trade_id": 143736155, "side": "sell", "size": "997.57066805", "price": "0.72820000", "time": "2025-07-15T16:09:29.199651Z", "fetched_at": "2025-07-15T16:10:49.972099+00:00", "symbol": "ADA-USD"}, {"trade_id": 143736154, "side": "sell", "size": "809.02414319", "price": "0.72820000", "time": "2025-07-15T16:09:29.199651Z", "fetched_at": "2025-07-15T16:10:49.972099+00:00", "symbol": "ADA-USD"}, {"trade_id": 143736153, "side": "sell", "size": "28.59475295", "price": "0.72810000", "time": "2025-07-15T16:09:29.185688Z", "fetched_at": "2025-07-15T16:10:49.972099+00:00", "symbol": "ADA-USD"}, {"trade_id": 143736152, "side": "sell", "size": "493.29090000", "price": "0.72810000", "time": "2025-07-15T16:09:29.184952Z", "fetched_at": "2025-07-15T16:10:49.972099+00:00", "symbol": "ADA-USD"}, {"trade_id": 143736151, "side": "sell", "size": "91.46405000", "price": "0.72810000", "time": "2025-07-15T16:09:29.180112Z", "fetched_at": "2025-07-15T16:10:49.972099+00:00", "symbol": "ADA-USD"}, {"trade_id": 143736150, "side": "sell", "size": "1180.35000000", "price": "0.72810000", "time": "2025-07-15T16:09:29.180112Z", "fetched_at": "2025-07-15T16:10:49.972099+00:00", "symbol": "ADA-USD"}, {"trade_id": 143736149, "side": "sell", "size": "567.00000000", "price": "0.72810000", "time": "2025-07-15T16:09:29.180112Z", "fetched_at": "2025-07-15T16:10:49.972099+00:00", "symbol": "ADA-USD"}, {"trade_id": 143736148, "side": "sell", "size": "51.00306000", "price": "0.72790000", "time": "2025-07-15T16:09:27.980873Z", "fetched_at": "2025-07-15T16:10:49.972099+00:00", "symbol": "ADA-USD"}, {"trade_id": 143736147, "side": "sell", "size": "194.51130564", "price": "0.72790000", "time": "2025-07-15T16:09:27.977423Z", "fetched_at": "2025-07-15T16:10:49.972099+00:00", "symbol": "ADA-USD"}, {"trade_id": 143736146, "side": "sell", "size": "500.00000000", "price": "0.72790000", "time": "2025-07-15T16:09:27.977423Z", "fetched_at": "2025-07-15T16:10:49.972099+00:00", "symbol": "ADA-USD"}, {"trade_id": 143736145, "side": "sell", "size": "3.46314900", "price": "0.72820000", "time": "2025-07-15T16:09:25.940101Z", "fetched_at": "2025-07-15T16:10:49.972099+00:00", "symbol": "ADA-USD"}, {"trade_id": 143736144, "side": "buy", "size": "33.22249300", "price": "0.72810000", "time": "2025-07-15T16:09:25.765891Z", "fetched_at": "2025-07-15T16:10:49.972099+00:00", "symbol": "ADA-USD"}, {"trade_id": 143736143, "side": "sell", "size": "60.52034804", "price": "0.72840000", "time": "2025-07-15T16:09:21.791909Z", "fetched_at": "2025-07-15T16:10:49.972099+00:00", "symbol": "ADA-USD"}, {"trade_id": 143736142, "side": "sell", "size": "1.60000000", "price": "0.72840000", "time": "2025-07-15T16:09:21.791909Z", "fetched_at": "2025-07-15T16:10:49.972099+00:00", "symbol": "ADA-USD"}, {"trade_id": 143736141, "side": "sell", "size": "1.41838796", "price": "0.72830000", "time": "2025-07-15T16:09:21.791909Z", "fetched_at": "2025-07-15T16:10:49.972099+00:00", "symbol": "ADA-USD"}, {"trade_id": 143736140, "side": "sell", "size": "1.60000000", "price": "0.72830000", "time": "2025-07-15T16:09:21.791909Z", "fetched_at": "2025-07-15T16:10:49.972099+00:00", "symbol": "ADA-USD"}, {"trade_id": 143736139, "side": "sell", "size": "2.06115161", "price": "0.72820000", "time": "2025-07-15T16:09:21.410072Z", "fetched_at": "2025-07-15T16:10:49.972099+00:00", "symbol": "ADA-USD"}, {"trade_id": 143736138, "side": "sell", "size": "1.60000000", "price": "0.72820000", "time": "2025-07-15T16:09:21.410072Z", "fetched_at": "2025-07-15T16:10:49.972099+00:00", "symbol": "ADA-USD"}, {"trade_id": 143736137, "side": "buy", "size": "1147.36738072", "price": "0.72800000", "time": "2025-07-15T16:09:20.508858Z", "fetched_at": "2025-07-15T16:10:49.972099+00:00", "symbol": "ADA-USD"}, {"trade_id": 143736136, "side": "buy", "size": "12.87943128", "price": "0.72810000", "time": "2025-07-15T16:09:20.508858Z", "fetched_at": "2025-07-15T16:10:49.972099+00:00", "symbol": "ADA-USD"}, {"trade_id": 143736135, "side": "buy", "size": "299.85102000", "price": "0.72810000", "time": "2025-07-15T16:09:20.508858Z", "fetched_at": "2025-07-15T16:10:49.972099+00:00", "symbol": "ADA-USD"}, {"trade_id": 143736134, "side": "buy", "size": "377.77808000", "price": "0.72810000", "time": "2025-07-15T16:09:20.508858Z", "fetched_at": "2025-07-15T16:10:49.972099+00:00", "symbol": "ADA-USD"}, {"trade_id": 143736133, "side": "buy", "size": "51.00306000", "price": "0.72810000", "time": "2025-07-15T16:09:20.508858Z", "fetched_at": "2025-07-15T16:10:49.972099+00:00", "symbol": "ADA-USD"}, {"trade_id": 143736132, "side": "buy", "size": "380.25064000", "price": "0.72810000", "time": "2025-07-15T16:09:20.508858Z", "fetched_at": "2025-07-15T16:10:49.972099+00:00", "symbol": "ADA-USD"}, {"trade_id": 143736131, "side": "sell", "size": "201.81000000", "price": "0.72810000", "time": "2025-07-15T16:09:19.554592Z", "fetched_at": "2025-07-15T16:10:49.972099+00:00", "symbol": "ADA-USD"}, {"trade_id": 143736130, "side": "sell", "size": "1.60000000", "price": "0.72810000", "time": "2025-07-15T16:09:19.554592Z", "fetched_at": "2025-07-15T16:10:49.972099+00:00", "symbol": "ADA-USD"}, {"trade_id": 143736129, "side": "sell", "size": "200.20203381", "price": "0.72810000", "time": "2025-07-15T16:09:19.554592Z", "fetched_at": "2025-07-15T16:10:49.972099+00:00", "symbol": "ADA-USD"}, {"trade_id": 143736128, "side": "sell", "size": "67.84260000", "price": "0.72800000", "time": "2025-07-15T16:09:16.597311Z", "fetched_at": "2025-07-15T16:10:49.972099+00:00", "symbol": "ADA-USD"}, {"trade_id": 143736127, "side": "sell", "size": "2.59230464", "price": "0.72800000", "time": "2025-07-15T16:09:13.885527Z", "fetched_at": "2025-07-15T16:10:49.972099+00:00", "symbol": "ADA-USD"}, {"trade_id": 143736126, "side": "sell", "size": "494.38000000", "price": "0.72800000", "time": "2025-07-15T16:09:13.885527Z", "fetched_at": "2025-07-15T16:10:49.972099+00:00", "symbol": "ADA-USD"}, {"trade_id": 143736125, "side": "sell", "size": "491.77495436", "price": "0.72800000", "time": "2025-07-15T16:09:13.885527Z", "fetched_at": "2025-07-15T16:10:49.972099+00:00", "symbol": "ADA-USD"}, {"trade_id": 143736124, "side": "sell", "size": "8.22504564", "price": "0.72800000", "time": "2025-07-15T16:09:11.002617Z", "fetched_at": "2025-07-15T16:10:49.972099+00:00", "symbol": "ADA-USD"}, {"trade_id": 143736123, "side": "sell", "size": "3.57549936", "price": "0.72800000", "time": "2025-07-15T16:09:11.002617Z", "fetched_at": "2025-07-15T16:10:49.972099+00:00", "symbol": "ADA-USD"}, {"trade_id": 143736122, "side": "sell", "size": "1.60000000", "price": "0.72800000", "time": "2025-07-15T16:09:11.002617Z", "fetched_at": "2025-07-15T16:10:49.972099+00:00", "symbol": "ADA-USD"}, {"trade_id": 143736121, "side": "sell", "size": "156.26991422", "price": "0.72790000", "time": "2025-07-15T16:09:08.957280Z", "fetched_at": "2025-07-15T16:10:49.972099+00:00", "symbol": "ADA-USD"}, {"trade_id": 143736120, "side": "sell", "size": "5.39448134", "price": "0.72790000", "time": "2025-07-15T16:09:08.957280Z", "fetched_at": "2025-07-15T16:10:49.972099+00:00", "symbol": "ADA-USD"}, {"trade_id": 143736119, "side": "sell", "size": "1.60000000", "price": "0.72790000", "time": "2025-07-15T16:09:08.957280Z", "fetched_at": "2025-07-15T16:10:49.972099+00:00", "symbol": "ADA-USD"}, {"trade_id": 143736118, "side": "sell", "size": "2.20933444", "price": "0.72790000", "time": "2025-07-15T16:09:08.957280Z", "fetched_at": "2025-07-15T16:10:49.972099+00:00", "symbol": "ADA-USD"}, {"trade_id": 143736117, "side": "buy", "size": "82.44689500", "price": "0.72780000", "time": "2025-07-15T16:09:07.945759Z", "fetched_at": "2025-07-15T16:10:49.972099+00:00", "symbol": "ADA-USD"}, {"trade_id": 143736116, "side": "sell", "size": "1.60000000", "price": "0.72780000", "time": "2025-07-15T16:09:07.567712Z", "fetched_at": "2025-07-15T16:10:49.972099+00:00", "symbol": "ADA-USD"}, {"trade_id": 143736115, "side": "sell", "size": "2.04683760", "price": "0.72780000", "time": "2025-07-15T16:09:07.567712Z", "fetched_at": "2025-07-15T16:10:49.972099+00:00", "symbol": "ADA-USD"}, {"trade_id": 143736114, "side": "sell", "size": "118.47264000", "price": "0.72780000", "time": "2025-07-15T16:09:07.564004Z", "fetched_at": "2025-07-15T16:10:49.972099+00:00", "symbol": "ADA-USD"}, {"trade_id": 143736113, "side": "sell", "size": "7.71729088", "price": "0.72770000", "time": "2025-07-15T16:09:07.477475Z", "fetched_at": "2025-07-15T16:10:49.972099+00:00", "symbol": "ADA-USD"}, {"trade_id": 143736112, "side": "sell", "size": "21.78271492", "price": "0.72770000", "time": "2025-07-15T16:09:07.477475Z", "fetched_at": "2025-07-15T16:10:49.972099+00:00", "symbol": "ADA-USD"}, {"trade_id": 143736111, "side": "sell", "size": "141.52447000", "price": "0.72770000", "time": "2025-07-15T16:09:07.477317Z", "fetched_at": "2025-07-15T16:10:49.972099+00:00", "symbol": "ADA-USD"}, {"trade_id": 143736110, "side": "sell", "size": "51.00306000", "price": "0.72770000", "time": "2025-07-15T16:09:07.476726Z", "fetched_at": "2025-07-15T16:10:49.972099+00:00", "symbol": "ADA-USD"}, {"trade_id": 143736109, "side": "sell", "size": "285.68975508", "price": "0.72770000", "time": "2025-07-15T16:09:07.473275Z", "fetched_at": "2025-07-15T16:10:49.972099+00:00", "symbol": "ADA-USD"}, {"trade_id": 143736108, "side": "sell", "size": "500.00000000", "price": "0.72770000", "time": "2025-07-15T16:09:07.473275Z", "fetched_at": "2025-07-15T16:10:49.972099+00:00", "symbol": "ADA-USD"}, {"trade_id": 143736107, "side": "buy", "size": "55.88259145", "price": "0.72760000", "time": "2025-07-15T16:09:06.589452Z", "fetched_at": "2025-07-15T16:10:49.972099+00:00", "symbol": "ADA-USD"}, {"trade_id": 143736106, "side": "buy", "size": "51.00306000", "price": "0.72760000", "time": "2025-07-15T16:09:06.589452Z", "fetched_at": "2025-07-15T16:10:49.972099+00:00", "symbol": "ADA-USD"}, {"trade_id": 143736105, "side": "buy", "size": "33.82458000", "price": "0.72760000", "time": "2025-07-15T16:09:06.153254Z", "fetched_at": "2025-07-15T16:10:49.972099+00:00", "symbol": "ADA-USD"}, {"trade_id": 143736104, "side": "buy", "size": "380.25064000", "price": "0.72760000", "time": "2025-07-15T16:09:06.153254Z", "fetched_at": "2025-07-15T16:10:49.972099+00:00", "symbol": "ADA-USD"}, {"trade_id": 143736103, "side": "buy", "size": "25.86988000", "price": "0.72760000", "time": "2025-07-15T16:09:06.153254Z", "fetched_at": "2025-07-15T16:10:49.972099+00:00", "symbol": "ADA-USD"}, {"trade_id": 143736102, "side": "buy", "size": "351.90820000", "price": "0.72760000", "time": "2025-07-15T16:09:06.133942Z", "fetched_at": "2025-07-15T16:10:49.972099+00:00", "symbol": "ADA-USD"}, {"trade_id": 143736101, "side": "sell", "size": "250.70364154", "price": "0.72750000", "time": "2025-07-15T16:09:05.091200Z", "fetched_at": "2025-07-15T16:10:49.972099+00:00", "symbol": "ADA-USD"}, {"trade_id": 143736100, "side": "sell", "size": "16.38004646", "price": "0.72750000", "time": "2025-07-15T16:09:05.091200Z", "fetched_at": "2025-07-15T16:10:49.972099+00:00", "symbol": "ADA-USD"}, {"trade_id": 143736099, "side": "sell", "size": "133.52349500", "price": "0.72740000", "time": "2025-07-15T16:09:04.330393Z", "fetched_at": "2025-07-15T16:10:49.972099+00:00", "symbol": "ADA-USD"}, {"trade_id": 143736098, "side": "sell", "size": "500.00000000", "price": "0.72730000", "time": "2025-07-15T16:09:04.246631Z", "fetched_at": "2025-07-15T16:10:49.972099+00:00", "symbol": "ADA-USD"}, {"trade_id": 143736097, "side": "sell", "size": "500.00000000", "price": "0.72730000", "time": "2025-07-15T16:09:04.246631Z", "fetched_at": "2025-07-15T16:10:49.972099+00:00", "symbol": "ADA-USD"}, {"trade_id": 143736096, "side": "buy", "size": "218.14936000", "price": "0.72720000", "time": "2025-07-15T16:09:02.556826Z", "fetched_at": "2025-07-15T16:10:49.972099+00:00", "symbol": "ADA-USD"}, {"trade_id": 143736095, "side": "buy", "size": "380.25064000", "price": "0.72720000", "time": "2025-07-15T16:09:02.556826Z", "fetched_at": "2025-07-15T16:10:49.972099+00:00", "symbol": "ADA-USD"}, {"trade_id": 143736094, "side": "buy", "size": "1.60000000", "price": "0.72720000", "time": "2025-07-15T16:09:02.556826Z", "fetched_at": "2025-07-15T16:10:49.972099+00:00", "symbol": "ADA-USD"}, {"trade_id": 143736093, "side": "buy", "size": "380.25064000", "price": "0.72750000", "time": "2025-07-15T16:09:02.277093Z", "fetched_at": "2025-07-15T16:10:49.972099+00:00", "symbol": "ADA-USD"}, {"trade_id": 143736092, "side": "buy", "size": "16.35868700", "price": "0.72750000", "time": "2025-07-15T16:09:02.277093Z", "fetched_at": "2025-07-15T16:10:49.972099+00:00", "symbol": "ADA-USD"}, {"trade_id": 143736091, "side": "buy", "size": "361.41939300", "price": "0.72750000", "time": "2025-07-15T16:09:02.039820Z", "fetched_at": "2025-07-15T16:10:49.972099+00:00", "symbol": "ADA-USD"}, {"trade_id": 143736090, "side": "sell", "size": "178.67633000", "price": "0.72730000", "time": "2025-07-15T16:09:01.611437Z", "fetched_at": "2025-07-15T16:10:49.972099+00:00", "symbol": "ADA-USD"}, {"trade_id": 143736089, "side": "sell", "size": "185.42498076", "price": "0.72730000", "time": "2025-07-15T16:09:01.525178Z", "fetched_at": "2025-07-15T16:10:49.972099+00:00", "symbol": "ADA-USD"}, {"trade_id": 143736088, "side": "sell", "size": "500.00000000", "price": "0.72730000", "time": "2025-07-15T16:09:01.525178Z", "fetched_at": "2025-07-15T16:10:49.972099+00:00", "symbol": "ADA-USD"}, {"trade_id": 143736087, "side": "sell", "size": "500.00000000", "price": "0.72730000", "time": "2025-07-15T16:09:01.525178Z", "fetched_at": "2025-07-15T16:10:49.972099+00:00", "symbol": "ADA-USD"}, {"trade_id": 143736086, "side": "buy", "size": "178.73760057", "price": "0.72730000", "time": "2025-07-15T16:09:01.023800Z", "fetched_at": "2025-07-15T16:10:49.972099+00:00", "symbol": "ADA-USD"}, {"trade_id": 143736085, "side": "buy", "size": "1.60000000", "price": "0.72730000", "time": "2025-07-15T16:09:01.023800Z", "fetched_at": "2025-07-15T16:10:49.972099+00:00", "symbol": "ADA-USD"}, {"trade_id": 143736084, "side": "buy", "size": "1.60000000", "price": "0.72740000", "time": "2025-07-15T16:09:01.012773Z", "fetched_at": "2025-07-15T16:10:49.972099+00:00", "symbol": "ADA-USD"}, {"trade_id": 143736083, "side": "buy", "size": "380.25064000", "price": "0.72750000", "time": "2025-07-15T16:09:00.526749Z", "fetched_at": "2025-07-15T16:10:49.972099+00:00", "symbol": "ADA-USD"}, {"trade_id": 143736082, "side": "buy", "size": "1.60000000", "price": "0.72750000", "time": "2025-07-15T16:09:00.526749Z", "fetched_at": "2025-07-15T16:10:49.972099+00:00", "symbol": "ADA-USD"}, {"trade_id": 143736081, "side": "buy", "size": "1.60000000", "price": "0.72760000", "time": "2025-07-15T16:08:59.920960Z", "fetched_at": "2025-07-15T16:10:49.972099+00:00", "symbol": "ADA-USD"}, {"trade_id": 143736080, "side": "buy", "size": "143.25425600", "price": "0.72770000", "time": "2025-07-15T16:08:56.126Z", "fetched_at": "2025-07-15T16:10:49.972099+00:00", "symbol": "ADA-USD"}, {"trade_id": 143736079, "side": "buy", "size": "1.60000000", "price": "0.72770000", "time": "2025-07-15T16:08:56.126Z", "fetched_at": "2025-07-15T16:10:49.972099+00:00", "symbol": "ADA-USD"}, {"trade_id": 143736078, "side": "sell", "size": "271.92332038", "price": "0.72770000", "time": "2025-07-15T16:08:43.492392Z", "fetched_at": "2025-07-15T16:10:49.972099+00:00", "symbol": "ADA-USD"}, {"trade_id": 143736077, "side": "sell", "size": "473.94450500", "price": "0.72770000", "time": "2025-07-15T16:08:43.492392Z", "fetched_at": "2025-07-15T16:10:49.972099+00:00", "symbol": "ADA-USD"}, {"trade_id": 143736076, "side": "sell", "size": "26.05549500", "price": "0.72770000", "time": "2025-07-15T16:08:42.860228Z", "fetched_at": "2025-07-15T16:10:49.972099+00:00", "symbol": "ADA-USD"}, {"trade_id": 143736075, "side": "buy", "size": "1.60000000", "price": "0.72770000", "time": "2025-07-15T16:08:42.026952Z", "fetched_at": "2025-07-15T16:10:49.972099+00:00", "symbol": "ADA-USD"}, {"trade_id": 143736074, "side": "buy", "size": "393.34175000", "price": "0.72790000", "time": "2025-07-15T16:08:41.659671Z", "fetched_at": "2025-07-15T16:10:49.972099+00:00", "symbol": "ADA-USD"}, {"trade_id": 143736073, "side": "sell", "size": "688.71974443", "price": "0.72780000", "time": "2025-07-15T16:08:40.557439Z", "fetched_at": "2025-07-15T16:10:49.972099+00:00", "symbol": "ADA-USD"}, {"trade_id": 143736072, "side": "sell", "size": "512.32000000", "price": "0.72770000", "time": "2025-07-15T16:08:40.537976Z", "fetched_at": "2025-07-15T16:10:49.972099+00:00", "symbol": "ADA-USD"}, {"trade_id": 143736071, "side": "sell", "size": "471.11381289", "price": "0.72770000", "time": "2025-07-15T16:08:40.537976Z", "fetched_at": "2025-07-15T16:10:49.972099+00:00", "symbol": "ADA-USD"}, {"trade_id": 143736070, "side": "sell", "size": "607.38000000", "price": "0.72770000", "time": "2025-07-15T16:08:40.537976Z", "fetched_at": "2025-07-15T16:10:49.972099+00:00", "symbol": "ADA-USD"}, {"trade_id": 143736069, "side": "sell", "size": "728.60000000", "price": "0.72770000", "time": "2025-07-15T16:08:40.537976Z", "fetched_at": "2025-07-15T16:10:49.972099+00:00", "symbol": "ADA-USD"}, {"trade_id": 143736068, "side": "sell", "size": "6.62163186", "price": "0.72770000", "time": "2025-07-15T16:08:40.537976Z", "fetched_at": "2025-07-15T16:10:49.972099+00:00", "symbol": "ADA-USD"}, {"trade_id": 143736067, "side": "sell", "size": "185.07823331", "price": "0.72770000", "time": "2025-07-15T16:08:40.537976Z", "fetched_at": "2025-07-15T16:10:49.972099+00:00", "symbol": "ADA-USD"}, {"trade_id": 143736066, "side": "sell", "size": "878.90176669", "price": "0.72770000", "time": "2025-07-15T16:08:40.534897Z", "fetched_at": "2025-07-15T16:10:49.972099+00:00", "symbol": "ADA-USD"}, {"trade_id": 143736065, "side": "sell", "size": "500.00000000", "price": "0.72770000", "time": "2025-07-15T16:08:40.534897Z", "fetched_at": "2025-07-15T16:10:49.972099+00:00", "symbol": "ADA-USD"}, {"trade_id": 143736064, "side": "sell", "size": "12.96642918", "price": "0.72770000", "time": "2025-07-15T16:08:40.534897Z", "fetched_at": "2025-07-15T16:10:49.972099+00:00", "symbol": "ADA-USD"}, {"trade_id": 143736063, "side": "buy", "size": "1.60000000", "price": "0.72770000", "time": "2025-07-15T16:08:39.281843Z", "fetched_at": "2025-07-15T16:10:49.972099+00:00", "symbol": "ADA-USD"}, {"trade_id": 143736062, "side": "buy", "size": "380.25064000", "price": "0.72790000", "time": "2025-07-15T16:08:36.548565Z", "fetched_at": "2025-07-15T16:10:49.972099+00:00", "symbol": "ADA-USD"}, {"trade_id": 143736061, "side": "buy", "size": "377.77808000", "price": "0.72790000", "time": "2025-07-15T16:08:36.548565Z", "fetched_at": "2025-07-15T16:10:49.972099+00:00", "symbol": "ADA-USD"}, {"trade_id": 143736060, "side": "sell", "size": "6.45859100", "price": "0.72790000", "time": "2025-07-15T16:08:35.688561Z", "fetched_at": "2025-07-15T16:10:49.972099+00:00", "symbol": "ADA-USD"}, {"trade_id": 143736059, "side": "sell", "size": "372.26672832", "price": "0.72790000", "time": "2025-07-15T16:08:35.563990Z", "fetched_at": "2025-07-15T16:10:49.972099+00:00", "symbol": "ADA-USD"}, {"trade_id": 143736058, "side": "sell", "size": "500.00000000", "price": "0.72790000", "time": "2025-07-15T16:08:35.563990Z", "fetched_at": "2025-07-15T16:10:49.972099+00:00", "symbol": "ADA-USD"}, {"trade_id": 143736057, "side": "sell", "size": "500.00000000", "price": "0.72790000", "time": "2025-07-15T16:08:35.563990Z", "fetched_at": "2025-07-15T16:10:49.972099+00:00", "symbol": "ADA-USD"}, {"trade_id": 143736056, "side": "sell", "size": "172.37000000", "price": "0.72790000", "time": "2025-07-15T16:08:35.563990Z", "fetched_at": "2025-07-15T16:10:49.972099+00:00", "symbol": "ADA-USD"}, {"trade_id": 143736055, "side": "sell", "size": "166.36327168", "price": "0.72790000", "time": "2025-07-15T16:08:35.563990Z", "fetched_at": "2025-07-15T16:10:49.972099+00:00", "symbol": "ADA-USD"}, {"trade_id": 143736054, "side": "buy", "size": "135.63784137", "price": "0.72780000", "time": "2025-07-15T16:08:32.310531Z", "fetched_at": "2025-07-15T16:10:49.972099+00:00", "symbol": "ADA-USD"}, {"trade_id": 143736053, "side": "buy", "size": "634.15842363", "price": "0.72780000", "time": "2025-07-15T16:08:32.310531Z", "fetched_at": "2025-07-15T16:10:49.972099+00:00", "symbol": "ADA-USD"}, {"trade_id": 143736052, "side": "buy", "size": "380.25064000", "price": "0.72780000", "time": "2025-07-15T16:08:32.310531Z", "fetched_at": "2025-07-15T16:10:49.972099+00:00", "symbol": "ADA-USD"}, {"trade_id": 143736051, "side": "buy", "size": "377.77808000", "price": "0.72780000", "time": "2025-07-15T16:08:32.310531Z", "fetched_at": "2025-07-15T16:10:49.972099+00:00", "symbol": "ADA-USD"}, {"trade_id": 143736050, "side": "buy", "size": "1.60000000", "price": "0.72780000", "time": "2025-07-15T16:08:32.310531Z", "fetched_at": "2025-07-15T16:10:49.972099+00:00", "symbol": "ADA-USD"}, {"trade_id": 143736049, "side": "buy", "size": "380.25064000", "price": "0.72800000", "time": "2025-07-15T16:08:31.863185Z", "fetched_at": "2025-07-15T16:10:49.972099+00:00", "symbol": "ADA-USD"}, {"trade_id": 143736048, "side": "buy", "size": "377.77808000", "price": "0.72800000", "time": "2025-07-15T16:08:31.863185Z", "fetched_at": "2025-07-15T16:10:49.972099+00:00", "symbol": "ADA-USD"}, {"trade_id": 143736047, "side": "sell", "size": "500.00000000", "price": "0.72790000", "time": "2025-07-15T16:08:31.645062Z", "fetched_at": "2025-07-15T16:10:49.972099+00:00", "symbol": "ADA-USD"}, {"trade_id": 143736046, "side": "sell", "size": "500.00000000", "price": "0.72790000", "time": "2025-07-15T16:08:31.645062Z", "fetched_at": "2025-07-15T16:10:49.972099+00:00", "symbol": "ADA-USD"}, {"trade_id": 143736045, "side": "buy", "size": "41.29115400", "price": "0.72790000", "time": "2025-07-15T16:08:26.140152Z", "fetched_at": "2025-07-15T16:10:49.972099+00:00", "symbol": "ADA-USD"}, {"trade_id": 143736044, "side": "buy", "size": "1.60000000", "price": "0.72790000", "time": "2025-07-15T16:08:26.140152Z", "fetched_at": "2025-07-15T16:10:49.972099+00:00", "symbol": "ADA-USD"}, {"trade_id": 143736043, "side": "buy", "size": "1.60000000", "price": "0.72800000", "time": "2025-07-15T16:08:26.140152Z", "fetched_at": "2025-07-15T16:10:49.972099+00:00", "symbol": "ADA-USD"}, {"trade_id": 143736042, "side": "sell", "size": "133.43182800", "price": "0.72810000", "time": "2025-07-15T16:08:23.131605Z", "fetched_at": "2025-07-15T16:10:49.972099+00:00", "symbol": "ADA-USD"}, {"trade_id": 143736041, "side": "sell", "size": "300.00000000", "price": "0.72810000", "time": "2025-07-15T16:08:22.768644Z", "fetched_at": "2025-07-15T16:10:49.972099+00:00", "symbol": "ADA-USD"}, {"trade_id": 143736040, "side": "sell", "size": "64.05162700", "price": "0.72810000", "time": "2025-07-15T16:08:19.400828Z", "fetched_at": "2025-07-15T16:10:49.972099+00:00", "symbol": "ADA-USD"}, {"trade_id": 143736039, "side": "sell", "size": "33.35337700", "price": "0.72810000", "time": "2025-07-15T16:08:16.601246Z", "fetched_at": "2025-07-15T16:10:49.972099+00:00", "symbol": "ADA-USD"}, {"trade_id": 143736038, "side": "sell", "size": "22.10662387", "price": "0.72810000", "time": "2025-07-15T16:08:14.688635Z", "fetched_at": "2025-07-15T16:10:49.972099+00:00", "symbol": "ADA-USD"}, {"trade_id": 143736037, "side": "buy", "size": "457.85660483", "price": "0.72810000", "time": "2025-07-15T16:08:14.598720Z", "fetched_at": "2025-07-15T16:10:49.972099+00:00", "symbol": "ADA-USD"}, {"trade_id": 143736036, "side": "buy", "size": "135.33851818", "price": "0.72810000", "time": "2025-07-15T16:08:14.598720Z", "fetched_at": "2025-07-15T16:10:49.972099+00:00", "symbol": "ADA-USD"}, {"trade_id": 143736035, "side": "buy", "size": "6.80487699", "price": "0.72810000", "time": "2025-07-15T16:08:14.598720Z", "fetched_at": "2025-07-15T16:10:49.972099+00:00", "symbol": "ADA-USD"}, {"trade_id": 143736034, "side": "buy", "size": "51.00306000", "price": "0.72820000", "time": "2025-07-15T16:08:14.587615Z", "fetched_at": "2025-07-15T16:10:49.972099+00:00", "symbol": "ADA-USD"}, {"trade_id": 143736033, "side": "buy", "size": "380.25064000", "price": "0.72820000", "time": "2025-07-15T16:08:14.587615Z", "fetched_at": "2025-07-15T16:10:49.972099+00:00", "symbol": "ADA-USD"}, {"trade_id": 143736032, "side": "buy", "size": "377.77808000", "price": "0.72820000", "time": "2025-07-15T16:08:14.587615Z", "fetched_at": "2025-07-15T16:10:49.972099+00:00", "symbol": "ADA-USD"}, {"trade_id": 143736031, "side": "sell", "size": "2.71828700", "price": "0.72820000", "time": "2025-07-15T16:08:11.036790Z", "fetched_at": "2025-07-15T16:10:49.972099+00:00", "symbol": "ADA-USD"}, {"trade_id": 143736030, "side": "sell", "size": "500.00000000", "price": "0.72810000", "time": "2025-07-15T16:08:10.826622Z", "fetched_at": "2025-07-15T16:10:49.972099+00:00", "symbol": "ADA-USD"}, {"trade_id": 143736029, "side": "sell", "size": "500.00000000", "price": "0.72810000", "time": "2025-07-15T16:08:10.826622Z", "fetched_at": "2025-07-15T16:10:49.972099+00:00", "symbol": "ADA-USD"}, {"trade_id": 143736028, "side": "sell", "size": "138.01102285", "price": "0.72840000", "time": "2025-07-15T16:08:08.267540Z", "fetched_at": "2025-07-15T16:10:49.972099+00:00", "symbol": "ADA-USD"}, {"trade_id": 143736027, "side": "sell", "size": "610.66000000", "price": "0.72830000", "time": "2025-07-15T16:08:08.267540Z", "fetched_at": "2025-07-15T16:10:49.972099+00:00", "symbol": "ADA-USD"}, {"trade_id": 143736026, "side": "sell", "size": "610.65892315", "price": "0.72830000", "time": "2025-07-15T16:08:08.267540Z", "fetched_at": "2025-07-15T16:10:49.972099+00:00", "symbol": "ADA-USD"}, {"trade_id": 143736025, "side": "buy", "size": "104.54510000", "price": "0.72810000", "time": "2025-07-15T16:08:07.478495Z", "fetched_at": "2025-07-15T16:10:49.972099+00:00", "symbol": "ADA-USD"}, {"trade_id": 143736024, "side": "sell", "size": "500.00000000", "price": "0.72820000", "time": "2025-07-15T16:08:07.477339Z", "fetched_at": "2025-07-15T16:10:49.972099+00:00", "symbol": "ADA-USD"}, {"trade_id": 143736023, "side": "sell", "size": "500.00000000", "price": "0.72820000", "time": "2025-07-15T16:08:07.477339Z", "fetched_at": "2025-07-15T16:10:49.972099+00:00", "symbol": "ADA-USD"}, {"trade_id": 143736022, "side": "buy", "size": "438.52712000", "price": "0.72810000", "time": "2025-07-15T16:08:07.100665Z", "fetched_at": "2025-07-15T16:10:49.972099+00:00", "symbol": "ADA-USD"}, {"trade_id": 143736021, "side": "buy", "size": "1.60000000", "price": "0.72810000", "time": "2025-07-15T16:08:07.100665Z", "fetched_at": "2025-07-15T16:10:49.972099+00:00", "symbol": "ADA-USD"}, {"trade_id": 143736020, "side": "buy", "size": "51.00306000", "price": "0.72820000", "time": "2025-07-15T16:08:07.100665Z", "fetched_at": "2025-07-15T16:10:49.972099+00:00", "symbol": "ADA-USD"}, {"trade_id": 143736019, "side": "buy", "size": "500.00000000", "price": "0.72820000", "time": "2025-07-15T16:08:07.100665Z", "fetched_at": "2025-07-15T16:10:49.972099+00:00", "symbol": "ADA-USD"}, {"trade_id": 143736018, "side": "buy", "size": "380.25064000", "price": "0.72820000", "time": "2025-07-15T16:08:07.100665Z", "fetched_at": "2025-07-15T16:10:49.972099+00:00", "symbol": "ADA-USD"}, {"trade_id": 143736017, "side": "buy", "size": "377.77808000", "price": "0.72820000", "time": "2025-07-15T16:08:07.100665Z", "fetched_at": "2025-07-15T16:10:49.972099+00:00", "symbol": "ADA-USD"}, {"trade_id": 143736016, "side": "buy", "size": "1.60000000", "price": "0.72820000", "time": "2025-07-15T16:08:07.100665Z", "fetched_at": "2025-07-15T16:10:49.972099+00:00", "symbol": "ADA-USD"}, {"trade_id": 143736015, "side": "sell", "size": "67.84260000", "price": "0.72830000", "time": "2025-07-15T16:08:05.599861Z", "fetched_at": "2025-07-15T16:10:49.972099+00:00", "symbol": "ADA-USD"}, {"trade_id": 143736014, "side": "buy", "size": "4579.72523024", "price": "0.72830000", "time": "2025-07-15T16:08:05.585039Z", "fetched_at": "2025-07-15T16:10:49.972099+00:00", "symbol": "ADA-USD"}, {"trade_id": 143736013, "side": "buy", "size": "645.67476976", "price": "0.72830000", "time": "2025-07-15T16:08:05.120434Z", "fetched_at": "2025-07-15T16:10:49.972099+00:00", "symbol": "ADA-USD"}, {"trade_id": 143736012, "side": "buy", "size": "8.58601624", "price": "0.72830000", "time": "2025-07-15T16:08:05.120434Z", "fetched_at": "2025-07-15T16:10:49.972099+00:00", "symbol": "ADA-USD"}, {"trade_id": 143736011, "side": "sell", "size": "0.10000000", "price": "0.72850000", "time": "2025-07-15T16:08:03.173839Z", "fetched_at": "2025-07-15T16:10:49.972099+00:00", "symbol": "ADA-USD"}, {"trade_id": 143736010, "side": "sell", "size": "643.07000000", "price": "0.72840000", "time": "2025-07-15T16:08:00.436908Z", "fetched_at": "2025-07-15T16:10:49.972099+00:00", "symbol": "ADA-USD"}, {"trade_id": 143736009, "side": "sell", "size": "500.00000000", "price": "0.72840000", "time": "2025-07-15T16:08:00.436908Z", "fetched_at": "2025-07-15T16:10:49.972099+00:00", "symbol": "ADA-USD"}, {"trade_id": 143736008, "side": "sell", "size": "500.00000000", "price": "0.72840000", "time": "2025-07-15T16:08:00.436908Z", "fetched_at": "2025-07-15T16:10:49.972099+00:00", "symbol": "ADA-USD"}, {"trade_id": 143736007, "side": "sell", "size": "51.00306000", "price": "0.72840000", "time": "2025-07-15T16:07:58.874844Z", "fetched_at": "2025-07-15T16:10:49.972099+00:00", "symbol": "ADA-USD"}, {"trade_id": 143736006, "side": "sell", "size": "47.93303018", "price": "0.72840000", "time": "2025-07-15T16:07:58.646416Z", "fetched_at": "2025-07-15T16:10:49.972099+00:00", "symbol": "ADA-USD"}, {"trade_id": 143736005, "side": "sell", "size": "2.06696982", "price": "0.72840000", "time": "2025-07-15T16:07:58.646416Z", "fetched_at": "2025-07-15T16:10:49.972099+00:00", "symbol": "ADA-USD"}, {"trade_id": 143736004, "side": "sell", "size": "500.00000000", "price": "0.72830000", "time": "2025-07-15T16:07:57.674892Z", "fetched_at": "2025-07-15T16:10:49.972099+00:00", "symbol": "ADA-USD"}, {"trade_id": 143736003, "side": "sell", "size": "500.00000000", "price": "0.72830000", "time": "2025-07-15T16:07:57.674892Z", "fetched_at": "2025-07-15T16:10:49.972099+00:00", "symbol": "ADA-USD"}, {"trade_id": 143736002, "side": "sell", "size": "500.00000000", "price": "0.72830000", "time": "2025-07-15T16:07:53.888793Z", "fetched_at": "2025-07-15T16:10:49.972099+00:00", "symbol": "ADA-USD"}, {"trade_id": 143736001, "side": "sell", "size": "500.00000000", "price": "0.72830000", "time": "2025-07-15T16:07:53.888793Z", "fetched_at": "2025-07-15T16:10:49.972099+00:00", "symbol": "ADA-USD"}, {"trade_id": 143736000, "side": "buy", "size": "1.60000000", "price": "0.72830000", "time": "2025-07-15T16:07:48.776174Z", "fetched_at": "2025-07-15T16:10:49.972099+00:00", "symbol": "ADA-USD"}, {"trade_id": 143735999, "side": "buy", "size": "1.60000000", "price": "0.72840000", "time": "2025-07-15T16:07:46.881106Z", "fetched_at": "2025-07-15T16:10:49.972099+00:00", "symbol": "ADA-USD"}, {"trade_id": 143735998, "side": "buy", "size": "63.19599100", "price": "0.72850000", "time": "2025-07-15T16:07:45.816430Z", "fetched_at": "2025-07-15T16:10:49.972099+00:00", "symbol": "ADA-USD"}, {"trade_id": 143735997, "side": "buy", "size": "27.05031500", "price": "0.72850000", "time": "2025-07-15T16:07:45.410008Z", "fetched_at": "2025-07-15T16:10:49.972099+00:00", "symbol": "ADA-USD"}, {"trade_id": 143735996, "side": "sell", "size": "133.29234600", "price": "0.72860000", "time": "2025-07-15T16:07:41.078810Z", "fetched_at": "2025-07-15T16:10:49.972099+00:00", "symbol": "ADA-USD"}, {"trade_id": 143735995, "side": "sell", "size": "1314.61893144", "price": "0.72870000", "time": "2025-07-15T16:07:39.575455Z", "fetched_at": "2025-07-15T16:10:49.972099+00:00", "symbol": "ADA-USD"}, {"trade_id": 143735994, "side": "sell", "size": "475.76262839", "price": "0.72870000", "time": "2025-07-15T16:07:39.575455Z", "fetched_at": "2025-07-15T16:10:49.972099+00:00", "symbol": "ADA-USD"}, {"trade_id": 143735993, "side": "sell", "size": "827.77452361", "price": "0.72870000", "time": "2025-07-15T16:07:39.575455Z", "fetched_at": "2025-07-15T16:10:49.972099+00:00", "symbol": "ADA-USD"}, {"trade_id": 143735992, "side": "sell", "size": "1433.67000000", "price": "0.72860000", "time": "2025-07-15T16:07:39.575455Z", "fetched_at": "2025-07-15T16:10:49.972099+00:00", "symbol": "ADA-USD"}, {"trade_id": 143735991, "side": "sell", "size": "631.20000000", "price": "0.72860000", "time": "2025-07-15T16:07:39.575455Z", "fetched_at": "2025-07-15T16:10:49.972099+00:00", "symbol": "ADA-USD"}, {"trade_id": 143735990, "side": "sell", "size": "656.89433318", "price": "0.72860000", "time": "2025-07-15T16:07:39.575455Z", "fetched_at": "2025-07-15T16:10:49.972099+00:00", "symbol": "ADA-USD"}, {"trade_id": 143735989, "side": "sell", "size": "827.77452361", "price": "0.72860000", "time": "2025-07-15T16:07:39.575455Z", "fetched_at": "2025-07-15T16:10:49.972099+00:00", "symbol": "ADA-USD"}, {"trade_id": 143735988, "side": "sell", "size": "631.19124354", "price": "0.72860000", "time": "2025-07-15T16:07:39.575455Z", "fetched_at": "2025-07-15T16:10:49.972099+00:00", "symbol": "ADA-USD"}, {"trade_id": 143735987, "side": "sell", "size": "726.97000000", "price": "0.72860000", "time": "2025-07-15T16:07:39.575455Z", "fetched_at": "2025-07-15T16:10:49.972099+00:00", "symbol": "ADA-USD"}, {"trade_id": 143735986, "side": "sell", "size": "590.58477979", "price": "0.72860000", "time": "2025-07-15T16:07:39.575455Z", "fetched_at": "2025-07-15T16:10:49.972099+00:00", "symbol": "ADA-USD"}, {"trade_id": 143735985, "side": "sell", "size": "85.36219920", "price": "0.72860000", "time": "2025-07-15T16:07:39.575455Z", "fetched_at": "2025-07-15T16:10:49.972099+00:00", "symbol": "ADA-USD"}, {"trade_id": 143735984, "side": "sell", "size": "500.00000000", "price": "0.72850000", "time": "2025-07-15T16:07:37.581841Z", "fetched_at": "2025-07-15T16:10:49.972099+00:00", "symbol": "ADA-USD"}, {"trade_id": 143735983, "side": "sell", "size": "500.00000000", "price": "0.72850000", "time": "2025-07-15T16:07:37.581841Z", "fetched_at": "2025-07-15T16:10:49.972099+00:00", "symbol": "ADA-USD"}, {"trade_id": 143735982, "side": "buy", "size": "46.71434279", "price": "0.72850000", "time": "2025-07-15T16:07:36.454994Z", "fetched_at": "2025-07-15T16:10:49.972099+00:00", "symbol": "ADA-USD"}, {"trade_id": 143735981, "side": "buy", "size": "49.40306000", "price": "0.72850000", "time": "2025-07-15T16:07:36.450823Z", "fetched_at": "2025-07-15T16:10:49.972099+00:00", "symbol": "ADA-USD"}, {"trade_id": 143735980, "side": "buy", "size": "1.60000000", "price": "0.72850000", "time": "2025-07-15T16:07:36.450823Z", "fetched_at": "2025-07-15T16:10:49.972099+00:00", "symbol": "ADA-USD"}, {"trade_id": 143735979, "side": "buy", "size": "35.26704617", "price": "0.72860000", "time": "2025-07-15T16:07:36.085519Z", "fetched_at": "2025-07-15T16:10:49.972099+00:00", "symbol": "ADA-USD"}, {"trade_id": 143735978, "side": "buy", "size": "1.60000000", "price": "0.72860000", "time": "2025-07-15T16:07:36.085519Z", "fetched_at": "2025-07-15T16:10:49.972099+00:00", "symbol": "ADA-USD"}, {"trade_id": 143735977, "side": "buy", "size": "1.60000000", "price": "0.72870000", "time": "2025-07-15T16:07:35.588460Z", "fetched_at": "2025-07-15T16:10:49.972099+00:00", "symbol": "ADA-USD"}, {"trade_id": 143735976, "side": "buy", "size": "1.60000000", "price": "0.72880000", "time": "2025-07-15T16:07:33.696342Z", "fetched_at": "2025-07-15T16:10:49.972099+00:00", "symbol": "ADA-USD"}, {"trade_id": 143735975, "side": "buy", "size": "51.00306000", "price": "0.72880000", "time": "2025-07-15T16:07:33.677656Z", "fetched_at": "2025-07-15T16:10:49.972099+00:00", "symbol": "ADA-USD"}, {"trade_id": 143735974, "side": "buy", "size": "5288.10000000", "price": "0.72890000", "time": "2025-07-15T16:07:33.673076Z", "fetched_at": "2025-07-15T16:10:49.972099+00:00", "symbol": "ADA-USD"}, {"trade_id": 143735973, "side": "sell", "size": "0.00006000", "price": "0.72890000", "time": "2025-07-15T16:07:28.300060Z", "fetched_at": "2025-07-15T16:10:49.972099+00:00", "symbol": "ADA-USD"}, {"trade_id": 143735972, "side": "sell", "size": "51.00300000", "price": "0.72890000", "time": "2025-07-15T16:07:28.300001Z", "fetched_at": "2025-07-15T16:10:49.972099+00:00", "symbol": "ADA-USD"}, {"trade_id": 143735971, "side": "buy", "size": "567.00000000", "price": "0.72890000", "time": "2025-07-15T16:07:27.795268Z", "fetched_at": "2025-07-15T16:10:49.972099+00:00", "symbol": "ADA-USD"}, {"trade_id": 143735970, "side": "buy", "size": "567.00000000", "price": "0.72890000", "time": "2025-07-15T16:07:27.766519Z", "fetched_at": "2025-07-15T16:10:49.972099+00:00", "symbol": "ADA-USD"}, {"trade_id": 143735969, "side": "buy", "size": "567.00000000", "price": "0.72890000", "time": "2025-07-15T16:07:27.755389Z", "fetched_at": "2025-07-15T16:10:49.972099+00:00", "symbol": "ADA-USD"}, {"trade_id": 143735968, "side": "buy", "size": "567.00000000", "price": "0.72900000", "time": "2025-07-15T16:07:27.745418Z", "fetched_at": "2025-07-15T16:10:49.972099+00:00", "symbol": "ADA-USD"}, {"trade_id": 143735967, "side": "buy", "size": "567.00000000", "price": "0.72910000", "time": "2025-07-15T16:07:27.616553Z", "fetched_at": "2025-07-15T16:10:49.972099+00:00", "symbol": "ADA-USD"}, {"trade_id": 143735966, "side": "buy", "size": "62.27659895", "price": "0.72910000", "time": "2025-07-15T16:07:27.334569Z", "fetched_at": "2025-07-15T16:10:49.972099+00:00", "symbol": "ADA-USD"}, {"trade_id": 143735965, "side": "buy", "size": "5.56600105", "price": "0.72910000", "time": "2025-07-15T16:07:27.334569Z", "fetched_at": "2025-07-15T16:10:49.972099+00:00", "symbol": "ADA-USD"}, {"trade_id": 143735964, "side": "sell", "size": "1.60000000", "price": "0.72910000", "time": "2025-07-15T16:07:27.276813Z", "fetched_at": "2025-07-15T16:10:49.972099+00:00", "symbol": "ADA-USD"}, {"trade_id": 143735963, "side": "sell", "size": "117.74918550", "price": "0.72910000", "time": "2025-07-15T16:07:27.276813Z", "fetched_at": "2025-07-15T16:10:49.972099+00:00", "symbol": "ADA-USD"}, {"trade_id": 143735962, "side": "sell", "size": "306.62597660", "price": "0.72900000", "time": "2025-07-15T16:07:27.206391Z", "fetched_at": "2025-07-15T16:10:49.972099+00:00", "symbol": "ADA-USD"}, {"trade_id": 143735961, "side": "sell", "size": "744.50499853", "price": "0.72900000", "time": "2025-07-15T16:07:27.206391Z", "fetched_at": "2025-07-15T16:10:49.972099+00:00", "symbol": "ADA-USD"}, {"trade_id": 143735960, "side": "sell", "size": "1676.39745135", "price": "0.72900000", "time": "2025-07-15T16:07:27.206391Z", "fetched_at": "2025-07-15T16:10:49.972099+00:00", "symbol": "ADA-USD"}, {"trade_id": 143735959, "side": "sell", "size": "1401.91089193", "price": "0.72900000", "time": "2025-07-15T16:07:27.206391Z", "fetched_at": "2025-07-15T16:10:49.972099+00:00", "symbol": "ADA-USD"}, {"trade_id": 143735958, "side": "sell", "size": "3209.46692028", "price": "0.72900000", "time": "2025-07-15T16:07:27.204917Z", "fetched_at": "2025-07-15T16:10:49.972099+00:00", "symbol": "ADA-USD"}, {"trade_id": 143735957, "side": "sell", "size": "850.50000000", "price": "0.72900000", "time": "2025-07-15T16:07:27.200466Z", "fetched_at": "2025-07-15T16:10:49.972099+00:00", "symbol": "ADA-USD"}, {"trade_id": 143735956, "side": "sell", "size": "497.50800000", "price": "0.72900000", "time": "2025-07-15T16:07:27.180960Z", "fetched_at": "2025-07-15T16:10:49.972099+00:00", "symbol": "ADA-USD"}, {"trade_id": 143735955, "side": "sell", "size": "850.50000000", "price": "0.72900000", "time": "2025-07-15T16:07:27.180680Z", "fetched_at": "2025-07-15T16:10:49.972099+00:00", "symbol": "ADA-USD"}, {"trade_id": 143735954, "side": "sell", "size": "50.70694300", "price": "0.72900000", "time": "2025-07-15T16:07:27.178559Z", "fetched_at": "2025-07-15T16:10:49.972099+00:00", "symbol": "ADA-USD"}, {"trade_id": 143735953, "side": "sell", "size": "0.29611700", "price": "0.72900000", "time": "2025-07-15T16:07:27.178559Z", "fetched_at": "2025-07-15T16:10:49.972099+00:00", "symbol": "ADA-USD"}, {"trade_id": 143735952, "side": "sell", "size": "1672.33241000", "price": "0.72890000", "time": "2025-07-15T16:07:27.157673Z", "fetched_at": "2025-07-15T16:10:49.972099+00:00", "symbol": "ADA-USD"}, {"trade_id": 143735951, "side": "sell", "size": "1672.79142000", "price": "0.72880000", "time": "2025-07-15T16:07:27.155523Z", "fetched_at": "2025-07-15T16:10:49.972099+00:00", "symbol": "ADA-USD"}, {"trade_id": 143735950, "side": "sell", "size": "659.00584375", "price": "0.72880000", "time": "2025-07-15T16:07:27.155523Z", "fetched_at": "2025-07-15T16:10:49.972099+00:00", "symbol": "ADA-USD"}, {"trade_id": 143735949, "side": "sell", "size": "669.99000000", "price": "0.72870000", "time": "2025-07-15T16:07:27.153219Z", "fetched_at": "2025-07-15T16:10:49.972099+00:00", "symbol": "ADA-USD"}, {"trade_id": 143735948, "side": "buy", "size": "377.77808000", "price": "0.72870000", "time": "2025-07-15T16:07:24.110171Z", "fetched_at": "2025-07-15T16:10:49.972099+00:00", "symbol": "ADA-USD"}, {"trade_id": 143735947, "side": "buy", "size": "380.25064000", "price": "0.72870000", "time": "2025-07-15T16:07:24.110171Z", "fetched_at": "2025-07-15T16:10:49.972099+00:00", "symbol": "ADA-USD"}, {"trade_id": 143735946, "side": "buy", "size": "1.60000000", "price": "0.72870000", "time": "2025-07-15T16:07:24.110171Z", "fetched_at": "2025-07-15T16:10:49.972099+00:00", "symbol": "ADA-USD"}, {"trade_id": 143735945, "side": "buy", "size": "22.22192000", "price": "0.72890000", "time": "2025-07-15T16:07:16.702404Z", "fetched_at": "2025-07-15T16:10:49.972099+00:00", "symbol": "ADA-USD"}, {"trade_id": 143735944, "side": "buy", "size": "377.77808000", "price": "0.72890000", "time": "2025-07-15T16:07:16.702404Z", "fetched_at": "2025-07-15T16:10:49.972099+00:00", "symbol": "ADA-USD"}, {"trade_id": 143735943, "side": "sell", "size": "1.30388300", "price": "0.72900000", "time": "2025-07-15T16:07:15.808836Z", "fetched_at": "2025-07-15T16:10:49.972099+00:00", "symbol": "ADA-USD"}, {"trade_id": 143735942, "side": "buy", "size": "380.25064000", "price": "0.72890000", "time": "2025-07-15T16:07:15.055857Z", "fetched_at": "2025-07-15T16:10:49.972099+00:00", "symbol": "ADA-USD"}, {"trade_id": 143735941, "side": "buy", "size": "377.77808000", "price": "0.72890000", "time": "2025-07-15T16:07:15.055857Z", "fetched_at": "2025-07-15T16:10:49.972099+00:00", "symbol": "ADA-USD"}, {"trade_id": 143735940, "side": "sell", "size": "292.70923100", "price": "0.72880000", "time": "2025-07-15T16:07:10.767284Z", "fetched_at": "2025-07-15T16:10:49.972099+00:00", "symbol": "ADA-USD"}, {"trade_id": 143735939, "side": "sell", "size": "233.00000000", "price": "0.72900000", "time": "2025-07-15T16:07:09.470058Z", "fetched_at": "2025-07-15T16:10:49.972099+00:00", "symbol": "ADA-USD"}, {"trade_id": 143735938, "side": "sell", "size": "567.00000000", "price": "0.72900000", "time": "2025-07-15T16:07:09.470058Z", "fetched_at": "2025-07-15T16:10:49.972099+00:00", "symbol": "ADA-USD"}, {"trade_id": 143735937, "side": "sell", "size": "500.00000000", "price": "0.72890000", "time": "2025-07-15T16:07:09.470058Z", "fetched_at": "2025-07-15T16:10:49.972099+00:00", "symbol": "ADA-USD"}, {"trade_id": 143735936, "side": "sell", "size": "500.00000000", "price": "0.72890000", "time": "2025-07-15T16:07:09.470058Z", "fetched_at": "2025-07-15T16:10:49.972099+00:00", "symbol": "ADA-USD"}, {"trade_id": 143735935, "side": "sell", "size": "13.23892500", "price": "0.72890000", "time": "2025-07-15T16:07:04.337248Z", "fetched_at": "2025-07-15T16:10:49.972099+00:00", "symbol": "ADA-USD"}, {"trade_id": 143735934, "side": "sell", "size": "5292.80000000", "price": "0.72870000", "time": "2025-07-15T16:07:03.071704Z", "fetched_at": "2025-07-15T16:10:49.972099+00:00", "symbol": "ADA-USD"}, {"trade_id": 143735933, "side": "buy", "size": "1.60000000", "price": "0.72860000", "time": "2025-07-15T16:07:00.541179Z", "fetched_at": "2025-07-15T16:10:49.972099+00:00", "symbol": "ADA-USD"}, {"trade_id": 143735932, "side": "buy", "size": "141.84432200", "price": "0.72880000", "time": "2025-07-15T16:06:58.930670Z", "fetched_at": "2025-07-15T16:10:49.972099+00:00", "symbol": "ADA-USD"}, {"trade_id": 143735931, "side": "sell", "size": "2739.47743174", "price": "0.72890000", "time": "2025-07-15T16:06:56.872505Z", "fetched_at": "2025-07-15T16:10:49.972099+00:00", "symbol": "ADA-USD"}, {"trade_id": 143735930, "side": "buy", "size": "51.00306000", "price": "0.72890000", "time": "2025-07-15T16:06:50.550006Z", "fetched_at": "2025-07-15T16:10:49.972099+00:00", "symbol": "ADA-USD"}, {"trade_id": 143735929, "side": "buy", "size": "225.53099000", "price": "0.72890000", "time": "2025-07-15T16:06:50.549934Z", "fetched_at": "2025-07-15T16:10:49.972099+00:00", "symbol": "ADA-USD"}, {"trade_id": 143735928, "side": "buy", "size": "567.00000000", "price": "0.72900000", "time": "2025-07-15T16:06:50.520435Z", "fetched_at": "2025-07-15T16:10:49.972099+00:00", "symbol": "ADA-USD"}, {"trade_id": 143735927, "side": "buy", "size": "380.25064000", "price": "0.72900000", "time": "2025-07-15T16:06:50.520435Z", "fetched_at": "2025-07-15T16:10:49.972099+00:00", "symbol": "ADA-USD"}, {"trade_id": 143735926, "side": "buy", "size": "8.00731480", "price": "0.72900000", "time": "2025-07-15T16:06:50.520435Z", "fetched_at": "2025-07-15T16:10:49.972099+00:00", "symbol": "ADA-USD"}, {"trade_id": 143735925, "side": "buy", "size": "377.77808000", "price": "0.72900000", "time": "2025-07-15T16:06:50.520435Z", "fetched_at": "2025-07-15T16:10:49.972099+00:00", "symbol": "ADA-USD"}, {"trade_id": 143735924, "side": "buy", "size": "567.00000000", "price": "0.72890000", "time": "2025-07-15T16:06:49.438407Z", "fetched_at": "2025-07-15T16:10:49.972099+00:00", "symbol": "ADA-USD"}, {"trade_id": 143735923, "side": "buy", "size": "386.48510390", "price": "0.72900000", "time": "2025-07-15T16:06:49.213137Z", "fetched_at": "2025-07-15T16:10:49.972099+00:00", "symbol": "ADA-USD"}, {"trade_id": 143735922, "side": "buy", "size": "567.00000000", "price": "0.72910000", "time": "2025-07-15T16:06:49.058717Z", "fetched_at": "2025-07-15T16:10:49.972099+00:00", "symbol": "ADA-USD"}, {"trade_id": 143735921, "side": "buy", "size": "63.31574042", "price": "0.72900000", "time": "2025-07-15T16:06:48.709982Z", "fetched_at": "2025-07-15T16:10:49.972099+00:00", "symbol": "ADA-USD"}, {"trade_id": 143735920, "side": "buy", "size": "4.52685958", "price": "0.72900000", "time": "2025-07-15T16:06:48.709982Z", "fetched_at": "2025-07-15T16:10:49.972099+00:00", "symbol": "ADA-USD"}, {"trade_id": 143735919, "side": "sell", "size": "1.60000000", "price": "0.72910000", "time": "2025-07-15T16:06:48.704226Z", "fetched_at": "2025-07-15T16:10:49.972099+00:00", "symbol": "ADA-USD"}, {"trade_id": 143735918, "side": "sell", "size": "1832.57084000", "price": "0.72900000", "time": "2025-07-15T16:06:48.642234Z", "fetched_at": "2025-07-15T16:10:49.972099+00:00", "symbol": "ADA-USD"}, {"trade_id": 143735917, "side": "sell", "size": "1.60000000", "price": "0.72900000", "time": "2025-07-15T16:06:48.642234Z", "fetched_at": "2025-07-15T16:10:49.972099+00:00", "symbol": "ADA-USD"}, {"trade_id": 143735916, "side": "sell", "size": "1672.33241000", "price": "0.72900000", "time": "2025-07-15T16:06:48.642234Z", "fetched_at": "2025-07-15T16:10:49.972099+00:00", "symbol": "ADA-USD"}, {"trade_id": 143735915, "side": "sell", "size": "306.62597660", "price": "0.72890000", "time": "2025-07-15T16:06:48.599369Z", "fetched_at": "2025-07-15T16:10:49.972099+00:00", "symbol": "ADA-USD"}, {"trade_id": 143735914, "side": "sell", "size": "500.00000000", "price": "0.72890000", "time": "2025-07-15T16:06:48.598783Z", "fetched_at": "2025-07-15T16:10:49.972099+00:00", "symbol": "ADA-USD"}, {"trade_id": 143735913, "side": "sell", "size": "1672.33241000", "price": "0.72890000", "time": "2025-07-15T16:06:48.598783Z", "fetched_at": "2025-07-15T16:10:49.972099+00:00", "symbol": "ADA-USD"}, {"trade_id": 143735912, "side": "sell", "size": "5190.30000000", "price": "0.72880000", "time": "2025-07-15T16:06:48.589267Z", "fetched_at": "2025-07-15T16:10:49.972099+00:00", "symbol": "ADA-USD"}, {"trade_id": 143735911, "side": "sell", "size": "13.98225049", "price": "0.72880000", "time": "2025-07-15T16:06:48.589267Z", "fetched_at": "2025-07-15T16:10:49.972099+00:00", "symbol": "ADA-USD"}, {"trade_id": 143735910, "side": "sell", "size": "1.60000000", "price": "0.72880000", "time": "2025-07-15T16:06:48.589267Z", "fetched_at": "2025-07-15T16:10:49.972099+00:00", "symbol": "ADA-USD"}, {"trade_id": 143735909, "side": "sell", "size": "1672.67660000", "price": "0.72880000", "time": "2025-07-15T16:06:48.589267Z", "fetched_at": "2025-07-15T16:10:49.972099+00:00", "symbol": "ADA-USD"}, {"trade_id": 143735908, "side": "sell", "size": "567.00000000", "price": "0.72880000", "time": "2025-07-15T16:06:48.589267Z", "fetched_at": "2025-07-15T16:10:49.972099+00:00", "symbol": "ADA-USD"}, {"trade_id": 143735907, "side": "sell", "size": "690.80217124", "price": "0.72870000", "time": "2025-07-15T16:06:48.587350Z", "fetched_at": "2025-07-15T16:10:49.972099+00:00", "symbol": "ADA-USD"}, {"trade_id": 143735906, "side": "sell", "size": "1832.57084000", "price": "0.72870000", "time": "2025-07-15T16:06:48.587350Z", "fetched_at": "2025-07-15T16:10:49.972099+00:00", "symbol": "ADA-USD"}, {"trade_id": 143735905, "side": "sell", "size": "658.99306708", "price": "0.72870000", "time": "2025-07-15T16:06:48.587350Z", "fetched_at": "2025-07-15T16:10:49.972099+00:00", "symbol": "ADA-USD"}, {"trade_id": 143735904, "side": "sell", "size": "567.00000000", "price": "0.72870000", "time": "2025-07-15T16:06:48.587350Z", "fetched_at": "2025-07-15T16:10:49.972099+00:00", "symbol": "ADA-USD"}, {"trade_id": 143735903, "side": "sell", "size": "1.60000000", "price": "0.72860000", "time": "2025-07-15T16:06:48.578050Z", "fetched_at": "2025-07-15T16:10:49.972099+00:00", "symbol": "ADA-USD"}, {"trade_id": 143735902, "side": "sell", "size": "5.22675358", "price": "0.72850000", "time": "2025-07-15T16:06:48.578050Z", "fetched_at": "2025-07-15T16:10:49.972099+00:00", "symbol": "ADA-USD"}, {"trade_id": 143735901, "side": "sell", "size": "1.60000000", "price": "0.72850000", "time": "2025-07-15T16:06:48.578050Z", "fetched_at": "2025-07-15T16:10:49.972099+00:00", "symbol": "ADA-USD"}, {"trade_id": 143735900, "side": "buy", "size": "30.01713700", "price": "0.72840000", "time": "2025-07-15T16:06:48.550785Z", "fetched_at": "2025-07-15T16:10:49.972099+00:00", "symbol": "ADA-USD"}, {"trade_id": 143735899, "side": "sell", "size": "68.39538714", "price": "0.72840000", "time": "2025-07-15T16:06:46.859190Z", "fetched_at": "2025-07-15T16:10:49.972099+00:00", "symbol": "ADA-USD"}, {"trade_id": 143735898, "side": "sell", "size": "2408.47294680", "price": "0.72840000", "time": "2025-07-15T16:06:45.427293Z", "fetched_at": "2025-07-15T16:10:49.972099+00:00", "symbol": "ADA-USD"}, {"trade_id": 143735897, "side": "sell", "size": "1.60000000", "price": "0.72840000", "time": "2025-07-15T16:06:45.427293Z", "fetched_at": "2025-07-15T16:10:49.972099+00:00", "symbol": "ADA-USD"}, {"trade_id": 143735896, "side": "sell", "size": "609.04352186", "price": "0.72840000", "time": "2025-07-15T16:06:45.427293Z", "fetched_at": "2025-07-15T16:10:49.972099+00:00", "symbol": "ADA-USD"}, {"trade_id": 143735895, "side": "sell", "size": "777.89758034", "price": "0.72840000", "time": "2025-07-15T16:06:45.427293Z", "fetched_at": "2025-07-15T16:10:49.972099+00:00", "symbol": "ADA-USD"}, {"trade_id": 143735894, "side": "sell", "size": "127.65357159", "price": "0.72820000", "time": "2025-07-15T16:06:43.209378Z", "fetched_at": "2025-07-15T16:10:49.972099+00:00", "symbol": "ADA-USD"}, {"trade_id": 143735893, "side": "sell", "size": "777.89758034", "price": "0.72820000", "time": "2025-07-15T16:06:43.209378Z", "fetched_at": "2025-07-15T16:10:49.972099+00:00", "symbol": "ADA-USD"}, {"trade_id": 143735892, "side": "sell", "size": "26.01705900", "price": "0.72820000", "time": "2025-07-15T16:06:39.793021Z", "fetched_at": "2025-07-15T16:10:49.972099+00:00", "symbol": "ADA-USD"}, {"trade_id": 143735891, "side": "buy", "size": "380.25064000", "price": "0.72820000", "time": "2025-07-15T16:06:38.706221Z", "fetched_at": "2025-07-15T16:10:49.972099+00:00", "symbol": "ADA-USD"}, {"trade_id": 143735890, "side": "sell", "size": "134.05641607", "price": "0.72810000", "time": "2025-07-15T16:06:37.094775Z", "fetched_at": "2025-07-15T16:10:49.972099+00:00", "symbol": "ADA-USD"}, {"trade_id": 143735889, "side": "buy", "size": "567.00000000", "price": "0.72800000", "time": "2025-07-15T16:06:37.032850Z", "fetched_at": "2025-07-15T16:10:49.972099+00:00", "symbol": "ADA-USD"}, {"trade_id": 143735888, "side": "buy", "size": "1.60000000", "price": "0.72800000", "time": "2025-07-15T16:06:37.032850Z", "fetched_at": "2025-07-15T16:10:49.972099+00:00", "symbol": "ADA-USD"}, {"trade_id": 143735887, "side": "buy", "size": "567.00000000", "price": "0.72810000", "time": "2025-07-15T16:06:36.892008Z", "fetched_at": "2025-07-15T16:10:49.972099+00:00", "symbol": "ADA-USD"}, {"trade_id": 143735886, "side": "buy", "size": "1.60000000", "price": "0.72810000", "time": "2025-07-15T16:06:36.892008Z", "fetched_at": "2025-07-15T16:10:49.972099+00:00", "symbol": "ADA-USD"}, {"trade_id": 143735885, "side": "sell", "size": "430.04144182", "price": "0.72820000", "time": "2025-07-15T16:06:36.356291Z", "fetched_at": "2025-07-15T16:10:49.972099+00:00", "symbol": "ADA-USD"}, {"trade_id": 143735884, "side": "sell", "size": "199.90068000", "price": "0.72820000", "time": "2025-07-15T16:06:36.356291Z", "fetched_at": "2025-07-15T16:10:49.972099+00:00", "symbol": "ADA-USD"}, {"trade_id": 143735883, "side": "sell", "size": "51.00306000", "price": "0.72820000", "time": "2025-07-15T16:06:36.356291Z", "fetched_at": "2025-07-15T16:10:49.972099+00:00", "symbol": "ADA-USD"}, {"trade_id": 143735882, "side": "sell", "size": "3.30505826", "price": "0.72820000", "time": "2025-07-15T16:06:36.356291Z", "fetched_at": "2025-07-15T16:10:49.972099+00:00", "symbol": "ADA-USD"}, {"trade_id": 143735881, "side": "buy", "size": "1.60000000", "price": "0.72820000", "time": "2025-07-15T16:06:33.752534Z", "fetched_at": "2025-07-15T16:10:49.972099+00:00", "symbol": "ADA-USD"}, {"trade_id": 143735880, "side": "buy", "size": "77.78346767", "price": "0.72830000", "time": "2025-07-15T16:06:33.183751Z", "fetched_at": "2025-07-15T16:10:49.972099+00:00", "symbol": "ADA-USD"}, {"trade_id": 143735879, "side": "buy", "size": "1.60000000", "price": "0.72830000", "time": "2025-07-15T16:06:33.183751Z", "fetched_at": "2025-07-15T16:10:49.972099+00:00", "symbol": "ADA-USD"}, {"trade_id": 143735878, "side": "sell", "size": "133.28629500", "price": "0.72840000", "time": "2025-07-15T16:06:33.090452Z", "fetched_at": "2025-07-15T16:10:49.972099+00:00", "symbol": "ADA-USD"}, {"trade_id": 143735877, "side": "buy", "size": "1.60000000", "price": "0.72840000", "time": "2025-07-15T16:06:32.582189Z", "fetched_at": "2025-07-15T16:10:49.972099+00:00", "symbol": "ADA-USD"}, {"trade_id": 143735876, "side": "buy", "size": "1.60000000", "price": "0.72850000", "time": "2025-07-15T16:06:32.493155Z", "fetched_at": "2025-07-15T16:10:49.972099+00:00", "symbol": "ADA-USD"}, {"trade_id": 143735875, "side": "buy", "size": "1.60000000", "price": "0.72860000", "time": "2025-07-15T16:06:31.842243Z", "fetched_at": "2025-07-15T16:10:49.972099+00:00", "symbol": "ADA-USD"}, {"trade_id": 143735874, "side": "sell", "size": "1172.08546172", "price": "0.72880000", "time": "2025-07-15T16:06:30.912506Z", "fetched_at": "2025-07-15T16:10:49.972099+00:00", "symbol": "ADA-USD"}, {"trade_id": 143735873, "side": "sell", "size": "709.08903107", "price": "0.72880000", "time": "2025-07-15T16:06:30.912506Z", "fetched_at": "2025-07-15T16:10:49.972099+00:00", "symbol": "ADA-USD"}, {"trade_id": 143735872, "side": "sell", "size": "630.65409459", "price": "0.72880000", "time": "2025-07-15T16:06:30.912506Z", "fetched_at": "2025-07-15T16:10:49.972099+00:00", "symbol": "ADA-USD"}, {"trade_id": 143735871, "side": "sell", "size": "199.90068000", "price": "0.72870000", "time": "2025-07-15T16:06:30.912506Z", "fetched_at": "2025-07-15T16:10:49.972099+00:00", "symbol": "ADA-USD"}, {"trade_id": 143735870, "side": "buy", "size": "14.23697623", "price": "0.72870000", "time": "2025-07-15T16:06:30.533396Z", "fetched_at": "2025-07-15T16:10:49.972099+00:00", "symbol": "ADA-USD"}, {"trade_id": 143735869, "side": "buy", "size": "136.98397365", "price": "0.72870000", "time": "2025-07-15T16:06:29.529411Z", "fetched_at": "2025-07-15T16:10:49.972099+00:00", "symbol": "ADA-USD"}, {"trade_id": 143735868, "side": "buy", "size": "1.60000000", "price": "0.72870000", "time": "2025-07-15T16:06:29.529411Z", "fetched_at": "2025-07-15T16:10:49.972099+00:00", "symbol": "ADA-USD"}, {"trade_id": 143735867, "side": "sell", "size": "45.26754100", "price": "0.72890000", "time": "2025-07-15T16:06:28.813612Z", "fetched_at": "2025-07-15T16:10:49.972099+00:00", "symbol": "ADA-USD"}, {"trade_id": 143735866, "side": "sell", "size": "51.00306000", "price": "0.72890000", "time": "2025-07-15T16:06:28.813612Z", "fetched_at": "2025-07-15T16:10:49.972099+00:00", "symbol": "ADA-USD"}, {"trade_id": 143735865, "side": "sell", "size": "40.92242960", "price": "0.72890000", "time": "2025-07-15T16:06:28.813612Z", "fetched_at": "2025-07-15T16:10:49.972099+00:00", "symbol": "ADA-USD"}, {"trade_id": 143735864, "side": "buy", "size": "713.79217170", "price": "0.72870000", "time": "2025-07-15T16:06:25.415692Z", "fetched_at": "2025-07-15T16:10:49.972099+00:00", "symbol": "ADA-USD"}, {"trade_id": 143735863, "side": "buy", "size": "1.60000000", "price": "0.72880000", "time": "2025-07-15T16:06:25.415692Z", "fetched_at": "2025-07-15T16:10:49.972099+00:00", "symbol": "ADA-USD"}, {"trade_id": 143735862, "side": "buy", "size": "815.24183066", "price": "0.72880000", "time": "2025-07-15T16:06:25.415692Z", "fetched_at": "2025-07-15T16:10:49.972099+00:00", "symbol": "ADA-USD"}, {"trade_id": 143735861, "side": "buy", "size": "1672.33241000", "price": "0.72880000", "time": "2025-07-15T16:06:25.415692Z", "fetched_at": "2025-07-15T16:10:49.972099+00:00", "symbol": "ADA-USD"}, {"trade_id": 143735860, "side": "buy", "size": "632.67609442", "price": "0.72880000", "time": "2025-07-15T16:06:25.415692Z", "fetched_at": "2025-07-15T16:10:49.972099+00:00", "symbol": "ADA-USD"}, {"trade_id": 143735859, "side": "buy", "size": "777.89758034", "price": "0.72880000", "time": "2025-07-15T16:06:25.415692Z", "fetched_at": "2025-07-15T16:10:49.972099+00:00", "symbol": "ADA-USD"}, {"trade_id": 143735858, "side": "buy", "size": "172.73484047", "price": "0.72890000", "time": "2025-07-15T16:06:25.415692Z", "fetched_at": "2025-07-15T16:10:49.972099+00:00", "symbol": "ADA-USD"}, {"trade_id": 143735857, "side": "buy", "size": "18.67705940", "price": "0.72890000", "time": "2025-07-15T16:06:25.415692Z", "fetched_at": "2025-07-15T16:10:49.972099+00:00", "symbol": "ADA-USD"}, {"trade_id": 143735856, "side": "buy", "size": "380.25064000", "price": "0.72900000", "time": "2025-07-15T16:06:25.415692Z", "fetched_at": "2025-07-15T16:10:49.972099+00:00", "symbol": "ADA-USD"}, {"trade_id": 143735855, "side": "buy", "size": "377.77808000", "price": "0.72900000", "time": "2025-07-15T16:06:25.415692Z", "fetched_at": "2025-07-15T16:10:49.972099+00:00", "symbol": "ADA-USD"}, {"trade_id": 143735854, "side": "sell", "size": "25.56794700", "price": "0.72910000", "time": "2025-07-15T16:06:23.650687Z", "fetched_at": "2025-07-15T16:10:49.972099+00:00", "symbol": "ADA-USD"}, {"trade_id": 143735853, "side": "sell", "size": "1.60000000", "price": "0.72900000", "time": "2025-07-15T16:06:23.650687Z", "fetched_at": "2025-07-15T16:10:49.972099+00:00", "symbol": "ADA-USD"}, {"trade_id": 143735852, "side": "sell", "size": "9.08044185", "price": "0.72890000", "time": "2025-07-15T16:06:21.826302Z", "fetched_at": "2025-07-15T16:10:49.972099+00:00", "symbol": "ADA-USD"}, {"trade_id": 143735851, "side": "sell", "size": "1.60000000", "price": "0.72890000", "time": "2025-07-15T16:06:21.826302Z", "fetched_at": "2025-07-15T16:10:49.972099+00:00", "symbol": "ADA-USD"}, {"trade_id": 143735850, "side": "buy", "size": "377.77808000", "price": "0.72880000", "time": "2025-07-15T16:06:18.129620Z", "fetched_at": "2025-07-15T16:10:49.972099+00:00", "symbol": "ADA-USD"}, {"trade_id": 143735849, "side": "buy", "size": "380.25064000", "price": "0.72880000", "time": "2025-07-15T16:06:18.129620Z", "fetched_at": "2025-07-15T16:10:49.972099+00:00", "symbol": "ADA-USD"}, {"trade_id": 143735848, "side": "sell", "size": "33.89626783", "price": "0.72880000", "time": "2025-07-15T16:06:14.311404Z", "fetched_at": "2025-07-15T16:10:49.972099+00:00", "symbol": "ADA-USD"}, {"trade_id": 143735847, "side": "sell", "size": "174.57018134", "price": "0.72890000", "time": "2025-07-15T16:06:13.029851Z", "fetched_at": "2025-07-15T16:10:49.972099+00:00", "symbol": "ADA-USD"}, {"trade_id": 143735846, "side": "sell", "size": "312.45717912", "price": "0.72890000", "time": "2025-07-15T16:06:13.029851Z", "fetched_at": "2025-07-15T16:10:49.972099+00:00", "symbol": "ADA-USD"}, {"trade_id": 143735845, "side": "sell", "size": "1672.10291000", "price": "0.72890000", "time": "2025-07-15T16:06:13.029851Z", "fetched_at": "2025-07-15T16:10:49.972099+00:00", "symbol": "ADA-USD"}, {"trade_id": 143735844, "side": "sell", "size": "777.89758034", "price": "0.72890000", "time": "2025-07-15T16:06:13.029851Z", "fetched_at": "2025-07-15T16:10:49.972099+00:00", "symbol": "ADA-USD"}, {"trade_id": 143735843, "side": "sell", "size": "3.60924258", "price": "0.72890000", "time": "2025-07-15T16:06:13.029851Z", "fetched_at": "2025-07-15T16:10:49.972099+00:00", "symbol": "ADA-USD"}, {"trade_id": 143735842, "side": "sell", "size": "5200.20000000", "price": "0.72880000", "time": "2025-07-15T16:06:13.029851Z", "fetched_at": "2025-07-15T16:10:49.972099+00:00", "symbol": "ADA-USD"}, {"trade_id": 143735841, "side": "sell", "size": "78.73037262", "price": "0.72880000", "time": "2025-07-15T16:06:13.029851Z", "fetched_at": "2025-07-15T16:10:49.972099+00:00", "symbol": "ADA-USD"}, {"trade_id": 143735840, "side": "sell", "size": "2.95030558", "price": "0.72870000", "time": "2025-07-15T16:06:12.963826Z", "fetched_at": "2025-07-15T16:10:49.972099+00:00", "symbol": "ADA-USD"}, {"trade_id": 143735839, "side": "sell", "size": "1.60000000", "price": "0.72870000", "time": "2025-07-15T16:06:12.963826Z", "fetched_at": "2025-07-15T16:10:49.972099+00:00", "symbol": "ADA-USD"}, {"trade_id": 143735838, "side": "sell", "size": "2.92026178", "price": "0.72860000", "time": "2025-07-15T16:06:12.563106Z", "fetched_at": "2025-07-15T16:10:49.972099+00:00", "symbol": "ADA-USD"}, {"trade_id": 143735837, "side": "sell", "size": "2.75570190", "price": "0.72860000", "time": "2025-07-15T16:06:12.563106Z", "fetched_at": "2025-07-15T16:10:49.972099+00:00", "symbol": "ADA-USD"}, {"trade_id": 143735836, "side": "sell", "size": "82.80000000", "price": "0.72850000", "time": "2025-07-15T16:06:12.258749Z", "fetched_at": "2025-07-15T16:10:49.972099+00:00", "symbol": "ADA-USD"}, {"trade_id": 143735835, "side": "buy", "size": "1.60000000", "price": "0.72850000", "time": "2025-07-15T16:06:12.129890Z", "fetched_at": "2025-07-15T16:10:49.972099+00:00", "symbol": "ADA-USD"}, {"trade_id": 143735834, "side": "buy", "size": "95.37233002", "price": "0.72860000", "time": "2025-07-15T16:06:10.893214Z", "fetched_at": "2025-07-15T16:10:49.972099+00:00", "symbol": "ADA-USD"}, {"trade_id": 143735833, "side": "buy", "size": "51.00306000", "price": "0.72860000", "time": "2025-07-15T16:06:10.892751Z", "fetched_at": "2025-07-15T16:10:49.972099+00:00", "symbol": "ADA-USD"}, {"trade_id": 143735832, "side": "sell", "size": "20.37910000", "price": "0.72870000", "time": "2025-07-15T16:06:10.891612Z", "fetched_at": "2025-07-15T16:10:49.972099+00:00", "symbol": "ADA-USD"}, {"trade_id": 143735831, "side": "buy", "size": "125.75328000", "price": "0.72860000", "time": "2025-07-15T16:06:10.888350Z", "fetched_at": "2025-07-15T16:10:49.972099+00:00", "symbol": "ADA-USD"}, {"trade_id": 143735830, "side": "buy", "size": "49.40306000", "price": "0.72860000", "time": "2025-07-15T16:06:10.888221Z", "fetched_at": "2025-07-15T16:10:49.972099+00:00", "symbol": "ADA-USD"}, {"trade_id": 143735829, "side": "buy", "size": "1.60000000", "price": "0.72860000", "time": "2025-07-15T16:06:10.888221Z", "fetched_at": "2025-07-15T16:10:49.972099+00:00", "symbol": "ADA-USD"}, {"trade_id": 143735828, "side": "buy", "size": "1.60000000", "price": "0.72870000", "time": "2025-07-15T16:06:10.676112Z", "fetched_at": "2025-07-15T16:10:49.972099+00:00", "symbol": "ADA-USD"}, {"trade_id": 143735827, "side": "buy", "size": "1.60000000", "price": "0.72880000", "time": "2025-07-15T16:06:09.346103Z", "fetched_at": "2025-07-15T16:10:49.972099+00:00", "symbol": "ADA-USD"}