[{"trade_id": 143730161, "side": "sell", "size": "770.00335309", "price": "0.71890000", "time": "2025-07-15T15:20:16.899820Z", "fetched_at": "2025-07-15T15:20:18.859685+00:00", "symbol": "ADA-USD"}, {"trade_id": 143730160, "side": "sell", "size": "336.15703524", "price": "0.71890000", "time": "2025-07-15T15:20:16.899820Z", "fetched_at": "2025-07-15T15:20:18.859685+00:00", "symbol": "ADA-USD"}, {"trade_id": 143730159, "side": "sell", "size": "567.00000000", "price": "0.71890000", "time": "2025-07-15T15:20:16.899820Z", "fetched_at": "2025-07-15T15:20:18.859685+00:00", "symbol": "ADA-USD"}, {"trade_id": 143730158, "side": "sell", "size": "67.84260000", "price": "0.71870000", "time": "2025-07-15T15:20:16.449962Z", "fetched_at": "2025-07-15T15:20:18.859685+00:00", "symbol": "ADA-USD"}, {"trade_id": 143730157, "side": "buy", "size": "25.05085400", "price": "0.71870000", "time": "2025-07-15T15:20:15.679154Z", "fetched_at": "2025-07-15T15:20:18.859685+00:00", "symbol": "ADA-USD"}, {"trade_id": 143730156, "side": "buy", "size": "51.00306000", "price": "0.71870000", "time": "2025-07-15T15:20:15.679154Z", "fetched_at": "2025-07-15T15:20:18.859685+00:00", "symbol": "ADA-USD"}, {"trade_id": 143730155, "side": "sell", "size": "470.03872183", "price": "0.71880000", "time": "2025-07-15T15:20:15.509290Z", "fetched_at": "2025-07-15T15:20:18.859685+00:00", "symbol": "ADA-USD"}, {"trade_id": 143730154, "side": "sell", "size": "751.29904297", "price": "0.71880000", "time": "2025-07-15T15:20:15.437209Z", "fetched_at": "2025-07-15T15:20:18.859685+00:00", "symbol": "ADA-USD"}, {"trade_id": 143730153, "side": "sell", "size": "691.32057865", "price": "0.71870000", "time": "2025-07-15T15:20:14.231127Z", "fetched_at": "2025-07-15T15:20:18.859685+00:00", "symbol": "ADA-USD"}, {"trade_id": 143730152, "side": "buy", "size": "1.60000000", "price": "0.71880000", "time": "2025-07-15T15:20:13.804788Z", "fetched_at": "2025-07-15T15:20:18.859685+00:00", "symbol": "ADA-USD"}, {"trade_id": 143730151, "side": "buy", "size": "312.89508201", "price": "0.71880000", "time": "2025-07-15T15:20:13.804788Z", "fetched_at": "2025-07-15T15:20:18.859685+00:00", "symbol": "ADA-USD"}, {"trade_id": 143730150, "side": "buy", "size": "1.60000000", "price": "0.71890000", "time": "2025-07-15T15:20:13.727929Z", "fetched_at": "2025-07-15T15:20:18.859685+00:00", "symbol": "ADA-USD"}, {"trade_id": 143730149, "side": "buy", "size": "1.60000000", "price": "0.71900000", "time": "2025-07-15T15:20:11.388814Z", "fetched_at": "2025-07-15T15:20:18.859685+00:00", "symbol": "ADA-USD"}, {"trade_id": 143730148, "side": "buy", "size": "5198.20000000", "price": "0.71900000", "time": "2025-07-15T15:20:11.388814Z", "fetched_at": "2025-07-15T15:20:18.859685+00:00", "symbol": "ADA-USD"}, {"trade_id": 143730147, "side": "buy", "size": "1.60000000", "price": "0.71910000", "time": "2025-07-15T15:20:11.355337Z", "fetched_at": "2025-07-15T15:20:18.859685+00:00", "symbol": "ADA-USD"}, {"trade_id": 143730146, "side": "sell", "size": "67.84260000", "price": "0.71920000", "time": "2025-07-15T15:20:08.018035Z", "fetched_at": "2025-07-15T15:20:18.859685+00:00", "symbol": "ADA-USD"}, {"trade_id": 143730145, "side": "sell", "size": "561.13470965", "price": "0.71920000", "time": "2025-07-15T15:20:08.018035Z", "fetched_at": "2025-07-15T15:20:18.859685+00:00", "symbol": "ADA-USD"}, {"trade_id": 143730144, "side": "sell", "size": "67.84260000", "price": "0.71920000", "time": "2025-07-15T15:20:08.017304Z", "fetched_at": "2025-07-15T15:20:18.859685+00:00", "symbol": "ADA-USD"}, {"trade_id": 143730143, "side": "sell", "size": "1.60000000", "price": "0.71930000", "time": "2025-07-15T15:20:05.341341Z", "fetched_at": "2025-07-15T15:20:18.859685+00:00", "symbol": "ADA-USD"}, {"trade_id": 143730142, "side": "sell", "size": "13.14649438", "price": "0.71910000", "time": "2025-07-15T15:20:04.262038Z", "fetched_at": "2025-07-15T15:20:18.859685+00:00", "symbol": "ADA-USD"}, {"trade_id": 143730141, "side": "sell", "size": "13.23514662", "price": "0.71910000", "time": "2025-07-15T15:20:02.327694Z", "fetched_at": "2025-07-15T15:20:18.859685+00:00", "symbol": "ADA-USD"}, {"trade_id": 143730140, "side": "sell", "size": "13.14649438", "price": "0.71910000", "time": "2025-07-15T15:20:02.327694Z", "fetched_at": "2025-07-15T15:20:18.859685+00:00", "symbol": "ADA-USD"}, {"trade_id": 143730139, "side": "sell", "size": "135.17652000", "price": "0.71890000", "time": "2025-07-15T15:20:00.448347Z", "fetched_at": "2025-07-15T15:20:18.859685+00:00", "symbol": "ADA-USD"}, {"trade_id": 143730138, "side": "sell", "size": "420.30824000", "price": "0.71920000", "time": "2025-07-15T15:19:56.052520Z", "fetched_at": "2025-07-15T15:20:18.859685+00:00", "symbol": "ADA-USD"}, {"trade_id": 143730137, "side": "sell", "size": "4.94033400", "price": "0.71920000", "time": "2025-07-15T15:19:53.650375Z", "fetched_at": "2025-07-15T15:20:18.859685+00:00", "symbol": "ADA-USD"}, {"trade_id": 143730136, "side": "sell", "size": "1.60000000", "price": "0.71920000", "time": "2025-07-15T15:19:53.650375Z", "fetched_at": "2025-07-15T15:20:18.859685+00:00", "symbol": "ADA-USD"}, {"trade_id": 143730135, "side": "sell", "size": "1.67345142", "price": "0.71910000", "time": "2025-07-15T15:19:53.496952Z", "fetched_at": "2025-07-15T15:20:18.859685+00:00", "symbol": "ADA-USD"}, {"trade_id": 143730134, "side": "sell", "size": "2.23126856", "price": "0.71910000", "time": "2025-07-15T15:19:53.445827Z", "fetched_at": "2025-07-15T15:20:18.859685+00:00", "symbol": "ADA-USD"}, {"trade_id": 143730133, "side": "sell", "size": "2.97502474", "price": "0.71910000", "time": "2025-07-15T15:19:53.232199Z", "fetched_at": "2025-07-15T15:20:18.859685+00:00", "symbol": "ADA-USD"}, {"trade_id": 143730132, "side": "sell", "size": "1.60000000", "price": "0.71910000", "time": "2025-07-15T15:19:53.118662Z", "fetched_at": "2025-07-15T15:20:18.859685+00:00", "symbol": "ADA-USD"}, {"trade_id": 143730131, "side": "sell", "size": "3.96669966", "price": "0.71890000", "time": "2025-07-15T15:19:52.646783Z", "fetched_at": "2025-07-15T15:20:18.859685+00:00", "symbol": "ADA-USD"}, {"trade_id": 143730130, "side": "sell", "size": "5.28893288", "price": "0.71890000", "time": "2025-07-15T15:19:52.623425Z", "fetched_at": "2025-07-15T15:20:18.859685+00:00", "symbol": "ADA-USD"}, {"trade_id": 143730129, "side": "sell", "size": "7.05191051", "price": "0.71890000", "time": "2025-07-15T15:19:52.607015Z", "fetched_at": "2025-07-15T15:20:18.859685+00:00", "symbol": "ADA-USD"}, {"trade_id": 143730128, "side": "sell", "size": "9.40254733", "price": "0.71880000", "time": "2025-07-15T15:19:52.480675Z", "fetched_at": "2025-07-15T15:20:18.859685+00:00", "symbol": "ADA-USD"}, {"trade_id": 143730127, "side": "sell", "size": "50.81451708", "price": "0.71880000", "time": "2025-07-15T15:19:52.358758Z", "fetched_at": "2025-07-15T15:20:18.859685+00:00", "symbol": "ADA-USD"}, {"trade_id": 143730126, "side": "sell", "size": "7.87190010", "price": "0.71880000", "time": "2025-07-15T15:19:52.358758Z", "fetched_at": "2025-07-15T15:20:18.859685+00:00", "symbol": "ADA-USD"}, {"trade_id": 143730125, "side": "sell", "size": "10.49586680", "price": "0.71880000", "time": "2025-07-15T15:19:51.928287Z", "fetched_at": "2025-07-15T15:20:18.859685+00:00", "symbol": "ADA-USD"}, {"trade_id": 143730124, "side": "buy", "size": "13.91014050", "price": "0.71890000", "time": "2025-07-15T15:19:51.889976Z", "fetched_at": "2025-07-15T15:20:18.859685+00:00", "symbol": "ADA-USD"}, {"trade_id": 143730123, "side": "buy", "size": "13.91014050", "price": "0.71890000", "time": "2025-07-15T15:19:51.779304Z", "fetched_at": "2025-07-15T15:20:18.859685+00:00", "symbol": "ADA-USD"}, {"trade_id": 143730122, "side": "buy", "size": "13.90820585", "price": "0.71900000", "time": "2025-07-15T15:19:51.620624Z", "fetched_at": "2025-07-15T15:20:18.859685+00:00", "symbol": "ADA-USD"}, {"trade_id": 143730121, "side": "buy", "size": "449.96227768", "price": "0.71900000", "time": "2025-07-15T15:19:51.620624Z", "fetched_at": "2025-07-15T15:20:18.859685+00:00", "symbol": "ADA-USD"}, {"trade_id": 143730120, "side": "sell", "size": "500.00000000", "price": "0.71910000", "time": "2025-07-15T15:19:48.160541Z", "fetched_at": "2025-07-15T15:20:18.859685+00:00", "symbol": "ADA-USD"}, {"trade_id": 143730119, "side": "sell", "size": "500.00000000", "price": "0.71910000", "time": "2025-07-15T15:19:48.143923Z", "fetched_at": "2025-07-15T15:20:18.859685+00:00", "symbol": "ADA-USD"}, {"trade_id": 143730118, "side": "sell", "size": "13.90925505", "price": "0.71910000", "time": "2025-07-15T15:19:48.143923Z", "fetched_at": "2025-07-15T15:20:18.859685+00:00", "symbol": "ADA-USD"}, {"trade_id": 143730117, "side": "sell", "size": "1.60000000", "price": "0.71910000", "time": "2025-07-15T15:19:48.143923Z", "fetched_at": "2025-07-15T15:20:18.859685+00:00", "symbol": "ADA-USD"}, {"trade_id": 143730116, "side": "sell", "size": "544.63166410", "price": "0.71900000", "time": "2025-07-15T15:19:47.992319Z", "fetched_at": "2025-07-15T15:20:18.859685+00:00", "symbol": "ADA-USD"}, {"trade_id": 143730115, "side": "sell", "size": "1.60000000", "price": "0.71900000", "time": "2025-07-15T15:19:47.992319Z", "fetched_at": "2025-07-15T15:20:18.859685+00:00", "symbol": "ADA-USD"}, {"trade_id": 143730114, "side": "sell", "size": "18.65931875", "price": "0.71890000", "time": "2025-07-15T15:19:45.164601Z", "fetched_at": "2025-07-15T15:20:18.859685+00:00", "symbol": "ADA-USD"}, {"trade_id": 143730113, "side": "sell", "size": "24.87909167", "price": "0.71890000", "time": "2025-07-15T15:19:45.137090Z", "fetched_at": "2025-07-15T15:20:18.859685+00:00", "symbol": "ADA-USD"}, {"trade_id": 143730112, "side": "buy", "size": "135.41859077", "price": "0.71870000", "time": "2025-07-15T15:19:43.152091Z", "fetched_at": "2025-07-15T15:20:18.859685+00:00", "symbol": "ADA-USD"}, {"trade_id": 143730111, "side": "buy", "size": "5.09337323", "price": "0.71880000", "time": "2025-07-15T15:19:43.152091Z", "fetched_at": "2025-07-15T15:20:18.859685+00:00", "symbol": "ADA-USD"}, {"trade_id": 143730110, "side": "buy", "size": "13.91014050", "price": "0.71890000", "time": "2025-07-15T15:19:39.647400Z", "fetched_at": "2025-07-15T15:20:18.859685+00:00", "symbol": "ADA-USD"}, {"trade_id": 143730109, "side": "sell", "size": "11.10149741", "price": "0.71890000", "time": "2025-07-15T15:19:39.173654Z", "fetched_at": "2025-07-15T15:20:18.859685+00:00", "symbol": "ADA-USD"}, {"trade_id": 143730108, "side": "sell", "size": "1.60000000", "price": "0.71890000", "time": "2025-07-15T15:19:39.173654Z", "fetched_at": "2025-07-15T15:20:18.859685+00:00", "symbol": "ADA-USD"}, {"trade_id": 143730107, "side": "sell", "size": "33.17212222", "price": "0.71880000", "time": "2025-07-15T15:19:35.873158Z", "fetched_at": "2025-07-15T15:20:18.859685+00:00", "symbol": "ADA-USD"}, {"trade_id": 143730106, "side": "buy", "size": "284.58802197", "price": "0.71870000", "time": "2025-07-15T15:19:35.864827Z", "fetched_at": "2025-07-15T15:20:18.859685+00:00", "symbol": "ADA-USD"}, {"trade_id": 143730105, "side": "buy", "size": "107.25706000", "price": "0.71880000", "time": "2025-07-15T15:19:35.864827Z", "fetched_at": "2025-07-15T15:20:18.859685+00:00", "symbol": "ADA-USD"}, {"trade_id": 143730104, "side": "buy", "size": "13.42089403", "price": "0.71880000", "time": "2025-07-15T15:19:35.864827Z", "fetched_at": "2025-07-15T15:20:18.859685+00:00", "symbol": "ADA-USD"}, {"trade_id": 143730103, "side": "sell", "size": "4.31507839", "price": "0.71880000", "time": "2025-07-15T15:19:34.508569Z", "fetched_at": "2025-07-15T15:20:18.859685+00:00", "symbol": "ADA-USD"}, {"trade_id": 143730102, "side": "sell", "size": "44.22949630", "price": "0.71880000", "time": "2025-07-15T15:19:34.508569Z", "fetched_at": "2025-07-15T15:20:18.859685+00:00", "symbol": "ADA-USD"}, {"trade_id": 143730101, "side": "sell", "size": "13.05626947", "price": "0.71880000", "time": "2025-07-15T15:19:34.335572Z", "fetched_at": "2025-07-15T15:20:18.859685+00:00", "symbol": "ADA-USD"}, {"trade_id": 143730100, "side": "sell", "size": "1.60000000", "price": "0.71880000", "time": "2025-07-15T15:19:34.335572Z", "fetched_at": "2025-07-15T15:20:18.859685+00:00", "symbol": "ADA-USD"}, {"trade_id": 143730099, "side": "sell", "size": "500.00000000", "price": "0.71870000", "time": "2025-07-15T15:19:32.933419Z", "fetched_at": "2025-07-15T15:20:18.859685+00:00", "symbol": "ADA-USD"}, {"trade_id": 143730098, "side": "sell", "size": "13.91785118", "price": "0.71870000", "time": "2025-07-15T15:19:32.933419Z", "fetched_at": "2025-07-15T15:20:18.859685+00:00", "symbol": "ADA-USD"}, {"trade_id": 143730097, "side": "sell", "size": "662.85353324", "price": "0.71850000", "time": "2025-07-15T15:19:31.195019Z", "fetched_at": "2025-07-15T15:20:18.859685+00:00", "symbol": "ADA-USD"}, {"trade_id": 143730096, "side": "sell", "size": "567.00000000", "price": "0.71850000", "time": "2025-07-15T15:19:30.886424Z", "fetched_at": "2025-07-15T15:20:18.859685+00:00", "symbol": "ADA-USD"}, {"trade_id": 143730095, "side": "sell", "size": "33.81294400", "price": "0.71870000", "time": "2025-07-15T15:19:30.241539Z", "fetched_at": "2025-07-15T15:20:18.859685+00:00", "symbol": "ADA-USD"}, {"trade_id": 143730094, "side": "buy", "size": "622.25795378", "price": "0.71830000", "time": "2025-07-15T15:19:30.185072Z", "fetched_at": "2025-07-15T15:20:18.859685+00:00", "symbol": "ADA-USD"}, {"trade_id": 143730093, "side": "buy", "size": "521.74237182", "price": "0.71830000", "time": "2025-07-15T15:19:30.185072Z", "fetched_at": "2025-07-15T15:20:18.859685+00:00", "symbol": "ADA-USD"}, {"trade_id": 143730092, "side": "buy", "size": "829.06501503", "price": "0.71830000", "time": "2025-07-15T15:19:30.185072Z", "fetched_at": "2025-07-15T15:20:18.859685+00:00", "symbol": "ADA-USD"}, {"trade_id": 143730091, "side": "buy", "size": "821.31160489", "price": "0.71830000", "time": "2025-07-15T15:19:30.185072Z", "fetched_at": "2025-07-15T15:20:18.859685+00:00", "symbol": "ADA-USD"}, {"trade_id": 143730090, "side": "buy", "size": "500.00000000", "price": "0.71830000", "time": "2025-07-15T15:19:30.185072Z", "fetched_at": "2025-07-15T15:20:18.859685+00:00", "symbol": "ADA-USD"}, {"trade_id": 143730089, "side": "buy", "size": "97.95414909", "price": "0.71830000", "time": "2025-07-15T15:19:30.185072Z", "fetched_at": "2025-07-15T15:20:18.859685+00:00", "symbol": "ADA-USD"}, {"trade_id": 143730088, "side": "buy", "size": "1.60000000", "price": "0.71840000", "time": "2025-07-15T15:19:30.185072Z", "fetched_at": "2025-07-15T15:20:18.859685+00:00", "symbol": "ADA-USD"}, {"trade_id": 143730087, "side": "buy", "size": "500.00000000", "price": "0.71840000", "time": "2025-07-15T15:19:30.185072Z", "fetched_at": "2025-07-15T15:20:18.859685+00:00", "symbol": "ADA-USD"}, {"trade_id": 143730086, "side": "buy", "size": "487.12521893", "price": "0.71840000", "time": "2025-07-15T15:19:30.185072Z", "fetched_at": "2025-07-15T15:20:18.859685+00:00", "symbol": "ADA-USD"}, {"trade_id": 143730085, "side": "buy", "size": "567.00000000", "price": "0.71840000", "time": "2025-07-15T15:19:30.185072Z", "fetched_at": "2025-07-15T15:20:18.859685+00:00", "symbol": "ADA-USD"}, {"trade_id": 143730084, "side": "buy", "size": "500.00000000", "price": "0.71850000", "time": "2025-07-15T15:19:30.185072Z", "fetched_at": "2025-07-15T15:20:18.859685+00:00", "symbol": "ADA-USD"}, {"trade_id": 143730083, "side": "buy", "size": "567.00000000", "price": "0.71850000", "time": "2025-07-15T15:19:30.185072Z", "fetched_at": "2025-07-15T15:20:18.859685+00:00", "symbol": "ADA-USD"}, {"trade_id": 143730082, "side": "buy", "size": "51.00306000", "price": "0.71850000", "time": "2025-07-15T15:19:30.185072Z", "fetched_at": "2025-07-15T15:20:18.859685+00:00", "symbol": "ADA-USD"}, {"trade_id": 143730081, "side": "buy", "size": "74.36067159", "price": "0.71850000", "time": "2025-07-15T15:19:30.185072Z", "fetched_at": "2025-07-15T15:20:18.859685+00:00", "symbol": "ADA-USD"}, {"trade_id": 143730080, "side": "buy", "size": "1.52514214", "price": "0.71860000", "time": "2025-07-15T15:19:29.950286Z", "fetched_at": "2025-07-15T15:20:18.859685+00:00", "symbol": "ADA-USD"}, {"trade_id": 143730079, "side": "buy", "size": "695.70057047", "price": "0.71870000", "time": "2025-07-15T15:19:29.717370Z", "fetched_at": "2025-07-15T15:20:18.859685+00:00", "symbol": "ADA-USD"}, {"trade_id": 143730078, "side": "buy", "size": "1.62989513", "price": "0.71880000", "time": "2025-07-15T15:19:29.717370Z", "fetched_at": "2025-07-15T15:20:18.859685+00:00", "symbol": "ADA-USD"}, {"trade_id": 143730077, "side": "sell", "size": "1.53438817", "price": "0.71880000", "time": "2025-07-15T15:19:29.011668Z", "fetched_at": "2025-07-15T15:20:18.859685+00:00", "symbol": "ADA-USD"}, {"trade_id": 143730076, "side": "sell", "size": "2.04585090", "price": "0.71880000", "time": "2025-07-15T15:19:28.990754Z", "fetched_at": "2025-07-15T15:20:18.859685+00:00", "symbol": "ADA-USD"}, {"trade_id": 143730075, "side": "sell", "size": "1.60000000", "price": "0.71880000", "time": "2025-07-15T15:19:28.936527Z", "fetched_at": "2025-07-15T15:20:18.859685+00:00", "symbol": "ADA-USD"}, {"trade_id": 143730074, "side": "sell", "size": "2.75643577", "price": "0.71870000", "time": "2025-07-15T15:19:26.887088Z", "fetched_at": "2025-07-15T15:20:18.859685+00:00", "symbol": "ADA-USD"}, {"trade_id": 143730073, "side": "sell", "size": "1.60000000", "price": "0.71870000", "time": "2025-07-15T15:19:26.887088Z", "fetched_at": "2025-07-15T15:20:18.859685+00:00", "symbol": "ADA-USD"}, {"trade_id": 143730072, "side": "sell", "size": "2.75643577", "price": "0.71860000", "time": "2025-07-15T15:19:26.841083Z", "fetched_at": "2025-07-15T15:20:18.859685+00:00", "symbol": "ADA-USD"}, {"trade_id": 143730071, "side": "sell", "size": "1.60000000", "price": "0.71860000", "time": "2025-07-15T15:19:26.841083Z", "fetched_at": "2025-07-15T15:20:18.859685+00:00", "symbol": "ADA-USD"}, {"trade_id": 143730070, "side": "sell", "size": "556.11054311", "price": "0.71850000", "time": "2025-07-15T15:19:25.064909Z", "fetched_at": "2025-07-15T15:20:18.859685+00:00", "symbol": "ADA-USD"}, {"trade_id": 143730069, "side": "sell", "size": "821.31160489", "price": "0.71850000", "time": "2025-07-15T15:19:25.064909Z", "fetched_at": "2025-07-15T15:20:18.859685+00:00", "symbol": "ADA-USD"}, {"trade_id": 143730068, "side": "sell", "size": "1.60000000", "price": "0.71850000", "time": "2025-07-15T15:19:25.064909Z", "fetched_at": "2025-07-15T15:20:18.859685+00:00", "symbol": "ADA-USD"}, {"trade_id": 143730067, "side": "sell", "size": "646.51979823", "price": "0.71840000", "time": "2025-07-15T15:19:24.805221Z", "fetched_at": "2025-07-15T15:20:18.859685+00:00", "symbol": "ADA-USD"}, {"trade_id": 143730066, "side": "sell", "size": "648.02480237", "price": "0.71840000", "time": "2025-07-15T15:19:24.675635Z", "fetched_at": "2025-07-15T15:20:18.859685+00:00", "symbol": "ADA-USD"}, {"trade_id": 143730065, "side": "sell", "size": "631.46100886", "price": "0.71840000", "time": "2025-07-15T15:19:24.485473Z", "fetched_at": "2025-07-15T15:20:18.859685+00:00", "symbol": "ADA-USD"}, {"trade_id": 143730064, "side": "sell", "size": "759.50217972", "price": "0.71840000", "time": "2025-07-15T15:19:24.050146Z", "fetched_at": "2025-07-15T15:20:18.859685+00:00", "symbol": "ADA-USD"}, {"trade_id": 143730063, "side": "sell", "size": "567.00000000", "price": "0.71840000", "time": "2025-07-15T15:19:22.734287Z", "fetched_at": "2025-07-15T15:20:18.859685+00:00", "symbol": "ADA-USD"}, {"trade_id": 143730062, "side": "sell", "size": "1.60000000", "price": "0.71840000", "time": "2025-07-15T15:19:22.596576Z", "fetched_at": "2025-07-15T15:20:18.859685+00:00", "symbol": "ADA-USD"}, {"trade_id": 143730061, "side": "sell", "size": "2.72780120", "price": "0.71830000", "time": "2025-07-15T15:19:22.402999Z", "fetched_at": "2025-07-15T15:20:18.859685+00:00", "symbol": "ADA-USD"}, {"trade_id": 143730060, "side": "buy", "size": "210.37088484", "price": "0.71810000", "time": "2025-07-15T15:19:22.376120Z", "fetched_at": "2025-07-15T15:20:18.859685+00:00", "symbol": "ADA-USD"}, {"trade_id": 143730059, "side": "buy", "size": "500.00000000", "price": "0.71810000", "time": "2025-07-15T15:19:22.376120Z", "fetched_at": "2025-07-15T15:20:18.859685+00:00", "symbol": "ADA-USD"}, {"trade_id": 143730058, "side": "buy", "size": "601.90472864", "price": "0.71810000", "time": "2025-07-15T15:19:22.376120Z", "fetched_at": "2025-07-15T15:20:18.859685+00:00", "symbol": "ADA-USD"}, {"trade_id": 143730057, "side": "buy", "size": "1697.24915000", "price": "0.71810000", "time": "2025-07-15T15:19:22.376120Z", "fetched_at": "2025-07-15T15:20:18.859685+00:00", "symbol": "ADA-USD"}, {"trade_id": 143730056, "side": "buy", "size": "567.00000000", "price": "0.71810000", "time": "2025-07-15T15:19:22.376120Z", "fetched_at": "2025-07-15T15:20:18.859685+00:00", "symbol": "ADA-USD"}, {"trade_id": 143730055, "side": "buy", "size": "1697.24915000", "price": "0.71820000", "time": "2025-07-15T15:19:22.376120Z", "fetched_at": "2025-07-15T15:20:18.859685+00:00", "symbol": "ADA-USD"}, {"trade_id": 143730054, "side": "buy", "size": "567.00000000", "price": "0.71820000", "time": "2025-07-15T15:19:22.376120Z", "fetched_at": "2025-07-15T15:20:18.859685+00:00", "symbol": "ADA-USD"}, {"trade_id": 143730053, "side": "buy", "size": "500.00000000", "price": "0.71820000", "time": "2025-07-15T15:19:22.376120Z", "fetched_at": "2025-07-15T15:20:18.859685+00:00", "symbol": "ADA-USD"}, {"trade_id": 143730052, "side": "buy", "size": "696.08798552", "price": "0.71830000", "time": "2025-07-15T15:19:22.376120Z", "fetched_at": "2025-07-15T15:20:18.859685+00:00", "symbol": "ADA-USD"}, {"trade_id": 143730051, "side": "sell", "size": "1.60000000", "price": "0.71830000", "time": "2025-07-15T15:19:22.149016Z", "fetched_at": "2025-07-15T15:20:18.859685+00:00", "symbol": "ADA-USD"}, {"trade_id": 143730050, "side": "sell", "size": "287.48806583", "price": "0.71820000", "time": "2025-07-15T15:19:19.169484Z", "fetched_at": "2025-07-15T15:20:18.859685+00:00", "symbol": "ADA-USD"}, {"trade_id": 143730049, "side": "sell", "size": "163.60759148", "price": "0.71820000", "time": "2025-07-15T15:19:19.158400Z", "fetched_at": "2025-07-15T15:20:18.859685+00:00", "symbol": "ADA-USD"}, {"trade_id": 143730048, "side": "sell", "size": "727.65036896", "price": "0.71820000", "time": "2025-07-15T15:19:19.158400Z", "fetched_at": "2025-07-15T15:20:18.859685+00:00", "symbol": "ADA-USD"}, {"trade_id": 143730047, "side": "sell", "size": "1.60000000", "price": "0.71820000", "time": "2025-07-15T15:19:19.158400Z", "fetched_at": "2025-07-15T15:20:18.859685+00:00", "symbol": "ADA-USD"}, {"trade_id": 143730046, "side": "sell", "size": "567.00000000", "price": "0.71810000", "time": "2025-07-15T15:19:18.158214Z", "fetched_at": "2025-07-15T15:20:18.859685+00:00", "symbol": "ADA-USD"}, {"trade_id": 143730045, "side": "sell", "size": "2508.61483990", "price": "0.71800000", "time": "2025-07-15T15:19:17.139060Z", "fetched_at": "2025-07-15T15:20:18.859685+00:00", "symbol": "ADA-USD"}, {"trade_id": 143730044, "side": "sell", "size": "1381.85141482", "price": "0.71800000", "time": "2025-07-15T15:19:17.139060Z", "fetched_at": "2025-07-15T15:20:18.859685+00:00", "symbol": "ADA-USD"}, {"trade_id": 143730043, "side": "sell", "size": "821.31160489", "price": "0.71800000", "time": "2025-07-15T15:19:17.139060Z", "fetched_at": "2025-07-15T15:20:18.859685+00:00", "symbol": "ADA-USD"}, {"trade_id": 143730042, "side": "sell", "size": "500.00000000", "price": "0.71800000", "time": "2025-07-15T15:19:17.139060Z", "fetched_at": "2025-07-15T15:20:18.859685+00:00", "symbol": "ADA-USD"}, {"trade_id": 143730041, "side": "sell", "size": "2.78128749", "price": "0.71800000", "time": "2025-07-15T15:19:17.139060Z", "fetched_at": "2025-07-15T15:20:18.859685+00:00", "symbol": "ADA-USD"}, {"trade_id": 143730040, "side": "sell", "size": "27.04759900", "price": "0.71790000", "time": "2025-07-15T15:19:15.557516Z", "fetched_at": "2025-07-15T15:20:18.859685+00:00", "symbol": "ADA-USD"}, {"trade_id": 143730039, "side": "buy", "size": "233.25724600", "price": "0.71770000", "time": "2025-07-15T15:19:14.802705Z", "fetched_at": "2025-07-15T15:20:18.859685+00:00", "symbol": "ADA-USD"}, {"trade_id": 143730038, "side": "buy", "size": "1.60000000", "price": "0.71780000", "time": "2025-07-15T15:19:14.802705Z", "fetched_at": "2025-07-15T15:20:18.859685+00:00", "symbol": "ADA-USD"}, {"trade_id": 143730037, "side": "buy", "size": "1.60000000", "price": "0.71790000", "time": "2025-07-15T15:19:14.801628Z", "fetched_at": "2025-07-15T15:20:18.859685+00:00", "symbol": "ADA-USD"}, {"trade_id": 143730036, "side": "buy", "size": "1.60000000", "price": "0.71800000", "time": "2025-07-15T15:19:12.782302Z", "fetched_at": "2025-07-15T15:20:18.859685+00:00", "symbol": "ADA-USD"}, {"trade_id": 143730035, "side": "buy", "size": "1.60000000", "price": "0.71810000", "time": "2025-07-15T15:19:11.980192Z", "fetched_at": "2025-07-15T15:20:18.859685+00:00", "symbol": "ADA-USD"}, {"trade_id": 143730034, "side": "buy", "size": "321.79371106", "price": "0.71820000", "time": "2025-07-15T15:19:11.522598Z", "fetched_at": "2025-07-15T15:20:18.859685+00:00", "symbol": "ADA-USD"}, {"trade_id": 143730033, "side": "buy", "size": "1.60000000", "price": "0.71820000", "time": "2025-07-15T15:19:11.522598Z", "fetched_at": "2025-07-15T15:20:18.859685+00:00", "symbol": "ADA-USD"}, {"trade_id": 143730032, "side": "sell", "size": "68.86477500", "price": "0.71830000", "time": "2025-07-15T15:19:10.528001Z", "fetched_at": "2025-07-15T15:20:18.859685+00:00", "symbol": "ADA-USD"}, {"trade_id": 143730031, "side": "buy", "size": "1.60000000", "price": "0.71830000", "time": "2025-07-15T15:19:08.732980Z", "fetched_at": "2025-07-15T15:20:18.859685+00:00", "symbol": "ADA-USD"}, {"trade_id": 143730030, "side": "buy", "size": "1.60000000", "price": "0.71840000", "time": "2025-07-15T15:19:08.720321Z", "fetched_at": "2025-07-15T15:20:18.859685+00:00", "symbol": "ADA-USD"}, {"trade_id": 143730029, "side": "sell", "size": "500.00000000", "price": "0.71840000", "time": "2025-07-15T15:19:03.370864Z", "fetched_at": "2025-07-15T15:20:18.859685+00:00", "symbol": "ADA-USD"}, {"trade_id": 143730028, "side": "buy", "size": "1.60000000", "price": "0.71830000", "time": "2025-07-15T15:19:01.619737Z", "fetched_at": "2025-07-15T15:20:18.859685+00:00", "symbol": "ADA-USD"}, {"trade_id": 143730027, "side": "buy", "size": "118.35318650", "price": "0.71840000", "time": "2025-07-15T15:19:01.459453Z", "fetched_at": "2025-07-15T15:20:18.859685+00:00", "symbol": "ADA-USD"}, {"trade_id": 143730026, "side": "buy", "size": "58.13349000", "price": "0.71840000", "time": "2025-07-15T15:19:01.459156Z", "fetched_at": "2025-07-15T15:20:18.859685+00:00", "symbol": "ADA-USD"}, {"trade_id": 143730025, "side": "buy", "size": "1.60000000", "price": "0.71840000", "time": "2025-07-15T15:19:01.459156Z", "fetched_at": "2025-07-15T15:20:18.859685+00:00", "symbol": "ADA-USD"}, {"trade_id": 143730024, "side": "buy", "size": "6957.48973770", "price": "0.71850000", "time": "2025-07-15T15:18:58.981262Z", "fetched_at": "2025-07-15T15:20:18.859685+00:00", "symbol": "ADA-USD"}, {"trade_id": 143730023, "side": "buy", "size": "1.60000000", "price": "0.71850000", "time": "2025-07-15T15:18:58.981262Z", "fetched_at": "2025-07-15T15:20:18.859685+00:00", "symbol": "ADA-USD"}, {"trade_id": 143730022, "side": "buy", "size": "1.60000000", "price": "0.71860000", "time": "2025-07-15T15:18:54.426430Z", "fetched_at": "2025-07-15T15:20:18.859685+00:00", "symbol": "ADA-USD"}, {"trade_id": 143730021, "side": "buy", "size": "5838.87693600", "price": "0.71860000", "time": "2025-07-15T15:18:54.426430Z", "fetched_at": "2025-07-15T15:20:18.859685+00:00", "symbol": "ADA-USD"}, {"trade_id": 143730020, "side": "sell", "size": "13.42863100", "price": "0.71870000", "time": "2025-07-15T15:18:54.244637Z", "fetched_at": "2025-07-15T15:20:18.859685+00:00", "symbol": "ADA-USD"}, {"trade_id": 143730019, "side": "sell", "size": "500.00000000", "price": "0.71870000", "time": "2025-07-15T15:18:53.188502Z", "fetched_at": "2025-07-15T15:20:18.859685+00:00", "symbol": "ADA-USD"}, {"trade_id": 143730018, "side": "buy", "size": "1366.40100000", "price": "0.71860000", "time": "2025-07-15T15:18:50.024916Z", "fetched_at": "2025-07-15T15:20:18.859685+00:00", "symbol": "ADA-USD"}, {"trade_id": 143730017, "side": "buy", "size": "5096.05641326", "price": "0.71860000", "time": "2025-07-15T15:18:50.021074Z", "fetched_at": "2025-07-15T15:20:18.859685+00:00", "symbol": "ADA-USD"}, {"trade_id": 143730016, "side": "sell", "size": "108.60066700", "price": "0.71890000", "time": "2025-07-15T15:18:47.939481Z", "fetched_at": "2025-07-15T15:20:18.859685+00:00", "symbol": "ADA-USD"}, {"trade_id": 143730015, "side": "sell", "size": "567.00000000", "price": "0.71880000", "time": "2025-07-15T15:18:47.939481Z", "fetched_at": "2025-07-15T15:20:18.859685+00:00", "symbol": "ADA-USD"}, {"trade_id": 143730014, "side": "sell", "size": "500.00000000", "price": "0.71870000", "time": "2025-07-15T15:18:47.779671Z", "fetched_at": "2025-07-15T15:20:18.859685+00:00", "symbol": "ADA-USD"}, {"trade_id": 143730013, "side": "sell", "size": "567.00000000", "price": "0.71870000", "time": "2025-07-15T15:18:47.779671Z", "fetched_at": "2025-07-15T15:20:18.859685+00:00", "symbol": "ADA-USD"}, {"trade_id": 143730012, "side": "buy", "size": "1.22498700", "price": "0.71870000", "time": "2025-07-15T15:18:47.303351Z", "fetched_at": "2025-07-15T15:20:18.859685+00:00", "symbol": "ADA-USD"}, {"trade_id": 143730011, "side": "buy", "size": "0.37501300", "price": "0.71870000", "time": "2025-07-15T15:18:46.595811Z", "fetched_at": "2025-07-15T15:20:18.859685+00:00", "symbol": "ADA-USD"}, {"trade_id": 143730010, "side": "buy", "size": "1.60000000", "price": "0.71880000", "time": "2025-07-15T15:18:42.155329Z", "fetched_at": "2025-07-15T15:20:18.859685+00:00", "symbol": "ADA-USD"}, {"trade_id": 143730009, "side": "buy", "size": "1.60031771", "price": "0.71900000", "time": "2025-07-15T15:18:41.296882Z", "fetched_at": "2025-07-15T15:20:18.859685+00:00", "symbol": "ADA-USD"}, {"trade_id": 143730008, "side": "buy", "size": "1.60000000", "price": "0.71900000", "time": "2025-07-15T15:18:41.296882Z", "fetched_at": "2025-07-15T15:20:18.859685+00:00", "symbol": "ADA-USD"}, {"trade_id": 143730007, "side": "buy", "size": "1.79405346", "price": "0.71910000", "time": "2025-07-15T15:18:40.483638Z", "fetched_at": "2025-07-15T15:20:18.859685+00:00", "symbol": "ADA-USD"}, {"trade_id": 143730006, "side": "buy", "size": "290.68611011", "price": "0.71910000", "time": "2025-07-15T15:18:40.483638Z", "fetched_at": "2025-07-15T15:20:18.859685+00:00", "symbol": "ADA-USD"}, {"trade_id": 143730005, "side": "buy", "size": "62.19287000", "price": "0.71910000", "time": "2025-07-15T15:18:40.479482Z", "fetched_at": "2025-07-15T15:20:18.859685+00:00", "symbol": "ADA-USD"}, {"trade_id": 143730004, "side": "buy", "size": "72.61230863", "price": "0.71910000", "time": "2025-07-15T15:18:39.337451Z", "fetched_at": "2025-07-15T15:20:18.859685+00:00", "symbol": "ADA-USD"}, {"trade_id": 143730003, "side": "buy", "size": "1.60000000", "price": "0.71910000", "time": "2025-07-15T15:18:39.337451Z", "fetched_at": "2025-07-15T15:20:18.859685+00:00", "symbol": "ADA-USD"}, {"trade_id": 143730002, "side": "buy", "size": "13.90240512", "price": "0.71930000", "time": "2025-07-15T15:18:38.870720Z", "fetched_at": "2025-07-15T15:20:18.859685+00:00", "symbol": "ADA-USD"}, {"trade_id": 143730001, "side": "buy", "size": "270.22640356", "price": "0.71930000", "time": "2025-07-15T15:18:38.870720Z", "fetched_at": "2025-07-15T15:20:18.859685+00:00", "symbol": "ADA-USD"}, {"trade_id": 143730000, "side": "buy", "size": "13.90047262", "price": "0.71940000", "time": "2025-07-15T15:18:38.359848Z", "fetched_at": "2025-07-15T15:20:18.859685+00:00", "symbol": "ADA-USD"}, {"trade_id": 143729999, "side": "sell", "size": "11.22921237", "price": "0.71940000", "time": "2025-07-15T15:18:36.324225Z", "fetched_at": "2025-07-15T15:20:18.859685+00:00", "symbol": "ADA-USD"}, {"trade_id": 143729998, "side": "buy", "size": "169.20881538", "price": "0.71930000", "time": "2025-07-15T15:18:36.204664Z", "fetched_at": "2025-07-15T15:20:18.859685+00:00", "symbol": "ADA-USD"}, {"trade_id": 143729997, "side": "buy", "size": "13.90047262", "price": "0.71940000", "time": "2025-07-15T15:18:36.204664Z", "fetched_at": "2025-07-15T15:20:18.859685+00:00", "symbol": "ADA-USD"}, {"trade_id": 143729996, "side": "buy", "size": "567.00000000", "price": "0.71940000", "time": "2025-07-15T15:18:36.204664Z", "fetched_at": "2025-07-15T15:20:18.859685+00:00", "symbol": "ADA-USD"}, {"trade_id": 143729995, "side": "sell", "size": "3622.39853329", "price": "0.71950000", "time": "2025-07-15T15:18:35.988186Z", "fetched_at": "2025-07-15T15:20:18.859685+00:00", "symbol": "ADA-USD"}, {"trade_id": 143729994, "side": "sell", "size": "1.60000000", "price": "0.71950000", "time": "2025-07-15T15:18:35.988186Z", "fetched_at": "2025-07-15T15:20:18.859685+00:00", "symbol": "ADA-USD"}, {"trade_id": 143729993, "side": "sell", "size": "28.44489386", "price": "0.71950000", "time": "2025-07-15T15:18:35.988186Z", "fetched_at": "2025-07-15T15:20:18.859685+00:00", "symbol": "ADA-USD"}, {"trade_id": 143729992, "side": "sell", "size": "53.40847781", "price": "0.71940000", "time": "2025-07-15T15:18:35.988186Z", "fetched_at": "2025-07-15T15:20:18.859685+00:00", "symbol": "ADA-USD"}, {"trade_id": 143729991, "side": "sell", "size": "1.60000000", "price": "0.71940000", "time": "2025-07-15T15:18:35.988186Z", "fetched_at": "2025-07-15T15:20:18.859685+00:00", "symbol": "ADA-USD"}, {"trade_id": 143729990, "side": "sell", "size": "51.00306000", "price": "0.71930000", "time": "2025-07-15T15:18:35.725706Z", "fetched_at": "2025-07-15T15:20:18.859685+00:00", "symbol": "ADA-USD"}, {"trade_id": 143729989, "side": "sell", "size": "116.68927000", "price": "0.71930000", "time": "2025-07-15T15:18:35.725696Z", "fetched_at": "2025-07-15T15:20:18.859685+00:00", "symbol": "ADA-USD"}, {"trade_id": 143729988, "side": "sell", "size": "1.60000000", "price": "0.71930000", "time": "2025-07-15T15:18:35.725696Z", "fetched_at": "2025-07-15T15:20:18.859685+00:00", "symbol": "ADA-USD"}, {"trade_id": 143729987, "side": "sell", "size": "2790.74679001", "price": "0.71920000", "time": "2025-07-15T15:18:35.692900Z", "fetched_at": "2025-07-15T15:20:18.859685+00:00", "symbol": "ADA-USD"}, {"trade_id": 143729986, "side": "sell", "size": "2412.35320999", "price": "0.71920000", "time": "2025-07-15T15:18:35.691623Z", "fetched_at": "2025-07-15T15:20:18.859685+00:00", "symbol": "ADA-USD"}, {"trade_id": 143729985, "side": "sell", "size": "500.00000000", "price": "0.71910000", "time": "2025-07-15T15:18:35.673815Z", "fetched_at": "2025-07-15T15:20:18.859685+00:00", "symbol": "ADA-USD"}, {"trade_id": 143729984, "side": "sell", "size": "126.97473533", "price": "0.71920000", "time": "2025-07-15T15:18:34.096765Z", "fetched_at": "2025-07-15T15:20:18.859685+00:00", "symbol": "ADA-USD"}, {"trade_id": 143729983, "side": "sell", "size": "1.60000000", "price": "0.71920000", "time": "2025-07-15T15:18:34.096765Z", "fetched_at": "2025-07-15T15:20:18.859685+00:00", "symbol": "ADA-USD"}, {"trade_id": 143729982, "side": "sell", "size": "6.60178467", "price": "0.71910000", "time": "2025-07-15T15:18:34.096765Z", "fetched_at": "2025-07-15T15:20:18.859685+00:00", "symbol": "ADA-USD"}, {"trade_id": 143729981, "side": "sell", "size": "13.91509622", "price": "0.71900000", "time": "2025-07-15T15:18:30.786815Z", "fetched_at": "2025-07-15T15:20:18.859685+00:00", "symbol": "ADA-USD"}, {"trade_id": 143729980, "side": "sell", "size": "1.60000000", "price": "0.71900000", "time": "2025-07-15T15:18:30.786815Z", "fetched_at": "2025-07-15T15:20:18.859685+00:00", "symbol": "ADA-USD"}, {"trade_id": 143729979, "side": "sell", "size": "500.00000000", "price": "0.71870000", "time": "2025-07-15T15:18:25.956595Z", "fetched_at": "2025-07-15T15:20:18.859685+00:00", "symbol": "ADA-USD"}, {"trade_id": 143729978, "side": "sell", "size": "276.00111234", "price": "0.71870000", "time": "2025-07-15T15:18:21.941072Z", "fetched_at": "2025-07-15T15:20:18.859685+00:00", "symbol": "ADA-USD"}, {"trade_id": 143729977, "side": "buy", "size": "1611.70912900", "price": "0.71860000", "time": "2025-07-15T15:18:21.471573Z", "fetched_at": "2025-07-15T15:20:18.859685+00:00", "symbol": "ADA-USD"}, {"trade_id": 143729976, "side": "buy", "size": "1.60000000", "price": "0.71860000", "time": "2025-07-15T15:18:15.880798Z", "fetched_at": "2025-07-15T15:20:18.859685+00:00", "symbol": "ADA-USD"}, {"trade_id": 143729975, "side": "buy", "size": "1.60000000", "price": "0.71870000", "time": "2025-07-15T15:18:15.871635Z", "fetched_at": "2025-07-15T15:20:18.859685+00:00", "symbol": "ADA-USD"}, {"trade_id": 143729974, "side": "buy", "size": "1.60000000", "price": "0.71880000", "time": "2025-07-15T15:18:15.472075Z", "fetched_at": "2025-07-15T15:20:18.859685+00:00", "symbol": "ADA-USD"}, {"trade_id": 143729973, "side": "buy", "size": "321.46336397", "price": "0.71880000", "time": "2025-07-15T15:18:15.472075Z", "fetched_at": "2025-07-15T15:20:18.859685+00:00", "symbol": "ADA-USD"}, {"trade_id": 143729972, "side": "buy", "size": "1.60000000", "price": "0.71890000", "time": "2025-07-15T15:18:15.471539Z", "fetched_at": "2025-07-15T15:20:18.859685+00:00", "symbol": "ADA-USD"}, {"trade_id": 143729971, "side": "buy", "size": "695.39126705", "price": "0.71900000", "time": "2025-07-15T15:18:15.395495Z", "fetched_at": "2025-07-15T15:20:18.859685+00:00", "symbol": "ADA-USD"}, {"trade_id": 143729970, "side": "buy", "size": "20.00000000", "price": "0.71900000", "time": "2025-07-15T15:18:15.395495Z", "fetched_at": "2025-07-15T15:20:18.859685+00:00", "symbol": "ADA-USD"}, {"trade_id": 143729969, "side": "sell", "size": "509.26735391", "price": "0.71920000", "time": "2025-07-15T15:18:14.628221Z", "fetched_at": "2025-07-15T15:20:18.859685+00:00", "symbol": "ADA-USD"}, {"trade_id": 143729968, "side": "sell", "size": "145.39784000", "price": "0.71920000", "time": "2025-07-15T15:18:14.628221Z", "fetched_at": "2025-07-15T15:20:18.859685+00:00", "symbol": "ADA-USD"}, {"trade_id": 143729967, "side": "sell", "size": "4.56416409", "price": "0.71920000", "time": "2025-07-15T15:18:14.628221Z", "fetched_at": "2025-07-15T15:20:18.859685+00:00", "symbol": "ADA-USD"}, {"trade_id": 143729966, "side": "sell", "size": "218.09676000", "price": "0.71910000", "time": "2025-07-15T15:18:12.906413Z", "fetched_at": "2025-07-15T15:20:18.859685+00:00", "symbol": "ADA-USD"}, {"trade_id": 143729965, "side": "buy", "size": "3.48643105", "price": "0.71920000", "time": "2025-07-15T15:18:12.896303Z", "fetched_at": "2025-07-15T15:20:18.859685+00:00", "symbol": "ADA-USD"}, {"trade_id": 143729964, "side": "sell", "size": "5.50615464", "price": "0.71920000", "time": "2025-07-15T15:18:11.322135Z", "fetched_at": "2025-07-15T15:20:18.859685+00:00", "symbol": "ADA-USD"}, {"trade_id": 143729963, "side": "sell", "size": "6.08555212", "price": "0.71920000", "time": "2025-07-15T15:18:11.322135Z", "fetched_at": "2025-07-15T15:20:18.859685+00:00", "symbol": "ADA-USD"}, {"trade_id": 143729962, "side": "sell", "size": "8.11406950", "price": "0.71920000", "time": "2025-07-15T15:18:10.403988Z", "fetched_at": "2025-07-15T15:20:18.859685+00:00", "symbol": "ADA-USD"}, {"trade_id": 143729961, "side": "sell", "size": "1.60000000", "price": "0.71920000", "time": "2025-07-15T15:18:10.338694Z", "fetched_at": "2025-07-15T15:20:18.859685+00:00", "symbol": "ADA-USD"}, {"trade_id": 143729960, "side": "sell", "size": "10.89943794", "price": "0.71910000", "time": "2025-07-15T15:18:10.016701Z", "fetched_at": "2025-07-15T15:20:18.859685+00:00", "symbol": "ADA-USD"}, {"trade_id": 143729959, "side": "sell", "size": "8.11406950", "price": "0.71900000", "time": "2025-07-15T15:18:06.550575Z", "fetched_at": "2025-07-15T15:20:18.859685+00:00", "symbol": "ADA-USD"}, {"trade_id": 143729958, "side": "sell", "size": "110.42739832", "price": "0.71910000", "time": "2025-07-15T15:18:03.804238Z", "fetched_at": "2025-07-15T15:20:18.859685+00:00", "symbol": "ADA-USD"}, {"trade_id": 143729957, "side": "sell", "size": "13.91015358", "price": "0.71910000", "time": "2025-07-15T15:18:03.804238Z", "fetched_at": "2025-07-15T15:20:18.859685+00:00", "symbol": "ADA-USD"}, {"trade_id": 143729956, "side": "sell", "size": "13.31539610", "price": "0.71910000", "time": "2025-07-15T15:18:03.804238Z", "fetched_at": "2025-07-15T15:20:18.859685+00:00", "symbol": "ADA-USD"}, {"trade_id": 143729955, "side": "sell", "size": "10.81875933", "price": "0.71890000", "time": "2025-07-15T15:18:02.968857Z", "fetched_at": "2025-07-15T15:20:18.859685+00:00", "symbol": "ADA-USD"}, {"trade_id": 143729954, "side": "sell", "size": "6.57403770", "price": "0.71900000", "time": "2025-07-15T15:18:01.635172Z", "fetched_at": "2025-07-15T15:20:18.859685+00:00", "symbol": "ADA-USD"}, {"trade_id": 143729953, "side": "sell", "size": "654.03613141", "price": "0.71900000", "time": "2025-07-15T15:18:01.635172Z", "fetched_at": "2025-07-15T15:20:18.859685+00:00", "symbol": "ADA-USD"}, {"trade_id": 143729952, "side": "sell", "size": "145.39784000", "price": "0.71900000", "time": "2025-07-15T15:18:01.635172Z", "fetched_at": "2025-07-15T15:20:18.859685+00:00", "symbol": "ADA-USD"}, {"trade_id": 143729951, "side": "sell", "size": "567.00000000", "price": "0.71890000", "time": "2025-07-15T15:18:01.635172Z", "fetched_at": "2025-07-15T15:20:18.859685+00:00", "symbol": "ADA-USD"}, {"trade_id": 143729950, "side": "sell", "size": "14.42501244", "price": "0.71890000", "time": "2025-07-15T15:18:01.635172Z", "fetched_at": "2025-07-15T15:20:18.859685+00:00", "symbol": "ADA-USD"}, {"trade_id": 143729949, "side": "buy", "size": "8.82583475", "price": "0.71890000", "time": "2025-07-15T15:18:01.264525Z", "fetched_at": "2025-07-15T15:20:18.859685+00:00", "symbol": "ADA-USD"}, {"trade_id": 143729948, "side": "buy", "size": "1.60000000", "price": "0.71900000", "time": "2025-07-15T15:18:01.140441Z", "fetched_at": "2025-07-15T15:20:18.859685+00:00", "symbol": "ADA-USD"}, {"trade_id": 143729947, "side": "buy", "size": "522.33430222", "price": "0.71900000", "time": "2025-07-15T15:18:01.140441Z", "fetched_at": "2025-07-15T15:20:18.859685+00:00", "symbol": "ADA-USD"}, {"trade_id": 143729946, "side": "buy", "size": "8.82338006", "price": "0.71910000", "time": "2025-07-15T15:18:01.140441Z", "fetched_at": "2025-07-15T15:20:18.859685+00:00", "symbol": "ADA-USD"}, {"trade_id": 143729945, "side": "buy", "size": "8.82534733", "price": "0.71920000", "time": "2025-07-15T15:18:01.131283Z", "fetched_at": "2025-07-15T15:20:18.859685+00:00", "symbol": "ADA-USD"}, {"trade_id": 143729944, "side": "buy", "size": "8.26458645", "price": "0.71920000", "time": "2025-07-15T15:18:01.115260Z", "fetched_at": "2025-07-15T15:20:18.859685+00:00", "symbol": "ADA-USD"}, {"trade_id": 143729943, "side": "buy", "size": "13.90240512", "price": "0.71930000", "time": "2025-07-15T15:18:00.385521Z", "fetched_at": "2025-07-15T15:20:18.859685+00:00", "symbol": "ADA-USD"}, {"trade_id": 143729942, "side": "sell", "size": "177.30558590", "price": "0.71930000", "time": "2025-07-15T15:17:59.087085Z", "fetched_at": "2025-07-15T15:20:18.859685+00:00", "symbol": "ADA-USD"}, {"trade_id": 143729941, "side": "sell", "size": "3993.24991734", "price": "0.71930000", "time": "2025-07-15T15:17:59.087085Z", "fetched_at": "2025-07-15T15:20:18.859685+00:00", "symbol": "ADA-USD"}, {"trade_id": 143729940, "side": "sell", "size": "821.31160489", "price": "0.71930000", "time": "2025-07-15T15:17:59.087085Z", "fetched_at": "2025-07-15T15:20:18.859685+00:00", "symbol": "ADA-USD"}, {"trade_id": 143729939, "side": "sell", "size": "567.00000000", "price": "0.71930000", "time": "2025-07-15T15:17:59.087085Z", "fetched_at": "2025-07-15T15:20:18.859685+00:00", "symbol": "ADA-USD"}, {"trade_id": 143729938, "side": "sell", "size": "1.60000000", "price": "0.71930000", "time": "2025-07-15T15:17:59.087085Z", "fetched_at": "2025-07-15T15:20:18.859685+00:00", "symbol": "ADA-USD"}, {"trade_id": 143729937, "side": "sell", "size": "36.82616700", "price": "0.71930000", "time": "2025-07-15T15:17:59.087085Z", "fetched_at": "2025-07-15T15:20:18.859685+00:00", "symbol": "ADA-USD"}, {"trade_id": 143729936, "side": "sell", "size": "1.82641896", "price": "0.71920000", "time": "2025-07-15T15:17:59.087085Z", "fetched_at": "2025-07-15T15:20:18.859685+00:00", "symbol": "ADA-USD"}, {"trade_id": 143729935, "side": "sell", "size": "89.26711444", "price": "0.71920000", "time": "2025-07-15T15:17:58.194679Z", "fetched_at": "2025-07-15T15:20:18.859685+00:00", "symbol": "ADA-USD"}, {"trade_id": 143729934, "side": "sell", "size": "9.13288556", "price": "0.71920000", "time": "2025-07-15T15:17:58.194679Z", "fetched_at": "2025-07-15T15:20:18.859685+00:00", "symbol": "ADA-USD"}, {"trade_id": 143729933, "side": "sell", "size": "1.60000000", "price": "0.71920000", "time": "2025-07-15T15:17:58.194679Z", "fetched_at": "2025-07-15T15:20:18.859685+00:00", "symbol": "ADA-USD"}, {"trade_id": 143729932, "side": "buy", "size": "250.00000000", "price": "0.71910000", "time": "2025-07-15T15:17:58.042871Z", "fetched_at": "2025-07-15T15:20:18.859685+00:00", "symbol": "ADA-USD"}, {"trade_id": 143729931, "side": "sell", "size": "6.88382500", "price": "0.71910000", "time": "2025-07-15T15:17:52.316360Z", "fetched_at": "2025-07-15T15:20:18.859685+00:00", "symbol": "ADA-USD"}, {"trade_id": 143729930, "side": "sell", "size": "25.03606121", "price": "0.71920000", "time": "2025-07-15T15:17:51.288529Z", "fetched_at": "2025-07-15T15:20:18.859685+00:00", "symbol": "ADA-USD"}, {"trade_id": 143729929, "side": "sell", "size": "13.91400879", "price": "0.71910000", "time": "2025-07-15T15:17:51.288529Z", "fetched_at": "2025-07-15T15:20:18.859685+00:00", "symbol": "ADA-USD"}, {"trade_id": 143729928, "side": "sell", "size": "1.60000000", "price": "0.71910000", "time": "2025-07-15T15:17:51.288529Z", "fetched_at": "2025-07-15T15:20:18.859685+00:00", "symbol": "ADA-USD"}, {"trade_id": 143729927, "side": "sell", "size": "1.60000000", "price": "0.71900000", "time": "2025-07-15T15:17:50.353813Z", "fetched_at": "2025-07-15T15:20:18.859685+00:00", "symbol": "ADA-USD"}, {"trade_id": 143729926, "side": "sell", "size": "1.60000000", "price": "0.71890000", "time": "2025-07-15T15:17:49.690530Z", "fetched_at": "2025-07-15T15:20:18.859685+00:00", "symbol": "ADA-USD"}, {"trade_id": 143729925, "side": "buy", "size": "2994.65135146", "price": "0.71880000", "time": "2025-07-15T15:17:43.518820Z", "fetched_at": "2025-07-15T15:20:18.859685+00:00", "symbol": "ADA-USD"}, {"trade_id": 143729924, "side": "buy", "size": "832.95085564", "price": "0.71880000", "time": "2025-07-15T15:17:43.518820Z", "fetched_at": "2025-07-15T15:20:18.859685+00:00", "symbol": "ADA-USD"}, {"trade_id": 143729923, "side": "buy", "size": "640.20000000", "price": "0.71880000", "time": "2025-07-15T15:17:43.518820Z", "fetched_at": "2025-07-15T15:20:18.859685+00:00", "symbol": "ADA-USD"}, {"trade_id": 143729922, "side": "buy", "size": "522.33430222", "price": "0.71880000", "time": "2025-07-15T15:17:43.518820Z", "fetched_at": "2025-07-15T15:20:18.859685+00:00", "symbol": "ADA-USD"}, {"trade_id": 143729921, "side": "buy", "size": "695.59111923", "price": "0.71880000", "time": "2025-07-15T15:17:43.518820Z", "fetched_at": "2025-07-15T15:20:18.859685+00:00", "symbol": "ADA-USD"}, {"trade_id": 143729920, "side": "buy", "size": "567.00000000", "price": "0.71880000", "time": "2025-07-15T15:17:43.518820Z", "fetched_at": "2025-07-15T15:20:18.859685+00:00", "symbol": "ADA-USD"}, {"trade_id": 143729919, "side": "buy", "size": "500.00000000", "price": "0.71890000", "time": "2025-07-15T15:17:43.518820Z", "fetched_at": "2025-07-15T15:20:18.859685+00:00", "symbol": "ADA-USD"}, {"trade_id": 143729918, "side": "buy", "size": "51.00306000", "price": "0.71890000", "time": "2025-07-15T15:17:43.518820Z", "fetched_at": "2025-07-15T15:20:18.859685+00:00", "symbol": "ADA-USD"}, {"trade_id": 143729917, "side": "buy", "size": "512.09343845", "price": "0.71890000", "time": "2025-07-15T15:17:43.518820Z", "fetched_at": "2025-07-15T15:20:18.859685+00:00", "symbol": "ADA-USD"}, {"trade_id": 143729916, "side": "buy", "size": "139.62154100", "price": "0.71890000", "time": "2025-07-15T15:17:43.049865Z", "fetched_at": "2025-07-15T15:20:18.859685+00:00", "symbol": "ADA-USD"}, {"trade_id": 143729915, "side": "sell", "size": "136.16788200", "price": "0.71890000", "time": "2025-07-15T15:17:37.219343Z", "fetched_at": "2025-07-15T15:20:18.859685+00:00", "symbol": "ADA-USD"}, {"trade_id": 143729914, "side": "sell", "size": "1.60000000", "price": "0.71890000", "time": "2025-07-15T15:17:37.219343Z", "fetched_at": "2025-07-15T15:20:18.859685+00:00", "symbol": "ADA-USD"}, {"trade_id": 143729913, "side": "sell", "size": "1.60000000", "price": "0.71880000", "time": "2025-07-15T15:17:35.269508Z", "fetched_at": "2025-07-15T15:20:18.859685+00:00", "symbol": "ADA-USD"}, {"trade_id": 143729912, "side": "sell", "size": "1.60000000", "price": "0.71870000", "time": "2025-07-15T15:17:32.784771Z", "fetched_at": "2025-07-15T15:20:18.859685+00:00", "symbol": "ADA-USD"}, {"trade_id": 143729911, "side": "sell", "size": "99.64629766", "price": "0.71870000", "time": "2025-07-15T15:17:32.784771Z", "fetched_at": "2025-07-15T15:20:18.859685+00:00", "symbol": "ADA-USD"}, {"trade_id": 143729910, "side": "sell", "size": "255.82529000", "price": "0.71870000", "time": "2025-07-15T15:17:32.782691Z", "fetched_at": "2025-07-15T15:20:18.859685+00:00", "symbol": "ADA-USD"}, {"trade_id": 143729909, "side": "sell", "size": "32.27202818", "price": "0.71870000", "time": "2025-07-15T15:17:32.422830Z", "fetched_at": "2025-07-15T15:20:18.859685+00:00", "symbol": "ADA-USD"}, {"trade_id": 143729908, "side": "sell", "size": "161.42220342", "price": "0.71870000", "time": "2025-07-15T15:17:32.409904Z", "fetched_at": "2025-07-15T15:20:18.859685+00:00", "symbol": "ADA-USD"}, {"trade_id": 143729907, "side": "sell", "size": "161.42220342", "price": "0.71870000", "time": "2025-07-15T15:17:32.394115Z", "fetched_at": "2025-07-15T15:20:18.859685+00:00", "symbol": "ADA-USD"}, {"trade_id": 143729906, "side": "sell", "size": "0.00001000", "price": "0.71860000", "time": "2025-07-15T15:17:32.383484Z", "fetched_at": "2025-07-15T15:20:18.859685+00:00", "symbol": "ADA-USD"}, {"trade_id": 143729905, "side": "sell", "size": "51.00305000", "price": "0.71860000", "time": "2025-07-15T15:17:32.381968Z", "fetched_at": "2025-07-15T15:20:18.859685+00:00", "symbol": "ADA-USD"}, {"trade_id": 143729904, "side": "sell", "size": "495.21808211", "price": "0.71860000", "time": "2025-07-15T15:17:32.371060Z", "fetched_at": "2025-07-15T15:20:18.859685+00:00", "symbol": "ADA-USD"}, {"trade_id": 143729903, "side": "sell", "size": "51.00306000", "price": "0.71860000", "time": "2025-07-15T15:17:32.341895Z", "fetched_at": "2025-07-15T15:20:18.859685+00:00", "symbol": "ADA-USD"}, {"trade_id": 143729902, "side": "sell", "size": "1.37748700", "price": "0.71860000", "time": "2025-07-15T15:17:30.486110Z", "fetched_at": "2025-07-15T15:20:18.859685+00:00", "symbol": "ADA-USD"}, {"trade_id": 143729901, "side": "buy", "size": "305.58816866", "price": "0.71840000", "time": "2025-07-15T15:17:30.249998Z", "fetched_at": "2025-07-15T15:20:18.859685+00:00", "symbol": "ADA-USD"}, {"trade_id": 143729900, "side": "buy", "size": "622.06271134", "price": "0.71840000", "time": "2025-07-15T15:17:30.249998Z", "fetched_at": "2025-07-15T15:20:18.859685+00:00", "symbol": "ADA-USD"}, {"trade_id": 143729899, "side": "buy", "size": "1.60000000", "price": "0.71840000", "time": "2025-07-15T15:17:30.249998Z", "fetched_at": "2025-07-15T15:20:18.859685+00:00", "symbol": "ADA-USD"}, {"trade_id": 143729898, "side": "buy", "size": "1.60000000", "price": "0.71850000", "time": "2025-07-15T15:17:30.249998Z", "fetched_at": "2025-07-15T15:20:18.859685+00:00", "symbol": "ADA-USD"}, {"trade_id": 143729897, "side": "sell", "size": "1.60000000", "price": "0.71870000", "time": "2025-07-15T15:17:24.770581Z", "fetched_at": "2025-07-15T15:20:18.859685+00:00", "symbol": "ADA-USD"}, {"trade_id": 143729896, "side": "sell", "size": "572.23929856", "price": "0.71850000", "time": "2025-07-15T15:17:22.952502Z", "fetched_at": "2025-07-15T15:20:18.859685+00:00", "symbol": "ADA-USD"}, {"trade_id": 143729895, "side": "buy", "size": "278.30045900", "price": "0.71850000", "time": "2025-07-15T15:17:12.406504Z", "fetched_at": "2025-07-15T15:20:18.859685+00:00", "symbol": "ADA-USD"}, {"trade_id": 143729894, "side": "buy", "size": "288.52987200", "price": "0.71830000", "time": "2025-07-15T15:17:10.188167Z", "fetched_at": "2025-07-15T15:20:18.859685+00:00", "symbol": "ADA-USD"}, {"trade_id": 143729893, "side": "buy", "size": "1.60000000", "price": "0.71830000", "time": "2025-07-15T15:17:08.902502Z", "fetched_at": "2025-07-15T15:20:18.859685+00:00", "symbol": "ADA-USD"}, {"trade_id": 143729892, "side": "buy", "size": "1.60000000", "price": "0.71840000", "time": "2025-07-15T15:17:08.442676Z", "fetched_at": "2025-07-15T15:20:18.859685+00:00", "symbol": "ADA-USD"}, {"trade_id": 143729891, "side": "buy", "size": "4.34405500", "price": "0.71850000", "time": "2025-07-15T15:17:07.008524Z", "fetched_at": "2025-07-15T15:20:18.859685+00:00", "symbol": "ADA-USD"}, {"trade_id": 143729890, "side": "buy", "size": "1.60000000", "price": "0.71850000", "time": "2025-07-15T15:17:07.008524Z", "fetched_at": "2025-07-15T15:20:18.859685+00:00", "symbol": "ADA-USD"}, {"trade_id": 143729889, "side": "buy", "size": "1.60000000", "price": "0.71860000", "time": "2025-07-15T15:17:06.098218Z", "fetched_at": "2025-07-15T15:20:18.859685+00:00", "symbol": "ADA-USD"}, {"trade_id": 143729888, "side": "sell", "size": "1.42242938", "price": "0.71870000", "time": "2025-07-15T15:17:01.892554Z", "fetched_at": "2025-07-15T15:20:18.859685+00:00", "symbol": "ADA-USD"}, {"trade_id": 143729887, "side": "buy", "size": "58.47215059", "price": "0.71860000", "time": "2025-07-15T15:17:01.871665Z", "fetched_at": "2025-07-15T15:20:18.859685+00:00", "symbol": "ADA-USD"}, {"trade_id": 143729886, "side": "buy", "size": "1.46517441", "price": "0.71860000", "time": "2025-07-15T15:17:01.871665Z", "fetched_at": "2025-07-15T15:20:18.859685+00:00", "symbol": "ADA-USD"}, {"trade_id": 143729885, "side": "buy", "size": "1.60000000", "price": "0.71860000", "time": "2025-07-15T15:17:01.871665Z", "fetched_at": "2025-07-15T15:20:18.859685+00:00", "symbol": "ADA-USD"}, {"trade_id": 143729884, "side": "sell", "size": "150.00000000", "price": "0.71880000", "time": "2025-07-15T15:17:01.606687Z", "fetched_at": "2025-07-15T15:20:18.859685+00:00", "symbol": "ADA-USD"}, {"trade_id": 143729883, "side": "buy", "size": "2.04743327", "price": "0.71870000", "time": "2025-07-15T15:17:01.604631Z", "fetched_at": "2025-07-15T15:20:18.859685+00:00", "symbol": "ADA-USD"}, {"trade_id": 143729882, "side": "buy", "size": "13.38329574", "price": "0.71870000", "time": "2025-07-15T15:17:01.477853Z", "fetched_at": "2025-07-15T15:20:18.859685+00:00", "symbol": "ADA-USD"}, {"trade_id": 143729881, "side": "buy", "size": "1.93490526", "price": "0.71870000", "time": "2025-07-15T15:17:01.477853Z", "fetched_at": "2025-07-15T15:20:18.859685+00:00", "symbol": "ADA-USD"}, {"trade_id": 143729880, "side": "sell", "size": "0.06814800", "price": "0.71880000", "time": "2025-07-15T15:17:01.418405Z", "fetched_at": "2025-07-15T15:20:18.859685+00:00", "symbol": "ADA-USD"}, {"trade_id": 143729879, "side": "buy", "size": "2.08719450", "price": "0.71880000", "time": "2025-07-15T15:17:00.539555Z", "fetched_at": "2025-07-15T15:20:18.859685+00:00", "symbol": "ADA-USD"}, {"trade_id": 143729878, "side": "buy", "size": "3.66388260", "price": "0.71860000", "time": "2025-07-15T15:16:58.122002Z", "fetched_at": "2025-07-15T15:20:18.859685+00:00", "symbol": "ADA-USD"}, {"trade_id": 143729877, "side": "buy", "size": "277.84000000", "price": "0.71860000", "time": "2025-07-15T15:16:58.122002Z", "fetched_at": "2025-07-15T15:20:18.859685+00:00", "symbol": "ADA-USD"}, {"trade_id": 143729876, "side": "buy", "size": "276.23156136", "price": "0.71860000", "time": "2025-07-15T15:16:58.122002Z", "fetched_at": "2025-07-15T15:20:18.859685+00:00", "symbol": "ADA-USD"}, {"trade_id": 143729875, "side": "buy", "size": "1.60000000", "price": "0.71860000", "time": "2025-07-15T15:16:58.122002Z", "fetched_at": "2025-07-15T15:20:18.859685+00:00", "symbol": "ADA-USD"}, {"trade_id": 143729874, "side": "buy", "size": "1.60000000", "price": "0.71870000", "time": "2025-07-15T15:16:57.343904Z", "fetched_at": "2025-07-15T15:20:18.859685+00:00", "symbol": "ADA-USD"}, {"trade_id": 143729873, "side": "buy", "size": "1.60000000", "price": "0.71880000", "time": "2025-07-15T15:16:57.174734Z", "fetched_at": "2025-07-15T15:20:18.859685+00:00", "symbol": "ADA-USD"}, {"trade_id": 143729872, "side": "buy", "size": "13.91014050", "price": "0.71890000", "time": "2025-07-15T15:16:57.132105Z", "fetched_at": "2025-07-15T15:20:18.859685+00:00", "symbol": "ADA-USD"}, {"trade_id": 143729871, "side": "buy", "size": "1.60000000", "price": "0.71890000", "time": "2025-07-15T15:16:57.132105Z", "fetched_at": "2025-07-15T15:20:18.859685+00:00", "symbol": "ADA-USD"}, {"trade_id": 143729870, "side": "buy", "size": "15.10000000", "price": "0.71900000", "time": "2025-07-15T15:16:56.124514Z", "fetched_at": "2025-07-15T15:20:18.859685+00:00", "symbol": "ADA-USD"}, {"trade_id": 143729869, "side": "sell", "size": "319.89820815", "price": "0.71920000", "time": "2025-07-15T15:16:55.770705Z", "fetched_at": "2025-07-15T15:20:18.859685+00:00", "symbol": "ADA-USD"}, {"trade_id": 143729868, "side": "sell", "size": "1.60000000", "price": "0.71920000", "time": "2025-07-15T15:16:55.770705Z", "fetched_at": "2025-07-15T15:20:18.859685+00:00", "symbol": "ADA-USD"}, {"trade_id": 143729867, "side": "sell", "size": "661.78885585", "price": "0.71910000", "time": "2025-07-15T15:16:55.770705Z", "fetched_at": "2025-07-15T15:20:18.859685+00:00", "symbol": "ADA-USD"}, {"trade_id": 143729866, "side": "sell", "size": "67.84260000", "price": "0.71900000", "time": "2025-07-15T15:16:54.375237Z", "fetched_at": "2025-07-15T15:20:18.859685+00:00", "symbol": "ADA-USD"}, {"trade_id": 143729865, "side": "buy", "size": "31.63364133", "price": "0.71900000", "time": "2025-07-15T15:16:52.183030Z", "fetched_at": "2025-07-15T15:20:18.859685+00:00", "symbol": "ADA-USD"}, {"trade_id": 143729864, "side": "sell", "size": "6.54488500", "price": "0.71900000", "time": "2025-07-15T15:16:49.880467Z", "fetched_at": "2025-07-15T15:20:18.859685+00:00", "symbol": "ADA-USD"}, {"trade_id": 143729863, "side": "sell", "size": "5.26245071", "price": "0.71910000", "time": "2025-07-15T15:16:48.063848Z", "fetched_at": "2025-07-15T15:20:18.859685+00:00", "symbol": "ADA-USD"}, {"trade_id": 143729862, "side": "sell", "size": "322.09405335", "price": "0.71910000", "time": "2025-07-15T15:16:48.063848Z", "fetched_at": "2025-07-15T15:20:18.859685+00:00", "symbol": "ADA-USD"}, {"trade_id": 143729861, "side": "sell", "size": "1.60000000", "price": "0.71910000", "time": "2025-07-15T15:16:48.063848Z", "fetched_at": "2025-07-15T15:20:18.859685+00:00", "symbol": "ADA-USD"}, {"trade_id": 143729860, "side": "sell", "size": "13.91113694", "price": "0.71900000", "time": "2025-07-15T15:16:48.063848Z", "fetched_at": "2025-07-15T15:20:18.859685+00:00", "symbol": "ADA-USD"}, {"trade_id": 143729859, "side": "sell", "size": "1.60000000", "price": "0.71900000", "time": "2025-07-15T15:16:48.063848Z", "fetched_at": "2025-07-15T15:20:18.859685+00:00", "symbol": "ADA-USD"}, {"trade_id": 143729858, "side": "sell", "size": "13.91113694", "price": "0.71890000", "time": "2025-07-15T15:16:47.705543Z", "fetched_at": "2025-07-15T15:20:18.859685+00:00", "symbol": "ADA-USD"}, {"trade_id": 143729857, "side": "sell", "size": "13.91113694", "price": "0.71890000", "time": "2025-07-15T15:16:47.693299Z", "fetched_at": "2025-07-15T15:20:18.859685+00:00", "symbol": "ADA-USD"}, {"trade_id": 143729856, "side": "sell", "size": "18.30180706", "price": "0.71900000", "time": "2025-07-15T15:16:47.220546Z", "fetched_at": "2025-07-15T15:20:18.859685+00:00", "symbol": "ADA-USD"}, {"trade_id": 143729855, "side": "sell", "size": "13.91113694", "price": "0.71890000", "time": "2025-07-15T15:16:47.220546Z", "fetched_at": "2025-07-15T15:20:18.859685+00:00", "symbol": "ADA-USD"}, {"trade_id": 143729854, "side": "sell", "size": "1.60000000", "price": "0.71890000", "time": "2025-07-15T15:16:47.220546Z", "fetched_at": "2025-07-15T15:20:18.859685+00:00", "symbol": "ADA-USD"}, {"trade_id": 143729853, "side": "sell", "size": "607.81615303", "price": "0.71880000", "time": "2025-07-15T15:16:42.249506Z", "fetched_at": "2025-07-15T15:20:18.859685+00:00", "symbol": "ADA-USD"}, {"trade_id": 143729852, "side": "sell", "size": "13.91695807", "price": "0.71870000", "time": "2025-07-15T15:16:42.249506Z", "fetched_at": "2025-07-15T15:20:18.859685+00:00", "symbol": "ADA-USD"}, {"trade_id": 143729851, "side": "sell", "size": "870.53708170", "price": "0.71880000", "time": "2025-07-15T15:16:42.244538Z", "fetched_at": "2025-07-15T15:20:18.859685+00:00", "symbol": "ADA-USD"}, {"trade_id": 143729850, "side": "sell", "size": "1177.96374647", "price": "0.71880000", "time": "2025-07-15T15:16:42.244538Z", "fetched_at": "2025-07-15T15:20:18.859685+00:00", "symbol": "ADA-USD"}, {"trade_id": 143729849, "side": "sell", "size": "142.18913538", "price": "0.71880000", "time": "2025-07-15T15:16:42.244538Z", "fetched_at": "2025-07-15T15:20:18.859685+00:00", "symbol": "ADA-USD"}, {"trade_id": 143729848, "side": "sell", "size": "604.61615303", "price": "0.71880000", "time": "2025-07-15T15:16:42.244139Z", "fetched_at": "2025-07-15T15:20:18.859685+00:00", "symbol": "ADA-USD"}, {"trade_id": 143729847, "side": "sell", "size": "1.60000000", "price": "0.71880000", "time": "2025-07-15T15:16:42.244139Z", "fetched_at": "2025-07-15T15:20:18.859685+00:00", "symbol": "ADA-USD"}, {"trade_id": 143729846, "side": "sell", "size": "13.91695807", "price": "0.71870000", "time": "2025-07-15T15:16:42.244139Z", "fetched_at": "2025-07-15T15:20:18.859685+00:00", "symbol": "ADA-USD"}, {"trade_id": 143729845, "side": "sell", "size": "1.60000000", "price": "0.71870000", "time": "2025-07-15T15:16:42.244139Z", "fetched_at": "2025-07-15T15:20:18.859685+00:00", "symbol": "ADA-USD"}, {"trade_id": 143729844, "side": "sell", "size": "1.60000000", "price": "0.71860000", "time": "2025-07-15T15:16:41.862558Z", "fetched_at": "2025-07-15T15:20:18.859685+00:00", "symbol": "ADA-USD"}, {"trade_id": 143729843, "side": "sell", "size": "13.92285725", "price": "0.71850000", "time": "2025-07-15T15:16:39.462616Z", "fetched_at": "2025-07-15T15:20:18.859685+00:00", "symbol": "ADA-USD"}, {"trade_id": 143729842, "side": "sell", "size": "110.58339419", "price": "0.71860000", "time": "2025-07-15T15:16:37.485583Z", "fetched_at": "2025-07-15T15:20:18.859685+00:00", "symbol": "ADA-USD"}, {"trade_id": 143729841, "side": "sell", "size": "567.00000000", "price": "0.71850000", "time": "2025-07-15T15:16:37.485583Z", "fetched_at": "2025-07-15T15:20:18.859685+00:00", "symbol": "ADA-USD"}, {"trade_id": 143729840, "side": "sell", "size": "13.92285725", "price": "0.71850000", "time": "2025-07-15T15:16:37.485583Z", "fetched_at": "2025-07-15T15:20:18.859685+00:00", "symbol": "ADA-USD"}, {"trade_id": 143729839, "side": "sell", "size": "1.60000000", "price": "0.71850000", "time": "2025-07-15T15:16:37.485583Z", "fetched_at": "2025-07-15T15:20:18.859685+00:00", "symbol": "ADA-USD"}, {"trade_id": 143729838, "side": "sell", "size": "13.92669264", "price": "0.71840000", "time": "2025-07-15T15:16:35.802176Z", "fetched_at": "2025-07-15T15:20:18.859685+00:00", "symbol": "ADA-USD"}, {"trade_id": 143729837, "side": "sell", "size": "1.60000000", "price": "0.71840000", "time": "2025-07-15T15:16:35.802176Z", "fetched_at": "2025-07-15T15:20:18.859685+00:00", "symbol": "ADA-USD"}, {"trade_id": 143729836, "side": "sell", "size": "1.60000000", "price": "0.71830000", "time": "2025-07-15T15:16:35.296113Z", "fetched_at": "2025-07-15T15:20:18.859685+00:00", "symbol": "ADA-USD"}, {"trade_id": 143729835, "side": "sell", "size": "1.60000000", "price": "0.71820000", "time": "2025-07-15T15:16:34.936979Z", "fetched_at": "2025-07-15T15:20:18.859685+00:00", "symbol": "ADA-USD"}, {"trade_id": 143729834, "side": "sell", "size": "19.53846393", "price": "0.71790000", "time": "2025-07-15T15:16:26.594013Z", "fetched_at": "2025-07-15T15:20:18.859685+00:00", "symbol": "ADA-USD"}, {"trade_id": 143729833, "side": "sell", "size": "500.00000000", "price": "0.71790000", "time": "2025-07-15T15:16:26.594013Z", "fetched_at": "2025-07-15T15:20:18.859685+00:00", "symbol": "ADA-USD"}, {"trade_id": 143729832, "side": "buy", "size": "426.63553700", "price": "0.71770000", "time": "2025-07-15T15:16:24.799813Z", "fetched_at": "2025-07-15T15:20:18.859685+00:00", "symbol": "ADA-USD"}, {"trade_id": 143729831, "side": "buy", "size": "1.60000000", "price": "0.71780000", "time": "2025-07-15T15:16:24.799813Z", "fetched_at": "2025-07-15T15:20:18.859685+00:00", "symbol": "ADA-USD"}, {"trade_id": 143729830, "side": "buy", "size": "1.60000000", "price": "0.71790000", "time": "2025-07-15T15:16:24.084020Z", "fetched_at": "2025-07-15T15:20:18.859685+00:00", "symbol": "ADA-USD"}, {"trade_id": 143729829, "side": "buy", "size": "337.37000000", "price": "0.71800000", "time": "2025-07-15T15:16:23.140405Z", "fetched_at": "2025-07-15T15:20:18.859685+00:00", "symbol": "ADA-USD"}, {"trade_id": 143729828, "side": "buy", "size": "135.76573244", "price": "0.71800000", "time": "2025-07-15T15:16:23.140405Z", "fetched_at": "2025-07-15T15:20:18.859685+00:00", "symbol": "ADA-USD"}, {"trade_id": 143729827, "side": "buy", "size": "1.60000000", "price": "0.71800000", "time": "2025-07-15T15:16:23.140405Z", "fetched_at": "2025-07-15T15:20:18.859685+00:00", "symbol": "ADA-USD"}, {"trade_id": 143729826, "side": "buy", "size": "200.00000000", "price": "0.71800000", "time": "2025-07-15T15:16:23.140405Z", "fetched_at": "2025-07-15T15:20:18.859685+00:00", "symbol": "ADA-USD"}, {"trade_id": 143729825, "side": "buy", "size": "1.60000000", "price": "0.71810000", "time": "2025-07-15T15:16:22.698091Z", "fetched_at": "2025-07-15T15:20:18.859685+00:00", "symbol": "ADA-USD"}, {"trade_id": 143729824, "side": "buy", "size": "1092.54000000", "price": "0.71820000", "time": "2025-07-15T15:16:21.557627Z", "fetched_at": "2025-07-15T15:20:18.859685+00:00", "symbol": "ADA-USD"}, {"trade_id": 143729823, "side": "buy", "size": "522.33430222", "price": "0.71820000", "time": "2025-07-15T15:16:21.557627Z", "fetched_at": "2025-07-15T15:20:18.859685+00:00", "symbol": "ADA-USD"}, {"trade_id": 143729822, "side": "buy", "size": "567.00000000", "price": "0.71820000", "time": "2025-07-15T15:16:21.557627Z", "fetched_at": "2025-07-15T15:20:18.859685+00:00", "symbol": "ADA-USD"}, {"trade_id": 143729821, "side": "buy", "size": "1.60000000", "price": "0.71820000", "time": "2025-07-15T15:16:21.557627Z", "fetched_at": "2025-07-15T15:20:18.859685+00:00", "symbol": "ADA-USD"}, {"trade_id": 143729820, "side": "buy", "size": "1.60000000", "price": "0.71830000", "time": "2025-07-15T15:16:21.557627Z", "fetched_at": "2025-07-15T15:20:18.859685+00:00", "symbol": "ADA-USD"}, {"trade_id": 143729819, "side": "buy", "size": "1.60000000", "price": "0.71840000", "time": "2025-07-15T15:16:21.407692Z", "fetched_at": "2025-07-15T15:20:18.859685+00:00", "symbol": "ADA-USD"}, {"trade_id": 143729818, "side": "buy", "size": "1.60000000", "price": "0.71850000", "time": "2025-07-15T15:16:21.336167Z", "fetched_at": "2025-07-15T15:20:18.859685+00:00", "symbol": "ADA-USD"}, {"trade_id": 143729817, "side": "buy", "size": "567.00000000", "price": "0.71860000", "time": "2025-07-15T15:16:21.326870Z", "fetched_at": "2025-07-15T15:20:18.859685+00:00", "symbol": "ADA-USD"}, {"trade_id": 143729816, "side": "buy", "size": "1.60000000", "price": "0.71860000", "time": "2025-07-15T15:16:21.326870Z", "fetched_at": "2025-07-15T15:20:18.859685+00:00", "symbol": "ADA-USD"}, {"trade_id": 143729815, "side": "buy", "size": "567.00000000", "price": "0.71860000", "time": "2025-07-15T15:16:21.326870Z", "fetched_at": "2025-07-15T15:20:18.859685+00:00", "symbol": "ADA-USD"}, {"trade_id": 143729814, "side": "buy", "size": "567.00000000", "price": "0.71870000", "time": "2025-07-15T15:16:21.321163Z", "fetched_at": "2025-07-15T15:20:18.859685+00:00", "symbol": "ADA-USD"}, {"trade_id": 143729813, "side": "sell", "size": "22.73566711", "price": "0.71870000", "time": "2025-07-15T15:16:21.109729Z", "fetched_at": "2025-07-15T15:20:18.859685+00:00", "symbol": "ADA-USD"}, {"trade_id": 143729812, "side": "buy", "size": "522.34000000", "price": "0.71880000", "time": "2025-07-15T15:16:21.096411Z", "fetched_at": "2025-07-15T15:20:18.859685+00:00", "symbol": "ADA-USD"}, {"trade_id": 143729811, "side": "buy", "size": "522.33430222", "price": "0.71880000", "time": "2025-07-15T15:16:21.096411Z", "fetched_at": "2025-07-15T15:20:18.859685+00:00", "symbol": "ADA-USD"}, {"trade_id": 143729810, "side": "sell", "size": "76.63241200", "price": "0.71880000", "time": "2025-07-15T15:16:16.793765Z", "fetched_at": "2025-07-15T15:20:18.859685+00:00", "symbol": "ADA-USD"}, {"trade_id": 143729809, "side": "buy", "size": "18.30001300", "price": "0.71850000", "time": "2025-07-15T15:16:13.842853Z", "fetched_at": "2025-07-15T15:20:18.859685+00:00", "symbol": "ADA-USD"}, {"trade_id": 143729808, "side": "buy", "size": "1.60000000", "price": "0.71850000", "time": "2025-07-15T15:16:13.842853Z", "fetched_at": "2025-07-15T15:20:18.859685+00:00", "symbol": "ADA-USD"}, {"trade_id": 143729807, "side": "buy", "size": "1.60000000", "price": "0.71860000", "time": "2025-07-15T15:16:13.842853Z", "fetched_at": "2025-07-15T15:20:18.859685+00:00", "symbol": "ADA-USD"}, {"trade_id": 143729806, "side": "buy", "size": "1.60000000", "price": "0.71870000", "time": "2025-07-15T15:16:13.842853Z", "fetched_at": "2025-07-15T15:20:18.859685+00:00", "symbol": "ADA-USD"}, {"trade_id": 143729805, "side": "sell", "size": "6.53942400", "price": "0.71890000", "time": "2025-07-15T15:16:12.698756Z", "fetched_at": "2025-07-15T15:20:18.859685+00:00", "symbol": "ADA-USD"}, {"trade_id": 143729804, "side": "sell", "size": "400.00000000", "price": "0.71880000", "time": "2025-07-15T15:16:11.615806Z", "fetched_at": "2025-07-15T15:20:18.859685+00:00", "symbol": "ADA-USD"}, {"trade_id": 143729803, "side": "buy", "size": "414.05780000", "price": "0.71870000", "time": "2025-07-15T15:16:07.189654Z", "fetched_at": "2025-07-15T15:20:18.859685+00:00", "symbol": "ADA-USD"}, {"trade_id": 143729802, "side": "buy", "size": "1.60000000", "price": "0.71870000", "time": "2025-07-15T15:16:07.189654Z", "fetched_at": "2025-07-15T15:20:18.859685+00:00", "symbol": "ADA-USD"}, {"trade_id": 143729801, "side": "buy", "size": "1.60000000", "price": "0.71880000", "time": "2025-07-15T15:16:07.189654Z", "fetched_at": "2025-07-15T15:20:18.859685+00:00", "symbol": "ADA-USD"}, {"trade_id": 143729800, "side": "buy", "size": "435.68795467", "price": "0.71910000", "time": "2025-07-15T15:16:03.280577Z", "fetched_at": "2025-07-15T15:20:18.859685+00:00", "symbol": "ADA-USD"}, {"trade_id": 143729799, "side": "sell", "size": "567.00000000", "price": "0.71910000", "time": "2025-07-15T15:16:01.222815Z", "fetched_at": "2025-07-15T15:20:18.859685+00:00", "symbol": "ADA-USD"}, {"trade_id": 143729798, "side": "sell", "size": "27.98235952", "price": "0.71910000", "time": "2025-07-15T15:16:01.211846Z", "fetched_at": "2025-07-15T15:20:18.859685+00:00", "symbol": "ADA-USD"}, {"trade_id": 143729797, "side": "buy", "size": "435.68795467", "price": "0.71930000", "time": "2025-07-15T15:16:01.090947Z", "fetched_at": "2025-07-15T15:20:18.859685+00:00", "symbol": "ADA-USD"}, {"trade_id": 143729796, "side": "sell", "size": "1148.67560448", "price": "0.71950000", "time": "2025-07-15T15:16:00.827310Z", "fetched_at": "2025-07-15T15:20:18.859685+00:00", "symbol": "ADA-USD"}, {"trade_id": 143729795, "side": "sell", "size": "567.00000000", "price": "0.71950000", "time": "2025-07-15T15:16:00.827310Z", "fetched_at": "2025-07-15T15:20:18.859685+00:00", "symbol": "ADA-USD"}, {"trade_id": 143729794, "side": "sell", "size": "596.60754861", "price": "0.71950000", "time": "2025-07-15T15:16:00.827310Z", "fetched_at": "2025-07-15T15:20:18.859685+00:00", "symbol": "ADA-USD"}, {"trade_id": 143729793, "side": "sell", "size": "51.00306000", "price": "0.71950000", "time": "2025-07-15T15:16:00.827310Z", "fetched_at": "2025-07-15T15:20:18.859685+00:00", "symbol": "ADA-USD"}, {"trade_id": 143729792, "side": "sell", "size": "567.00000000", "price": "0.71940000", "time": "2025-07-15T15:16:00.827310Z", "fetched_at": "2025-07-15T15:20:18.859685+00:00", "symbol": "ADA-USD"}, {"trade_id": 143729791, "side": "sell", "size": "626.65845444", "price": "0.71930000", "time": "2025-07-15T15:16:00.820802Z", "fetched_at": "2025-07-15T15:20:18.859685+00:00", "symbol": "ADA-USD"}, {"trade_id": 143729790, "side": "buy", "size": "238.74320288", "price": "0.71930000", "time": "2025-07-15T15:16:00.777344Z", "fetched_at": "2025-07-15T15:20:18.859685+00:00", "symbol": "ADA-USD"}, {"trade_id": 143729789, "side": "buy", "size": "567.00000000", "price": "0.71930000", "time": "2025-07-15T15:16:00.777344Z", "fetched_at": "2025-07-15T15:20:18.859685+00:00", "symbol": "ADA-USD"}, {"trade_id": 143729788, "side": "buy", "size": "20.89672910", "price": "0.71940000", "time": "2025-07-15T15:16:00.777344Z", "fetched_at": "2025-07-15T15:20:18.859685+00:00", "symbol": "ADA-USD"}, {"trade_id": 143729787, "side": "buy", "size": "62.69018729", "price": "0.71940000", "time": "2025-07-15T15:16:00.777344Z", "fetched_at": "2025-07-15T15:20:18.859685+00:00", "symbol": "ADA-USD"}, {"trade_id": 143729786, "side": "buy", "size": "91.21118112", "price": "0.71940000", "time": "2025-07-15T15:16:00.777344Z", "fetched_at": "2025-07-15T15:20:18.859685+00:00", "symbol": "ADA-USD"}, {"trade_id": 143729785, "side": "sell", "size": "567.00000000", "price": "0.71950000", "time": "2025-07-15T15:16:00.751315Z", "fetched_at": "2025-07-15T15:20:18.859685+00:00", "symbol": "ADA-USD"}, {"trade_id": 143729784, "side": "sell", "size": "1.60000000", "price": "0.71950000", "time": "2025-07-15T15:16:00.751315Z", "fetched_at": "2025-07-15T15:20:18.859685+00:00", "symbol": "ADA-USD"}, {"trade_id": 143729783, "side": "sell", "size": "300.00000000", "price": "0.71940000", "time": "2025-07-15T15:16:00.681623Z", "fetched_at": "2025-07-15T15:20:18.859685+00:00", "symbol": "ADA-USD"}, {"trade_id": 143729782, "side": "sell", "size": "2885.45917269", "price": "0.71940000", "time": "2025-07-15T15:16:00.674636Z", "fetched_at": "2025-07-15T15:20:18.859685+00:00", "symbol": "ADA-USD"}, {"trade_id": 143729781, "side": "sell", "size": "746.80528841", "price": "0.71940000", "time": "2025-07-15T15:16:00.674636Z", "fetched_at": "2025-07-15T15:20:18.859685+00:00", "symbol": "ADA-USD"}, {"trade_id": 143729780, "side": "sell", "size": "761.89698799", "price": "0.71940000", "time": "2025-07-15T15:16:00.664143Z", "fetched_at": "2025-07-15T15:20:18.859685+00:00", "symbol": "ADA-USD"}, {"trade_id": 143729779, "side": "sell", "size": "800.00000000", "price": "0.71940000", "time": "2025-07-15T15:16:00.664143Z", "fetched_at": "2025-07-15T15:20:18.859685+00:00", "symbol": "ADA-USD"}, {"trade_id": 143729778, "side": "sell", "size": "567.00000000", "price": "0.71940000", "time": "2025-07-15T15:16:00.664143Z", "fetched_at": "2025-07-15T15:20:18.859685+00:00", "symbol": "ADA-USD"}, {"trade_id": 143729777, "side": "sell", "size": "1.60000000", "price": "0.71940000", "time": "2025-07-15T15:16:00.664143Z", "fetched_at": "2025-07-15T15:20:18.859685+00:00", "symbol": "ADA-USD"}, {"trade_id": 143729776, "side": "sell", "size": "715.24727357", "price": "0.71930000", "time": "2025-07-15T15:16:00.663142Z", "fetched_at": "2025-07-15T15:20:18.859685+00:00", "symbol": "ADA-USD"}, {"trade_id": 143729775, "side": "sell", "size": "1028.32206535", "price": "0.71930000", "time": "2025-07-15T15:16:00.663142Z", "fetched_at": "2025-07-15T15:20:18.859685+00:00", "symbol": "ADA-USD"}, {"trade_id": 143729774, "side": "sell", "size": "746.80528841", "price": "0.71930000", "time": "2025-07-15T15:16:00.663142Z", "fetched_at": "2025-07-15T15:20:18.859685+00:00", "symbol": "ADA-USD"}, {"trade_id": 143729773, "side": "sell", "size": "1.60000000", "price": "0.71930000", "time": "2025-07-15T15:16:00.663142Z", "fetched_at": "2025-07-15T15:20:18.859685+00:00", "symbol": "ADA-USD"}, {"trade_id": 143729772, "side": "sell", "size": "136.53970425", "price": "0.71920000", "time": "2025-07-15T15:16:00.663142Z", "fetched_at": "2025-07-15T15:20:18.859685+00:00", "symbol": "ADA-USD"}, {"trade_id": 143729771, "side": "sell", "size": "1.60000000", "price": "0.71920000", "time": "2025-07-15T15:16:00.663142Z", "fetched_at": "2025-07-15T15:20:18.859685+00:00", "symbol": "ADA-USD"}, {"trade_id": 143729770, "side": "buy", "size": "286.19136218", "price": "0.71910000", "time": "2025-07-15T15:16:00.647527Z", "fetched_at": "2025-07-15T15:20:18.859685+00:00", "symbol": "ADA-USD"}, {"trade_id": 143729769, "side": "buy", "size": "563.29608300", "price": "0.71910000", "time": "2025-07-15T15:16:00.647527Z", "fetched_at": "2025-07-15T15:20:18.859685+00:00", "symbol": "ADA-USD"}, {"trade_id": 143729768, "side": "buy", "size": "3.70391700", "price": "0.71910000", "time": "2025-07-15T15:16:00.208805Z", "fetched_at": "2025-07-15T15:20:18.859685+00:00", "symbol": "ADA-USD"}, {"trade_id": 143729767, "side": "sell", "size": "0.93361200", "price": "0.71910000", "time": "2025-07-15T15:15:58.875131Z", "fetched_at": "2025-07-15T15:20:18.859685+00:00", "symbol": "ADA-USD"}, {"trade_id": 143729766, "side": "sell", "size": "1.60000000", "price": "0.71910000", "time": "2025-07-15T15:15:58.875131Z", "fetched_at": "2025-07-15T15:20:18.859685+00:00", "symbol": "ADA-USD"}, {"trade_id": 143729765, "side": "sell", "size": "1.60000000", "price": "0.71900000", "time": "2025-07-15T15:15:58.875131Z", "fetched_at": "2025-07-15T15:20:18.859685+00:00", "symbol": "ADA-USD"}, {"trade_id": 143729764, "side": "sell", "size": "309.84975634", "price": "0.71890000", "time": "2025-07-15T15:15:56.049139Z", "fetched_at": "2025-07-15T15:20:18.859685+00:00", "symbol": "ADA-USD"}, {"trade_id": 143729763, "side": "sell", "size": "190.15024366", "price": "0.71890000", "time": "2025-07-15T15:15:56.041953Z", "fetched_at": "2025-07-15T15:20:18.859685+00:00", "symbol": "ADA-USD"}, {"trade_id": 143729762, "side": "sell", "size": "2086.52107386", "price": "0.71890000", "time": "2025-07-15T15:15:56.041953Z", "fetched_at": "2025-07-15T15:20:18.859685+00:00", "symbol": "ADA-USD"}, {"trade_id": 143729761, "side": "sell", "size": "21.88411147", "price": "0.71890000", "time": "2025-07-15T15:15:56.041953Z", "fetched_at": "2025-07-15T15:20:18.859685+00:00", "symbol": "ADA-USD"}, {"trade_id": 143729760, "side": "sell", "size": "100.54257100", "price": "0.71880000", "time": "2025-07-15T15:15:52.678048Z", "fetched_at": "2025-07-15T15:20:18.859685+00:00", "symbol": "ADA-USD"}, {"trade_id": 143729759, "side": "sell", "size": "34.44676400", "price": "0.71880000", "time": "2025-07-15T15:15:51.397174Z", "fetched_at": "2025-07-15T15:20:18.859685+00:00", "symbol": "ADA-USD"}, {"trade_id": 143729758, "side": "sell", "size": "500.00000000", "price": "0.71890000", "time": "2025-07-15T15:15:48.339528Z", "fetched_at": "2025-07-15T15:20:18.859685+00:00", "symbol": "ADA-USD"}, {"trade_id": 143729757, "side": "sell", "size": "29.17881529", "price": "0.71890000", "time": "2025-07-15T15:15:48.339528Z", "fetched_at": "2025-07-15T15:20:18.859685+00:00", "symbol": "ADA-USD"}, {"trade_id": 143729756, "side": "sell", "size": "131.61717738", "price": "0.71890000", "time": "2025-07-15T15:15:46.519545Z", "fetched_at": "2025-07-15T15:20:18.859685+00:00", "symbol": "ADA-USD"}, {"trade_id": 143729755, "side": "sell", "size": "417.25767208", "price": "0.71890000", "time": "2025-07-15T15:15:46.519545Z", "fetched_at": "2025-07-15T15:20:18.859685+00:00", "symbol": "ADA-USD"}, {"trade_id": 143729754, "side": "sell", "size": "2.60857186", "price": "0.71890000", "time": "2025-07-15T15:15:46.519545Z", "fetched_at": "2025-07-15T15:20:18.859685+00:00", "symbol": "ADA-USD"}, {"trade_id": 143729753, "side": "sell", "size": "632.94893363", "price": "0.71890000", "time": "2025-07-15T15:15:46.519545Z", "fetched_at": "2025-07-15T15:20:18.859685+00:00", "symbol": "ADA-USD"}, {"trade_id": 143729752, "side": "sell", "size": "145.39784000", "price": "0.71890000", "time": "2025-07-15T15:15:46.519545Z", "fetched_at": "2025-07-15T15:20:18.859685+00:00", "symbol": "ADA-USD"}, {"trade_id": 143729751, "side": "sell", "size": "38.90508705", "price": "0.71890000", "time": "2025-07-15T15:15:46.519545Z", "fetched_at": "2025-07-15T15:20:18.859685+00:00", "symbol": "ADA-USD"}, {"trade_id": 143729750, "side": "sell", "size": "137.78705600", "price": "0.71900000", "time": "2025-07-15T15:15:45.497504Z", "fetched_at": "2025-07-15T15:20:18.859685+00:00", "symbol": "ADA-USD"}, {"trade_id": 143729749, "side": "sell", "size": "251.92727596", "price": "0.71890000", "time": "2025-07-15T15:15:43.713562Z", "fetched_at": "2025-07-15T15:20:18.859685+00:00", "symbol": "ADA-USD"}, {"trade_id": 143729748, "side": "sell", "size": "344.74938971", "price": "0.71900000", "time": "2025-07-15T15:15:43.700614Z", "fetched_at": "2025-07-15T15:20:18.859685+00:00", "symbol": "ADA-USD"}, {"trade_id": 143729747, "side": "sell", "size": "402.97333125", "price": "0.71900000", "time": "2025-07-15T15:15:43.700614Z", "fetched_at": "2025-07-15T15:20:18.859685+00:00", "symbol": "ADA-USD"}, {"trade_id": 143729746, "side": "sell", "size": "343.83195716", "price": "0.71900000", "time": "2025-07-15T15:15:43.700614Z", "fetched_at": "2025-07-15T15:20:18.859685+00:00", "symbol": "ADA-USD"}, {"trade_id": 143729745, "side": "sell", "size": "567.00000000", "price": "0.71900000", "time": "2025-07-15T15:15:43.700614Z", "fetched_at": "2025-07-15T15:20:18.859685+00:00", "symbol": "ADA-USD"}, {"trade_id": 143729744, "side": "sell", "size": "1.60000000", "price": "0.71900000", "time": "2025-07-15T15:15:43.700614Z", "fetched_at": "2025-07-15T15:20:18.859685+00:00", "symbol": "ADA-USD"}, {"trade_id": 143729743, "side": "sell", "size": "251.92727596", "price": "0.71890000", "time": "2025-07-15T15:15:43.686929Z", "fetched_at": "2025-07-15T15:20:18.859685+00:00", "symbol": "ADA-USD"}, {"trade_id": 143729742, "side": "sell", "size": "500.00000000", "price": "0.71870000", "time": "2025-07-15T15:15:43.538724Z", "fetched_at": "2025-07-15T15:20:18.859685+00:00", "symbol": "ADA-USD"}, {"trade_id": 143729741, "side": "buy", "size": "435.68795467", "price": "0.71880000", "time": "2025-07-15T15:15:40.688028Z", "fetched_at": "2025-07-15T15:20:18.859685+00:00", "symbol": "ADA-USD"}, {"trade_id": 143729740, "side": "buy", "size": "301.63940000", "price": "0.71880000", "time": "2025-07-15T15:15:40.688028Z", "fetched_at": "2025-07-15T15:20:18.859685+00:00", "symbol": "ADA-USD"}, {"trade_id": 143729739, "side": "sell", "size": "498.69087531", "price": "0.71890000", "time": "2025-07-15T15:15:40.668073Z", "fetched_at": "2025-07-15T15:20:18.859685+00:00", "symbol": "ADA-USD"}, {"trade_id": 143729738, "side": "sell", "size": "51.87344941", "price": "0.71890000", "time": "2025-07-15T15:15:40.668073Z", "fetched_at": "2025-07-15T15:20:18.859685+00:00", "symbol": "ADA-USD"}, {"trade_id": 143729737, "side": "sell", "size": "45.30032341", "price": "0.71890000", "time": "2025-07-15T15:15:39.712761Z", "fetched_at": "2025-07-15T15:20:18.859685+00:00", "symbol": "ADA-USD"}, {"trade_id": 143729736, "side": "sell", "size": "1696.42240000", "price": "0.71890000", "time": "2025-07-15T15:15:39.712761Z", "fetched_at": "2025-07-15T15:20:18.859685+00:00", "symbol": "ADA-USD"}, {"trade_id": 143729735, "side": "sell", "size": "1.60000000", "price": "0.71890000", "time": "2025-07-15T15:15:39.712761Z", "fetched_at": "2025-07-15T15:20:18.859685+00:00", "symbol": "ADA-USD"}, {"trade_id": 143729734, "side": "sell", "size": "987.16023570", "price": "0.71880000", "time": "2025-07-15T15:15:39.707700Z", "fetched_at": "2025-07-15T15:20:18.859685+00:00", "symbol": "ADA-USD"}, {"trade_id": 143729733, "side": "sell", "size": "1.60000000", "price": "0.71880000", "time": "2025-07-15T15:15:39.707700Z", "fetched_at": "2025-07-15T15:20:18.859685+00:00", "symbol": "ADA-USD"}, {"trade_id": 143729732, "side": "sell", "size": "1471.30371943", "price": "0.71870000", "time": "2025-07-15T15:15:39.660150Z", "fetched_at": "2025-07-15T15:20:18.859685+00:00", "symbol": "ADA-USD"}, {"trade_id": 143729731, "side": "sell", "size": "746.80528841", "price": "0.71870000", "time": "2025-07-15T15:15:39.660150Z", "fetched_at": "2025-07-15T15:20:18.859685+00:00", "symbol": "ADA-USD"}, {"trade_id": 143729730, "side": "sell", "size": "852.08677984", "price": "0.71870000", "time": "2025-07-15T15:15:39.660150Z", "fetched_at": "2025-07-15T15:20:18.859685+00:00", "symbol": "ADA-USD"}, {"trade_id": 143729729, "side": "sell", "size": "0.03714280", "price": "0.71850000", "time": "2025-07-15T15:15:39.418875Z", "fetched_at": "2025-07-15T15:20:18.859685+00:00", "symbol": "ADA-USD"}, {"trade_id": 143729728, "side": "sell", "size": "13.51751900", "price": "0.71860000", "time": "2025-07-15T15:15:38.619701Z", "fetched_at": "2025-07-15T15:20:18.859685+00:00", "symbol": "ADA-USD"}, {"trade_id": 143729727, "side": "buy", "size": "2.38182200", "price": "0.71860000", "time": "2025-07-15T15:15:37.976227Z", "fetched_at": "2025-07-15T15:20:18.859685+00:00", "symbol": "ADA-USD"}, {"trade_id": 143729726, "side": "sell", "size": "712.81650897", "price": "0.71870000", "time": "2025-07-15T15:15:37.754409Z", "fetched_at": "2025-07-15T15:20:18.859685+00:00", "symbol": "ADA-USD"}, {"trade_id": 143729725, "side": "sell", "size": "1.60000000", "price": "0.71870000", "time": "2025-07-15T15:15:37.754409Z", "fetched_at": "2025-07-15T15:20:18.859685+00:00", "symbol": "ADA-USD"}, {"trade_id": 143729724, "side": "sell", "size": "695.77469239", "price": "0.71870000", "time": "2025-07-15T15:15:37.754409Z", "fetched_at": "2025-07-15T15:20:18.859685+00:00", "symbol": "ADA-USD"}, {"trade_id": 143729723, "side": "sell", "size": "640.10085150", "price": "0.71870000", "time": "2025-07-15T15:15:37.754409Z", "fetched_at": "2025-07-15T15:20:18.859685+00:00", "symbol": "ADA-USD"}, {"trade_id": 143729722, "side": "sell", "size": "6.87590257", "price": "0.71860000", "time": "2025-07-15T15:15:37.559249Z", "fetched_at": "2025-07-15T15:20:18.859685+00:00", "symbol": "ADA-USD"}, {"trade_id": 143729721, "side": "buy", "size": "17.18082700", "price": "0.71840000", "time": "2025-07-15T15:15:32.260641Z", "fetched_at": "2025-07-15T15:20:18.859685+00:00", "symbol": "ADA-USD"}, {"trade_id": 143729720, "side": "buy", "size": "1.60000000", "price": "0.71840000", "time": "2025-07-15T15:15:32.260641Z", "fetched_at": "2025-07-15T15:20:18.859685+00:00", "symbol": "ADA-USD"}, {"trade_id": 143729719, "side": "sell", "size": "67.84260000", "price": "0.71850000", "time": "2025-07-15T15:15:30.502700Z", "fetched_at": "2025-07-15T15:20:18.859685+00:00", "symbol": "ADA-USD"}, {"trade_id": 143729718, "side": "buy", "size": "1872.67912414", "price": "0.71850000", "time": "2025-07-15T15:15:30.479675Z", "fetched_at": "2025-07-15T15:20:18.859685+00:00", "symbol": "ADA-USD"}, {"trade_id": 143729717, "side": "buy", "size": "385.43782067", "price": "0.71850000", "time": "2025-07-15T15:15:30.479675Z", "fetched_at": "2025-07-15T15:20:18.859685+00:00", "symbol": "ADA-USD"}, {"trade_id": 143729716, "side": "buy", "size": "1.60000000", "price": "0.71850000", "time": "2025-07-15T15:15:30.479675Z", "fetched_at": "2025-07-15T15:20:18.859685+00:00", "symbol": "ADA-USD"}, {"trade_id": 143729715, "side": "buy", "size": "341.16000000", "price": "0.71850000", "time": "2025-07-15T15:15:30.479675Z", "fetched_at": "2025-07-15T15:20:18.859685+00:00", "symbol": "ADA-USD"}, {"trade_id": 143729714, "side": "buy", "size": "567.00000000", "price": "0.71850000", "time": "2025-07-15T15:15:30.479675Z", "fetched_at": "2025-07-15T15:20:18.859685+00:00", "symbol": "ADA-USD"}, {"trade_id": 143729713, "side": "buy", "size": "695.99098352", "price": "0.71860000", "time": "2025-07-15T15:15:30.475954Z", "fetched_at": "2025-07-15T15:20:18.859685+00:00", "symbol": "ADA-USD"}, {"trade_id": 143729712, "side": "buy", "size": "1.60000000", "price": "0.71860000", "time": "2025-07-15T15:15:30.475954Z", "fetched_at": "2025-07-15T15:20:18.859685+00:00", "symbol": "ADA-USD"}, {"trade_id": 143729711, "side": "buy", "size": "1391.20756816", "price": "0.71880000", "time": "2025-07-15T15:15:28.840579Z", "fetched_at": "2025-07-15T15:20:18.859685+00:00", "symbol": "ADA-USD"}, {"trade_id": 143729710, "side": "buy", "size": "1.60000000", "price": "0.71880000", "time": "2025-07-15T15:15:28.840579Z", "fetched_at": "2025-07-15T15:20:18.859685+00:00", "symbol": "ADA-USD"}, {"trade_id": 143729709, "side": "buy", "size": "567.00000000", "price": "0.71880000", "time": "2025-07-15T15:15:28.840579Z", "fetched_at": "2025-07-15T15:20:18.859685+00:00", "symbol": "ADA-USD"}, {"trade_id": 143729708, "side": "buy", "size": "1.60000000", "price": "0.71890000", "time": "2025-07-15T15:15:28.840579Z", "fetched_at": "2025-07-15T15:20:18.859685+00:00", "symbol": "ADA-USD"}, {"trade_id": 143729707, "side": "buy", "size": "15.46919165", "price": "0.71900000", "time": "2025-07-15T15:15:27.874099Z", "fetched_at": "2025-07-15T15:20:18.859685+00:00", "symbol": "ADA-USD"}, {"trade_id": 143729706, "side": "buy", "size": "4509.00299785", "price": "0.71900000", "time": "2025-07-15T15:15:27.874099Z", "fetched_at": "2025-07-15T15:20:18.859685+00:00", "symbol": "ADA-USD"}, {"trade_id": 143729705, "side": "buy", "size": "2443.16607890", "price": "0.71900000", "time": "2025-07-15T15:15:21.151346Z", "fetched_at": "2025-07-15T15:20:18.859685+00:00", "symbol": "ADA-USD"}, {"trade_id": 143729704, "side": "buy", "size": "695.37693076", "price": "0.71900000", "time": "2025-07-15T15:15:21.151346Z", "fetched_at": "2025-07-15T15:20:18.859685+00:00", "symbol": "ADA-USD"}, {"trade_id": 143729703, "side": "buy", "size": "766.44434609", "price": "0.71900000", "time": "2025-07-15T15:15:21.151346Z", "fetched_at": "2025-07-15T15:20:18.859685+00:00", "symbol": "ADA-USD"}, {"trade_id": 143729702, "side": "buy", "size": "644.49454616", "price": "0.71900000", "time": "2025-07-15T15:15:21.151346Z", "fetched_at": "2025-07-15T15:20:18.859685+00:00", "symbol": "ADA-USD"}, {"trade_id": 143729701, "side": "buy", "size": "341.16000000", "price": "0.71900000", "time": "2025-07-15T15:15:21.151346Z", "fetched_at": "2025-07-15T15:20:18.859685+00:00", "symbol": "ADA-USD"}, {"trade_id": 143729700, "side": "buy", "size": "567.00000000", "price": "0.71900000", "time": "2025-07-15T15:15:21.151346Z", "fetched_at": "2025-07-15T15:20:18.859685+00:00", "symbol": "ADA-USD"}, {"trade_id": 143729699, "side": "buy", "size": "46.40757494", "price": "0.71900000", "time": "2025-07-15T15:15:21.151346Z", "fetched_at": "2025-07-15T15:20:18.859685+00:00", "symbol": "ADA-USD"}, {"trade_id": 143729698, "side": "buy", "size": "618.28513415", "price": "0.71910000", "time": "2025-07-15T15:15:21.151346Z", "fetched_at": "2025-07-15T15:20:18.859685+00:00", "symbol": "ADA-USD"}, {"trade_id": 143729697, "side": "buy", "size": "567.00000000", "price": "0.71910000", "time": "2025-07-15T15:15:21.151346Z", "fetched_at": "2025-07-15T15:20:18.859685+00:00", "symbol": "ADA-USD"}, {"trade_id": 143729696, "side": "buy", "size": "400.00000000", "price": "0.71910000", "time": "2025-07-15T15:15:21.151346Z", "fetched_at": "2025-07-15T15:20:18.859685+00:00", "symbol": "ADA-USD"}, {"trade_id": 143729695, "side": "buy", "size": "102.14133100", "price": "0.71910000", "time": "2025-07-15T15:15:18.364176Z", "fetched_at": "2025-07-15T15:20:18.859685+00:00", "symbol": "ADA-USD"}, {"trade_id": 143729694, "side": "buy", "size": "18.05800100", "price": "0.71910000", "time": "2025-07-15T15:15:17.649255Z", "fetched_at": "2025-07-15T15:20:18.859685+00:00", "symbol": "ADA-USD"}, {"trade_id": 143729693, "side": "buy", "size": "1.60000000", "price": "0.71910000", "time": "2025-07-15T15:15:17.649255Z", "fetched_at": "2025-07-15T15:20:18.859685+00:00", "symbol": "ADA-USD"}, {"trade_id": 143729692, "side": "buy", "size": "2.10703000", "price": "0.71930000", "time": "2025-07-15T15:15:14.957443Z", "fetched_at": "2025-07-15T15:20:18.859685+00:00", "symbol": "ADA-USD"}, {"trade_id": 143729691, "side": "sell", "size": "13.90342582", "price": "0.71940000", "time": "2025-07-15T15:15:13.637373Z", "fetched_at": "2025-07-15T15:20:18.859685+00:00", "symbol": "ADA-USD"}, {"trade_id": 143729690, "side": "sell", "size": "1.60000000", "price": "0.71940000", "time": "2025-07-15T15:15:13.637373Z", "fetched_at": "2025-07-15T15:20:18.859685+00:00", "symbol": "ADA-USD"}, {"trade_id": 143729689, "side": "sell", "size": "13.90535943", "price": "0.71930000", "time": "2025-07-15T15:15:12.084458Z", "fetched_at": "2025-07-15T15:20:18.859685+00:00", "symbol": "ADA-USD"}, {"trade_id": 143729688, "side": "sell", "size": "13.90535943", "price": "0.71930000", "time": "2025-07-15T15:15:12.038739Z", "fetched_at": "2025-07-15T15:20:18.859685+00:00", "symbol": "ADA-USD"}, {"trade_id": 143729687, "side": "sell", "size": "1.60000000", "price": "0.71930000", "time": "2025-07-15T15:15:12.038739Z", "fetched_at": "2025-07-15T15:20:18.859685+00:00", "symbol": "ADA-USD"}, {"trade_id": 143729686, "side": "sell", "size": "0.31878214", "price": "0.71930000", "time": "2025-07-15T15:15:12.038739Z", "fetched_at": "2025-07-15T15:20:18.859685+00:00", "symbol": "ADA-USD"}, {"trade_id": 143729685, "side": "sell", "size": "13.91110803", "price": "0.71920000", "time": "2025-07-15T15:15:10.550010Z", "fetched_at": "2025-07-15T15:20:18.859685+00:00", "symbol": "ADA-USD"}, {"trade_id": 143729684, "side": "sell", "size": "1.60000000", "price": "0.71920000", "time": "2025-07-15T15:15:10.550010Z", "fetched_at": "2025-07-15T15:20:18.859685+00:00", "symbol": "ADA-USD"}, {"trade_id": 143729683, "side": "sell", "size": "13.91110803", "price": "0.71910000", "time": "2025-07-15T15:15:08.861844Z", "fetched_at": "2025-07-15T15:20:18.859685+00:00", "symbol": "ADA-USD"}, {"trade_id": 143729682, "side": "sell", "size": "1.60000000", "price": "0.71910000", "time": "2025-07-15T15:15:08.861844Z", "fetched_at": "2025-07-15T15:20:18.859685+00:00", "symbol": "ADA-USD"}, {"trade_id": 143729681, "side": "sell", "size": "0.85054894", "price": "0.71900000", "time": "2025-07-15T15:15:08.531362Z", "fetched_at": "2025-07-15T15:20:18.859685+00:00", "symbol": "ADA-USD"}, {"trade_id": 143729680, "side": "sell", "size": "49.40306000", "price": "0.71900000", "time": "2025-07-15T15:15:08.529045Z", "fetched_at": "2025-07-15T15:20:18.859685+00:00", "symbol": "ADA-USD"}, {"trade_id": 143729679, "side": "sell", "size": "1.60000000", "price": "0.71900000", "time": "2025-07-15T15:15:08.529045Z", "fetched_at": "2025-07-15T15:20:18.859685+00:00", "symbol": "ADA-USD"}, {"trade_id": 143729678, "side": "sell", "size": "78.58004193", "price": "0.71890000", "time": "2025-07-15T15:15:07.339252Z", "fetched_at": "2025-07-15T15:20:18.859685+00:00", "symbol": "ADA-USD"}, {"trade_id": 143729677, "side": "sell", "size": "49.40306000", "price": "0.71890000", "time": "2025-07-15T15:15:07.334818Z", "fetched_at": "2025-07-15T15:20:18.859685+00:00", "symbol": "ADA-USD"}, {"trade_id": 143729676, "side": "sell", "size": "1.60000000", "price": "0.71890000", "time": "2025-07-15T15:15:07.334818Z", "fetched_at": "2025-07-15T15:20:18.859685+00:00", "symbol": "ADA-USD"}, {"trade_id": 143729675, "side": "sell", "size": "253.34297322", "price": "0.71880000", "time": "2025-07-15T15:15:05.711370Z", "fetched_at": "2025-07-15T15:20:18.859685+00:00", "symbol": "ADA-USD"}, {"trade_id": 143729674, "side": "sell", "size": "1.60000000", "price": "0.71880000", "time": "2025-07-15T15:15:05.133034Z", "fetched_at": "2025-07-15T15:20:18.859685+00:00", "symbol": "ADA-USD"}, {"trade_id": 143729673, "side": "sell", "size": "501.49325270", "price": "0.71870000", "time": "2025-07-15T15:15:05.113672Z", "fetched_at": "2025-07-15T15:20:18.859685+00:00", "symbol": "ADA-USD"}, {"trade_id": 143729672, "side": "sell", "size": "1.60000000", "price": "0.71870000", "time": "2025-07-15T15:15:05.113672Z", "fetched_at": "2025-07-15T15:20:18.859685+00:00", "symbol": "ADA-USD"}, {"trade_id": 143729671, "side": "sell", "size": "50.83097787", "price": "0.71860000", "time": "2025-07-15T15:15:05.053383Z", "fetched_at": "2025-07-15T15:20:18.859685+00:00", "symbol": "ADA-USD"}, {"trade_id": 143729670, "side": "sell", "size": "177.66351615", "price": "0.71870000", "time": "2025-07-15T15:15:04.891607Z", "fetched_at": "2025-07-15T15:20:18.859685+00:00", "symbol": "ADA-USD"}, {"trade_id": 143729669, "side": "sell", "size": "13.50197850", "price": "0.71860000", "time": "2025-07-15T15:15:04.891607Z", "fetched_at": "2025-07-15T15:20:18.859685+00:00", "symbol": "ADA-USD"}, {"trade_id": 143729668, "side": "sell", "size": "91.43034669", "price": "0.71860000", "time": "2025-07-15T15:15:04.891607Z", "fetched_at": "2025-07-15T15:20:18.859685+00:00", "symbol": "ADA-USD"}, {"trade_id": 143729667, "side": "sell", "size": "54.27265866", "price": "0.71860000", "time": "2025-07-15T15:15:04.891607Z", "fetched_at": "2025-07-15T15:20:18.859685+00:00", "symbol": "ADA-USD"}, {"trade_id": 143729666, "side": "buy", "size": "1.60000000", "price": "0.71850000", "time": "2025-07-15T15:15:00.939883Z", "fetched_at": "2025-07-15T15:20:18.859685+00:00", "symbol": "ADA-USD"}, {"trade_id": 143729665, "side": "buy", "size": "0.00004669", "price": "0.71860000", "time": "2025-07-15T15:14:59.653771Z", "fetched_at": "2025-07-15T15:20:18.859685+00:00", "symbol": "ADA-USD"}, {"trade_id": 143729664, "side": "buy", "size": "91.43030000", "price": "0.71860000", "time": "2025-07-15T15:14:58.997737Z", "fetched_at": "2025-07-15T15:20:18.859685+00:00", "symbol": "ADA-USD"}, {"trade_id": 143729663, "side": "buy", "size": "1.60000000", "price": "0.71860000", "time": "2025-07-15T15:14:58.997737Z", "fetched_at": "2025-07-15T15:20:18.859685+00:00", "symbol": "ADA-USD"}, {"trade_id": 143729662, "side": "buy", "size": "1.60000000", "price": "0.71870000", "time": "2025-07-15T15:14:58.945737Z", "fetched_at": "2025-07-15T15:20:18.859685+00:00", "symbol": "ADA-USD"}, {"trade_id": 143729661, "side": "buy", "size": "1.60000000", "price": "0.71880000", "time": "2025-07-15T15:14:57.619794Z", "fetched_at": "2025-07-15T15:20:18.859685+00:00", "symbol": "ADA-USD"}, {"trade_id": 143729660, "side": "sell", "size": "831.62359788", "price": "0.71900000", "time": "2025-07-15T15:14:54.672079Z", "fetched_at": "2025-07-15T15:20:18.859685+00:00", "symbol": "ADA-USD"}, {"trade_id": 143729659, "side": "sell", "size": "3185.25075742", "price": "0.71900000", "time": "2025-07-15T15:14:54.672079Z", "fetched_at": "2025-07-15T15:20:18.859685+00:00", "symbol": "ADA-USD"}, {"trade_id": 143729658, "side": "sell", "size": "2697.08326041", "price": "0.71900000", "time": "2025-07-15T15:14:54.672079Z", "fetched_at": "2025-07-15T15:20:18.859685+00:00", "symbol": "ADA-USD"}, {"trade_id": 143729657, "side": "sell", "size": "746.80528841", "price": "0.71900000", "time": "2025-07-15T15:14:54.672079Z", "fetched_at": "2025-07-15T15:20:18.859685+00:00", "symbol": "ADA-USD"}, {"trade_id": 143729656, "side": "sell", "size": "567.00000000", "price": "0.71900000", "time": "2025-07-15T15:14:54.672079Z", "fetched_at": "2025-07-15T15:20:18.859685+00:00", "symbol": "ADA-USD"}, {"trade_id": 143729655, "side": "sell", "size": "104.29339800", "price": "0.71890000", "time": "2025-07-15T15:14:51.247382Z", "fetched_at": "2025-07-15T15:20:18.859685+00:00", "symbol": "ADA-USD"}, {"trade_id": 143729654, "side": "sell", "size": "33.39784000", "price": "0.71890000", "time": "2025-07-15T15:14:51.247382Z", "fetched_at": "2025-07-15T15:20:18.859685+00:00", "symbol": "ADA-USD"}