[{"trade_id": 143722472, "side": "buy", "size": "1.60000000", "price": "0.72370000", "time": "2025-07-15T14:39:30.681179Z", "fetched_at": "2025-07-15T14:39:33.467619+00:00", "symbol": "ADA-USD"}, {"trade_id": 143722471, "side": "sell", "size": "68.56548770", "price": "0.72380000", "time": "2025-07-15T14:39:30.500740Z", "fetched_at": "2025-07-15T14:39:33.467619+00:00", "symbol": "ADA-USD"}, {"trade_id": 143722470, "side": "buy", "size": "301.63940000", "price": "0.72410000", "time": "2025-07-15T14:39:25.152099Z", "fetched_at": "2025-07-15T14:39:33.467619+00:00", "symbol": "ADA-USD"}, {"trade_id": 143722469, "side": "buy", "size": "302.98664000", "price": "0.72410000", "time": "2025-07-15T14:39:25.152099Z", "fetched_at": "2025-07-15T14:39:33.467619+00:00", "symbol": "ADA-USD"}, {"trade_id": 143722468, "side": "sell", "size": "1.60000000", "price": "0.72410000", "time": "2025-07-15T14:39:25.095237Z", "fetched_at": "2025-07-15T14:39:33.467619+00:00", "symbol": "ADA-USD"}, {"trade_id": 143722467, "side": "sell", "size": "122.61805000", "price": "0.72390000", "time": "2025-07-15T14:39:20.932158Z", "fetched_at": "2025-07-15T14:39:33.467619+00:00", "symbol": "ADA-USD"}, {"trade_id": 143722466, "side": "buy", "size": "301.63940000", "price": "0.72400000", "time": "2025-07-15T14:39:20.558013Z", "fetched_at": "2025-07-15T14:39:33.467619+00:00", "symbol": "ADA-USD"}, {"trade_id": 143722465, "side": "buy", "size": "302.98664000", "price": "0.72400000", "time": "2025-07-15T14:39:20.558013Z", "fetched_at": "2025-07-15T14:39:33.467619+00:00", "symbol": "ADA-USD"}, {"trade_id": 143722464, "side": "sell", "size": "348.61301737", "price": "0.72400000", "time": "2025-07-15T14:39:20.360894Z", "fetched_at": "2025-07-15T14:39:33.467619+00:00", "symbol": "ADA-USD"}, {"trade_id": 143722463, "side": "sell", "size": "279.81115066", "price": "0.72400000", "time": "2025-07-15T14:39:20.345191Z", "fetched_at": "2025-07-15T14:39:33.467619+00:00", "symbol": "ADA-USD"}, {"trade_id": 143722462, "side": "sell", "size": "652.14376636", "price": "0.72400000", "time": "2025-07-15T14:39:20.345191Z", "fetched_at": "2025-07-15T14:39:33.467619+00:00", "symbol": "ADA-USD"}, {"trade_id": 143722461, "side": "sell", "size": "5.11310294", "price": "0.72390000", "time": "2025-07-15T14:39:19.978139Z", "fetched_at": "2025-07-15T14:39:33.467619+00:00", "symbol": "ADA-USD"}, {"trade_id": 143722460, "side": "sell", "size": "10.56000445", "price": "0.72380000", "time": "2025-07-15T14:39:19.111347Z", "fetched_at": "2025-07-15T14:39:33.467619+00:00", "symbol": "ADA-USD"}, {"trade_id": 143722459, "side": "buy", "size": "12.55962558", "price": "0.72380000", "time": "2025-07-15T14:39:18.377446Z", "fetched_at": "2025-07-15T14:39:33.467619+00:00", "symbol": "ADA-USD"}, {"trade_id": 143722458, "side": "buy", "size": "567.00000000", "price": "0.72380000", "time": "2025-07-15T14:39:18.377446Z", "fetched_at": "2025-07-15T14:39:33.467619+00:00", "symbol": "ADA-USD"}, {"trade_id": 143722457, "side": "buy", "size": "1.60000000", "price": "0.72380000", "time": "2025-07-15T14:39:18.377446Z", "fetched_at": "2025-07-15T14:39:33.467619+00:00", "symbol": "ADA-USD"}, {"trade_id": 143722456, "side": "sell", "size": "222.70369010", "price": "0.72390000", "time": "2025-07-15T14:39:18.290561Z", "fetched_at": "2025-07-15T14:39:33.467619+00:00", "symbol": "ADA-USD"}, {"trade_id": 143722455, "side": "sell", "size": "8.60138891", "price": "0.72390000", "time": "2025-07-15T14:39:18.071253Z", "fetched_at": "2025-07-15T14:39:33.467619+00:00", "symbol": "ADA-USD"}, {"trade_id": 143722454, "side": "sell", "size": "649.96220295", "price": "0.72390000", "time": "2025-07-15T14:39:18.058787Z", "fetched_at": "2025-07-15T14:39:33.467619+00:00", "symbol": "ADA-USD"}, {"trade_id": 143722453, "side": "buy", "size": "51.00306000", "price": "0.72400000", "time": "2025-07-15T14:39:17.848867Z", "fetched_at": "2025-07-15T14:39:33.467619+00:00", "symbol": "ADA-USD"}, {"trade_id": 143722452, "side": "buy", "size": "4144.50507702", "price": "0.72400000", "time": "2025-07-15T14:39:17.848867Z", "fetched_at": "2025-07-15T14:39:33.467619+00:00", "symbol": "ADA-USD"}, {"trade_id": 143722451, "side": "buy", "size": "12.54587419", "price": "0.72400000", "time": "2025-07-15T14:39:17.848867Z", "fetched_at": "2025-07-15T14:39:33.467619+00:00", "symbol": "ADA-USD"}, {"trade_id": 143722450, "side": "buy", "size": "690.53556708", "price": "0.72400000", "time": "2025-07-15T14:39:17.848867Z", "fetched_at": "2025-07-15T14:39:33.467619+00:00", "symbol": "ADA-USD"}, {"trade_id": 143722449, "side": "buy", "size": "301.63940000", "price": "0.72400000", "time": "2025-07-15T14:39:17.848867Z", "fetched_at": "2025-07-15T14:39:33.467619+00:00", "symbol": "ADA-USD"}, {"trade_id": 143722448, "side": "buy", "size": "275.69095044", "price": "0.72400000", "time": "2025-07-15T14:39:17.848867Z", "fetched_at": "2025-07-15T14:39:33.467619+00:00", "symbol": "ADA-USD"}, {"trade_id": 143722447, "side": "sell", "size": "18.19081955", "price": "0.72410000", "time": "2025-07-15T14:39:17.803993Z", "fetched_at": "2025-07-15T14:39:33.467619+00:00", "symbol": "ADA-USD"}, {"trade_id": 143722446, "side": "sell", "size": "18.19081955", "price": "0.72410000", "time": "2025-07-15T14:39:17.790816Z", "fetched_at": "2025-07-15T14:39:33.467619+00:00", "symbol": "ADA-USD"}, {"trade_id": 143722445, "side": "sell", "size": "18.19081955", "price": "0.72410000", "time": "2025-07-15T14:39:17.780286Z", "fetched_at": "2025-07-15T14:39:33.467619+00:00", "symbol": "ADA-USD"}, {"trade_id": 143722444, "side": "sell", "size": "409.75776241", "price": "0.72410000", "time": "2025-07-15T14:39:17.113468Z", "fetched_at": "2025-07-15T14:39:33.467619+00:00", "symbol": "ADA-USD"}, {"trade_id": 143722443, "side": "sell", "size": "7.51631512", "price": "0.72410000", "time": "2025-07-15T14:39:16.964257Z", "fetched_at": "2025-07-15T14:39:33.467619+00:00", "symbol": "ADA-USD"}, {"trade_id": 143722442, "side": "sell", "size": "187.64398339", "price": "0.72410000", "time": "2025-07-15T14:39:16.680395Z", "fetched_at": "2025-07-15T14:39:33.467619+00:00", "symbol": "ADA-USD"}, {"trade_id": 143722441, "side": "sell", "size": "681.94112276", "price": "0.72410000", "time": "2025-07-15T14:39:16.551813Z", "fetched_at": "2025-07-15T14:39:33.467619+00:00", "symbol": "ADA-USD"}, {"trade_id": 143722440, "side": "sell", "size": "104.17563194", "price": "0.72410000", "time": "2025-07-15T14:39:16.497451Z", "fetched_at": "2025-07-15T14:39:33.467619+00:00", "symbol": "ADA-USD"}, {"trade_id": 143722439, "side": "sell", "size": "556.98701655", "price": "0.72410000", "time": "2025-07-15T14:39:15.638475Z", "fetched_at": "2025-07-15T14:39:33.467619+00:00", "symbol": "ADA-USD"}, {"trade_id": 143722438, "side": "sell", "size": "588.17495291", "price": "0.72410000", "time": "2025-07-15T14:39:15.577220Z", "fetched_at": "2025-07-15T14:39:33.467619+00:00", "symbol": "ADA-USD"}, {"trade_id": 143722437, "side": "sell", "size": "626.94619188", "price": "0.72410000", "time": "2025-07-15T14:39:15.216517Z", "fetched_at": "2025-07-15T14:39:33.467619+00:00", "symbol": "ADA-USD"}, {"trade_id": 143722436, "side": "sell", "size": "626.29648445", "price": "0.72410000", "time": "2025-07-15T14:39:14.844839Z", "fetched_at": "2025-07-15T14:39:33.467619+00:00", "symbol": "ADA-USD"}, {"trade_id": 143722435, "side": "sell", "size": "70.18692595", "price": "0.72410000", "time": "2025-07-15T14:39:14.740770Z", "fetched_at": "2025-07-15T14:39:33.467619+00:00", "symbol": "ADA-USD"}, {"trade_id": 143722434, "side": "sell", "size": "293.00117326", "price": "0.72410000", "time": "2025-07-15T14:39:14.695673Z", "fetched_at": "2025-07-15T14:39:33.467619+00:00", "symbol": "ADA-USD"}, {"trade_id": 143722433, "side": "sell", "size": "79.38281134", "price": "0.72410000", "time": "2025-07-15T14:39:14.636815Z", "fetched_at": "2025-07-15T14:39:33.467619+00:00", "symbol": "ADA-USD"}, {"trade_id": 143722432, "side": "sell", "size": "5.87720466", "price": "0.72410000", "time": "2025-07-15T14:39:14.625699Z", "fetched_at": "2025-07-15T14:39:33.467619+00:00", "symbol": "ADA-USD"}, {"trade_id": 143722431, "side": "sell", "size": "225.21878493", "price": "0.72410000", "time": "2025-07-15T14:39:14.605936Z", "fetched_at": "2025-07-15T14:39:33.467619+00:00", "symbol": "ADA-USD"}, {"trade_id": 143722430, "side": "sell", "size": "49.04023457", "price": "0.72410000", "time": "2025-07-15T14:39:14.582101Z", "fetched_at": "2025-07-15T14:39:33.467619+00:00", "symbol": "ADA-USD"}, {"trade_id": 143722429, "side": "sell", "size": "171.80949752", "price": "0.72410000", "time": "2025-07-15T14:39:14.570723Z", "fetched_at": "2025-07-15T14:39:33.467619+00:00", "symbol": "ADA-USD"}, {"trade_id": 143722428, "side": "sell", "size": "182.66267998", "price": "0.72410000", "time": "2025-07-15T14:39:14.557849Z", "fetched_at": "2025-07-15T14:39:33.467619+00:00", "symbol": "ADA-USD"}, {"trade_id": 143722427, "side": "sell", "size": "246.32446960", "price": "0.72410000", "time": "2025-07-15T14:39:14.531815Z", "fetched_at": "2025-07-15T14:39:33.467619+00:00", "symbol": "ADA-USD"}, {"trade_id": 143722426, "side": "sell", "size": "65.27693743", "price": "0.72410000", "time": "2025-07-15T14:39:14.531815Z", "fetched_at": "2025-07-15T14:39:33.467619+00:00", "symbol": "ADA-USD"}, {"trade_id": 143722425, "side": "sell", "size": "90.98208815", "price": "0.72410000", "time": "2025-07-15T14:39:14.487086Z", "fetched_at": "2025-07-15T14:39:33.467619+00:00", "symbol": "ADA-USD"}, {"trade_id": 143722424, "side": "sell", "size": "90.98208815", "price": "0.72410000", "time": "2025-07-15T14:39:14.473475Z", "fetched_at": "2025-07-15T14:39:33.467619+00:00", "symbol": "ADA-USD"}, {"trade_id": 143722423, "side": "sell", "size": "454.68550098", "price": "0.72410000", "time": "2025-07-15T14:39:14.421742Z", "fetched_at": "2025-07-15T14:39:33.467619+00:00", "symbol": "ADA-USD"}, {"trade_id": 143722422, "side": "sell", "size": "711.35745662", "price": "0.72410000", "time": "2025-07-15T14:39:14.016026Z", "fetched_at": "2025-07-15T14:39:33.467619+00:00", "symbol": "ADA-USD"}, {"trade_id": 143722421, "side": "sell", "size": "1.59945051", "price": "0.72410000", "time": "2025-07-15T14:39:13.789065Z", "fetched_at": "2025-07-15T14:39:33.467619+00:00", "symbol": "ADA-USD"}, {"trade_id": 143722420, "side": "sell", "size": "2.13260068", "price": "0.72410000", "time": "2025-07-15T14:39:13.767504Z", "fetched_at": "2025-07-15T14:39:33.467619+00:00", "symbol": "ADA-USD"}, {"trade_id": 143722419, "side": "sell", "size": "2.84346758", "price": "0.72410000", "time": "2025-07-15T14:39:13.753323Z", "fetched_at": "2025-07-15T14:39:33.467619+00:00", "symbol": "ADA-USD"}, {"trade_id": 143722418, "side": "sell", "size": "115.84958798", "price": "0.72410000", "time": "2025-07-15T14:39:13.734851Z", "fetched_at": "2025-07-15T14:39:33.467619+00:00", "symbol": "ADA-USD"}, {"trade_id": 143722417, "side": "sell", "size": "130.24926943", "price": "0.72410000", "time": "2025-07-15T14:39:13.706613Z", "fetched_at": "2025-07-15T14:39:33.467619+00:00", "symbol": "ADA-USD"}, {"trade_id": 143722416, "side": "sell", "size": "223.83837189", "price": "0.72410000", "time": "2025-07-15T14:39:13.692809Z", "fetched_at": "2025-07-15T14:39:33.467619+00:00", "symbol": "ADA-USD"}, {"trade_id": 143722415, "side": "sell", "size": "138.99766538", "price": "0.72410000", "time": "2025-07-15T14:39:13.676246Z", "fetched_at": "2025-07-15T14:39:33.467619+00:00", "symbol": "ADA-USD"}, {"trade_id": 143722414, "side": "sell", "size": "598.18472375", "price": "0.72410000", "time": "2025-07-15T14:39:13.676246Z", "fetched_at": "2025-07-15T14:39:33.467619+00:00", "symbol": "ADA-USD"}, {"trade_id": 143722413, "side": "sell", "size": "9.56302689", "price": "0.72410000", "time": "2025-07-15T14:39:13.399049Z", "fetched_at": "2025-07-15T14:39:33.467619+00:00", "symbol": "ADA-USD"}, {"trade_id": 143722412, "side": "sell", "size": "3.79129011", "price": "0.72410000", "time": "2025-07-15T14:39:13.399049Z", "fetched_at": "2025-07-15T14:39:33.467619+00:00", "symbol": "ADA-USD"}, {"trade_id": 143722411, "side": "sell", "size": "21.83163752", "price": "0.72420000", "time": "2025-07-15T14:39:13.112781Z", "fetched_at": "2025-07-15T14:39:33.467619+00:00", "symbol": "ADA-USD"}, {"trade_id": 143722410, "side": "sell", "size": "5.05505348", "price": "0.72420000", "time": "2025-07-15T14:39:13.112781Z", "fetched_at": "2025-07-15T14:39:33.467619+00:00", "symbol": "ADA-USD"}, {"trade_id": 143722409, "side": "buy", "size": "300.00000000", "price": "0.72410000", "time": "2025-07-15T14:39:13.107313Z", "fetched_at": "2025-07-15T14:39:33.467619+00:00", "symbol": "ADA-USD"}, {"trade_id": 143722408, "side": "sell", "size": "337.16773948", "price": "0.72410000", "time": "2025-07-15T14:39:13.064877Z", "fetched_at": "2025-07-15T14:39:33.467619+00:00", "symbol": "ADA-USD"}, {"trade_id": 143722407, "side": "sell", "size": "338.40859739", "price": "0.72410000", "time": "2025-07-15T14:39:13.057123Z", "fetched_at": "2025-07-15T14:39:33.467619+00:00", "symbol": "ADA-USD"}, {"trade_id": 143722406, "side": "sell", "size": "6.74007130", "price": "0.72410000", "time": "2025-07-15T14:39:12.282131Z", "fetched_at": "2025-07-15T14:39:33.467619+00:00", "symbol": "ADA-USD"}, {"trade_id": 143722405, "side": "buy", "size": "1.92675312", "price": "0.72410000", "time": "2025-07-15T14:39:12.274590Z", "fetched_at": "2025-07-15T14:39:33.467619+00:00", "symbol": "ADA-USD"}, {"trade_id": 143722404, "side": "buy", "size": "301.63940000", "price": "0.72410000", "time": "2025-07-15T14:39:12.266251Z", "fetched_at": "2025-07-15T14:39:33.467619+00:00", "symbol": "ADA-USD"}, {"trade_id": 143722403, "side": "buy", "size": "302.98664000", "price": "0.72410000", "time": "2025-07-15T14:39:12.266251Z", "fetched_at": "2025-07-15T14:39:33.467619+00:00", "symbol": "ADA-USD"}, {"trade_id": 143722402, "side": "sell", "size": "1.37381502", "price": "0.72420000", "time": "2025-07-15T14:39:11.752269Z", "fetched_at": "2025-07-15T14:39:33.467619+00:00", "symbol": "ADA-USD"}, {"trade_id": 143722401, "side": "sell", "size": "11.98234898", "price": "0.72420000", "time": "2025-07-15T14:39:11.752269Z", "fetched_at": "2025-07-15T14:39:33.467619+00:00", "symbol": "ADA-USD"}, {"trade_id": 143722400, "side": "sell", "size": "8.98676173", "price": "0.72410000", "time": "2025-07-15T14:39:11.254256Z", "fetched_at": "2025-07-15T14:39:33.467619+00:00", "symbol": "ADA-USD"}, {"trade_id": 143722399, "side": "buy", "size": "50.00000000", "price": "0.72420000", "time": "2025-07-15T14:39:11.236976Z", "fetched_at": "2025-07-15T14:39:33.467619+00:00", "symbol": "ADA-USD"}, {"trade_id": 143722398, "side": "buy", "size": "690.41701187", "price": "0.72420000", "time": "2025-07-15T14:39:11.236976Z", "fetched_at": "2025-07-15T14:39:33.467619+00:00", "symbol": "ADA-USD"}, {"trade_id": 143722397, "side": "buy", "size": "302.98664000", "price": "0.72420000", "time": "2025-07-15T14:39:11.236976Z", "fetched_at": "2025-07-15T14:39:33.467619+00:00", "symbol": "ADA-USD"}, {"trade_id": 143722396, "side": "buy", "size": "301.63940000", "price": "0.72420000", "time": "2025-07-15T14:39:11.236976Z", "fetched_at": "2025-07-15T14:39:33.467619+00:00", "symbol": "ADA-USD"}, {"trade_id": 143722395, "side": "sell", "size": "3.99411632", "price": "0.72420000", "time": "2025-07-15T14:39:11.187663Z", "fetched_at": "2025-07-15T14:39:33.467619+00:00", "symbol": "ADA-USD"}, {"trade_id": 143722394, "side": "sell", "size": "11.98234898", "price": "0.72420000", "time": "2025-07-15T14:39:11.187663Z", "fetched_at": "2025-07-15T14:39:33.467619+00:00", "symbol": "ADA-USD"}, {"trade_id": 143722393, "side": "sell", "size": "217.73590410", "price": "0.72410000", "time": "2025-07-15T14:39:09.960435Z", "fetched_at": "2025-07-15T14:39:33.467619+00:00", "symbol": "ADA-USD"}, {"trade_id": 143722392, "side": "sell", "size": "536.12685914", "price": "0.72410000", "time": "2025-07-15T14:39:09.876669Z", "fetched_at": "2025-07-15T14:39:33.467619+00:00", "symbol": "ADA-USD"}, {"trade_id": 143722391, "side": "sell", "size": "613.44228111", "price": "0.72410000", "time": "2025-07-15T14:39:09.818870Z", "fetched_at": "2025-07-15T14:39:33.467619+00:00", "symbol": "ADA-USD"}, {"trade_id": 143722390, "side": "sell", "size": "122.61805000", "price": "0.72410000", "time": "2025-07-15T14:39:09.749896Z", "fetched_at": "2025-07-15T14:39:33.467619+00:00", "symbol": "ADA-USD"}, {"trade_id": 143722389, "side": "sell", "size": "122.61805000", "price": "0.72410000", "time": "2025-07-15T14:39:09.521098Z", "fetched_at": "2025-07-15T14:39:33.467619+00:00", "symbol": "ADA-USD"}, {"trade_id": 143722388, "side": "sell", "size": "26.34284801", "price": "0.72420000", "time": "2025-07-15T14:39:09.507599Z", "fetched_at": "2025-07-15T14:39:33.467619+00:00", "symbol": "ADA-USD"}, {"trade_id": 143722387, "side": "sell", "size": "300.00000000", "price": "0.72420000", "time": "2025-07-15T14:39:09.507599Z", "fetched_at": "2025-07-15T14:39:33.467619+00:00", "symbol": "ADA-USD"}, {"trade_id": 143722386, "side": "sell", "size": "642.65885292", "price": "0.72410000", "time": "2025-07-15T14:39:09.507599Z", "fetched_at": "2025-07-15T14:39:33.467619+00:00", "symbol": "ADA-USD"}, {"trade_id": 143722385, "side": "sell", "size": "21.30195374", "price": "0.72410000", "time": "2025-07-15T14:39:09.507599Z", "fetched_at": "2025-07-15T14:39:33.467619+00:00", "symbol": "ADA-USD"}, {"trade_id": 143722384, "side": "sell", "size": "9.69634533", "price": "0.72400000", "time": "2025-07-15T14:39:09.507599Z", "fetched_at": "2025-07-15T14:39:33.467619+00:00", "symbol": "ADA-USD"}, {"trade_id": 143722383, "side": "sell", "size": "549.67328943", "price": "0.72400000", "time": "2025-07-15T14:39:09.493584Z", "fetched_at": "2025-07-15T14:39:33.467619+00:00", "symbol": "ADA-USD"}, {"trade_id": 143722382, "side": "sell", "size": "122.61805000", "price": "0.72400000", "time": "2025-07-15T14:39:09.478720Z", "fetched_at": "2025-07-15T14:39:33.467619+00:00", "symbol": "ADA-USD"}, {"trade_id": 143722381, "side": "sell", "size": "122.61805000", "price": "0.72390000", "time": "2025-07-15T14:39:08.861711Z", "fetched_at": "2025-07-15T14:39:33.467619+00:00", "symbol": "ADA-USD"}, {"trade_id": 143722380, "side": "sell", "size": "85.35824741", "price": "0.72380000", "time": "2025-07-15T14:39:08.815845Z", "fetched_at": "2025-07-15T14:39:33.467619+00:00", "symbol": "ADA-USD"}, {"trade_id": 143722379, "side": "sell", "size": "23.43037577", "price": "0.72380000", "time": "2025-07-15T14:39:08.792098Z", "fetched_at": "2025-07-15T14:39:33.467619+00:00", "symbol": "ADA-USD"}, {"trade_id": 143722378, "side": "sell", "size": "122.61805000", "price": "0.72380000", "time": "2025-07-15T14:39:08.792098Z", "fetched_at": "2025-07-15T14:39:33.467619+00:00", "symbol": "ADA-USD"}, {"trade_id": 143722377, "side": "sell", "size": "183.92708000", "price": "0.72370000", "time": "2025-07-15T14:39:08.769099Z", "fetched_at": "2025-07-15T14:39:33.467619+00:00", "symbol": "ADA-USD"}, {"trade_id": 143722376, "side": "sell", "size": "37.83879006", "price": "0.72370000", "time": "2025-07-15T14:39:08.754811Z", "fetched_at": "2025-07-15T14:39:33.467619+00:00", "symbol": "ADA-USD"}, {"trade_id": 143722375, "side": "sell", "size": "84.77925994", "price": "0.72370000", "time": "2025-07-15T14:39:08.744192Z", "fetched_at": "2025-07-15T14:39:33.467619+00:00", "symbol": "ADA-USD"}, {"trade_id": 143722374, "side": "sell", "size": "740.50527419", "price": "0.72370000", "time": "2025-07-15T14:39:08.744192Z", "fetched_at": "2025-07-15T14:39:33.467619+00:00", "symbol": "ADA-USD"}, {"trade_id": 143722373, "side": "buy", "size": "4146.22348144", "price": "0.72370000", "time": "2025-07-15T14:39:08.631791Z", "fetched_at": "2025-07-15T14:39:33.467619+00:00", "symbol": "ADA-USD"}, {"trade_id": 143722372, "side": "buy", "size": "5545.20000000", "price": "0.72370000", "time": "2025-07-15T14:39:08.631791Z", "fetched_at": "2025-07-15T14:39:33.467619+00:00", "symbol": "ADA-USD"}, {"trade_id": 143722371, "side": "buy", "size": "1922.50120000", "price": "0.72370000", "time": "2025-07-15T14:39:08.631791Z", "fetched_at": "2025-07-15T14:39:33.467619+00:00", "symbol": "ADA-USD"}, {"trade_id": 143722370, "side": "buy", "size": "567.00000000", "price": "0.72370000", "time": "2025-07-15T14:39:08.631791Z", "fetched_at": "2025-07-15T14:39:33.467619+00:00", "symbol": "ADA-USD"}, {"trade_id": 143722369, "side": "buy", "size": "2.10808511", "price": "0.72370000", "time": "2025-07-15T14:39:08.631791Z", "fetched_at": "2025-07-15T14:39:33.467619+00:00", "symbol": "ADA-USD"}, {"trade_id": 143722368, "side": "buy", "size": "50.00000000", "price": "0.72380000", "time": "2025-07-15T14:39:08.256424Z", "fetched_at": "2025-07-15T14:39:33.467619+00:00", "symbol": "ADA-USD"}, {"trade_id": 143722367, "side": "buy", "size": "567.00000000", "price": "0.72380000", "time": "2025-07-15T14:39:08.256424Z", "fetched_at": "2025-07-15T14:39:33.467619+00:00", "symbol": "ADA-USD"}, {"trade_id": 143722366, "side": "sell", "size": "250.35626530", "price": "0.72390000", "time": "2025-07-15T14:39:08.103499Z", "fetched_at": "2025-07-15T14:39:33.467619+00:00", "symbol": "ADA-USD"}, {"trade_id": 143722365, "side": "sell", "size": "234.69041806", "price": "0.72390000", "time": "2025-07-15T14:39:08.087109Z", "fetched_at": "2025-07-15T14:39:33.467619+00:00", "symbol": "ADA-USD"}, {"trade_id": 143722364, "side": "buy", "size": "6299.87470000", "price": "0.72390000", "time": "2025-07-15T14:39:07.918738Z", "fetched_at": "2025-07-15T14:39:33.467619+00:00", "symbol": "ADA-USD"}, {"trade_id": 143722363, "side": "buy", "size": "596.00550537", "price": "0.72390000", "time": "2025-07-15T14:39:07.918738Z", "fetched_at": "2025-07-15T14:39:33.467619+00:00", "symbol": "ADA-USD"}, {"trade_id": 143722362, "side": "sell", "size": "300.00000000", "price": "0.72420000", "time": "2025-07-15T14:39:07.864307Z", "fetched_at": "2025-07-15T14:39:33.467619+00:00", "symbol": "ADA-USD"}, {"trade_id": 143722361, "side": "sell", "size": "567.00000000", "price": "0.72410000", "time": "2025-07-15T14:39:07.864307Z", "fetched_at": "2025-07-15T14:39:33.467619+00:00", "symbol": "ADA-USD"}, {"trade_id": 143722360, "side": "sell", "size": "14.95552151", "price": "0.72410000", "time": "2025-07-15T14:39:07.864307Z", "fetched_at": "2025-07-15T14:39:33.467619+00:00", "symbol": "ADA-USD"}, {"trade_id": 143722359, "side": "sell", "size": "52.57180919", "price": "0.72410000", "time": "2025-07-15T14:39:07.859927Z", "fetched_at": "2025-07-15T14:39:33.467619+00:00", "symbol": "ADA-USD"}, {"trade_id": 143722358, "side": "sell", "size": "7.25027081", "price": "0.72410000", "time": "2025-07-15T14:39:07.859927Z", "fetched_at": "2025-07-15T14:39:33.467619+00:00", "symbol": "ADA-USD"}, {"trade_id": 143722357, "side": "buy", "size": "5514.30000000", "price": "0.72400000", "time": "2025-07-15T14:39:07.857686Z", "fetched_at": "2025-07-15T14:39:33.467619+00:00", "symbol": "ADA-USD"}, {"trade_id": 143722356, "side": "buy", "size": "645.86562185", "price": "0.72400000", "time": "2025-07-15T14:39:07.857686Z", "fetched_at": "2025-07-15T14:39:33.467619+00:00", "symbol": "ADA-USD"}, {"trade_id": 143722355, "side": "buy", "size": "59.82208603", "price": "0.72410000", "time": "2025-07-15T14:39:07.845857Z", "fetched_at": "2025-07-15T14:39:33.467619+00:00", "symbol": "ADA-USD"}, {"trade_id": 143722354, "side": "sell", "size": "496.30547882", "price": "0.72470000", "time": "2025-07-15T14:39:07.831362Z", "fetched_at": "2025-07-15T14:39:33.467619+00:00", "symbol": "ADA-USD"}, {"trade_id": 143722353, "side": "sell", "size": "567.00000000", "price": "0.72470000", "time": "2025-07-15T14:39:07.831362Z", "fetched_at": "2025-07-15T14:39:33.467619+00:00", "symbol": "ADA-USD"}, {"trade_id": 143722352, "side": "sell", "size": "4030.10536118", "price": "0.72460000", "time": "2025-07-15T14:39:07.831362Z", "fetched_at": "2025-07-15T14:39:33.467619+00:00", "symbol": "ADA-USD"}, {"trade_id": 143722351, "side": "sell", "size": "1686.68019000", "price": "0.72460000", "time": "2025-07-15T14:39:07.831362Z", "fetched_at": "2025-07-15T14:39:33.467619+00:00", "symbol": "ADA-USD"}, {"trade_id": 143722350, "side": "sell", "size": "2029.12897000", "price": "0.72450000", "time": "2025-07-15T14:39:07.831362Z", "fetched_at": "2025-07-15T14:39:33.467619+00:00", "symbol": "ADA-USD"}, {"trade_id": 143722349, "side": "sell", "size": "2911.78000000", "price": "0.72460000", "time": "2025-07-15T14:39:07.823957Z", "fetched_at": "2025-07-15T14:39:33.467619+00:00", "symbol": "ADA-USD"}, {"trade_id": 143722348, "side": "sell", "size": "1252.00000000", "price": "0.72450000", "time": "2025-07-15T14:39:07.823957Z", "fetched_at": "2025-07-15T14:39:33.467619+00:00", "symbol": "ADA-USD"}, {"trade_id": 143722347, "side": "sell", "size": "2402.04045118", "price": "0.72460000", "time": "2025-07-15T14:39:07.823269Z", "fetched_at": "2025-07-15T14:39:33.467619+00:00", "symbol": "ADA-USD"}, {"trade_id": 143722346, "side": "sell", "size": "1.60000000", "price": "0.72460000", "time": "2025-07-15T14:39:07.823269Z", "fetched_at": "2025-07-15T14:39:33.467619+00:00", "symbol": "ADA-USD"}, {"trade_id": 143722345, "side": "sell", "size": "567.00000000", "price": "0.72450000", "time": "2025-07-15T14:39:07.823269Z", "fetched_at": "2025-07-15T14:39:33.467619+00:00", "symbol": "ADA-USD"}, {"trade_id": 143722344, "side": "sell", "size": "4717.89463882", "price": "0.72440000", "time": "2025-07-15T14:39:07.823269Z", "fetched_at": "2025-07-15T14:39:33.467619+00:00", "symbol": "ADA-USD"}, {"trade_id": 143722343, "side": "sell", "size": "567.00000000", "price": "0.72440000", "time": "2025-07-15T14:39:07.823269Z", "fetched_at": "2025-07-15T14:39:33.467619+00:00", "symbol": "ADA-USD"}, {"trade_id": 143722342, "side": "sell", "size": "1.60000000", "price": "0.72440000", "time": "2025-07-15T14:39:07.823269Z", "fetched_at": "2025-07-15T14:39:33.467619+00:00", "symbol": "ADA-USD"}, {"trade_id": 143722341, "side": "sell", "size": "567.00000000", "price": "0.72430000", "time": "2025-07-15T14:39:07.823269Z", "fetched_at": "2025-07-15T14:39:33.467619+00:00", "symbol": "ADA-USD"}, {"trade_id": 143722340, "side": "sell", "size": "567.00000000", "price": "0.72420000", "time": "2025-07-15T14:39:07.823269Z", "fetched_at": "2025-07-15T14:39:33.467619+00:00", "symbol": "ADA-USD"}, {"trade_id": 143722339, "side": "sell", "size": "300.00000000", "price": "0.72420000", "time": "2025-07-15T14:39:07.823269Z", "fetched_at": "2025-07-15T14:39:33.467619+00:00", "symbol": "ADA-USD"}, {"trade_id": 143722338, "side": "sell", "size": "2034.22551000", "price": "0.72410000", "time": "2025-07-15T14:39:07.823269Z", "fetched_at": "2025-07-15T14:39:33.467619+00:00", "symbol": "ADA-USD"}, {"trade_id": 143722337, "side": "sell", "size": "301.63940000", "price": "0.72410000", "time": "2025-07-15T14:39:07.823269Z", "fetched_at": "2025-07-15T14:39:33.467619+00:00", "symbol": "ADA-USD"}, {"trade_id": 143722336, "side": "buy", "size": "301.63940000", "price": "0.72410000", "time": "2025-07-15T14:39:07.812402Z", "fetched_at": "2025-07-15T14:39:33.467619+00:00", "symbol": "ADA-USD"}, {"trade_id": 143722335, "side": "sell", "size": "1.60000000", "price": "0.72420000", "time": "2025-07-15T14:39:07.786607Z", "fetched_at": "2025-07-15T14:39:33.467619+00:00", "symbol": "ADA-USD"}, {"trade_id": 143722334, "side": "sell", "size": "432.91480000", "price": "0.72420000", "time": "2025-07-15T14:39:07.786607Z", "fetched_at": "2025-07-15T14:39:33.467619+00:00", "symbol": "ADA-USD"}, {"trade_id": 143722333, "side": "sell", "size": "67.84260000", "price": "0.72420000", "time": "2025-07-15T14:39:07.783880Z", "fetched_at": "2025-07-15T14:39:33.467619+00:00", "symbol": "ADA-USD"}, {"trade_id": 143722332, "side": "sell", "size": "66.24260000", "price": "0.72420000", "time": "2025-07-15T14:39:07.783061Z", "fetched_at": "2025-07-15T14:39:33.467619+00:00", "symbol": "ADA-USD"}, {"trade_id": 143722331, "side": "sell", "size": "1.60000000", "price": "0.72400000", "time": "2025-07-15T14:39:07.783061Z", "fetched_at": "2025-07-15T14:39:33.467619+00:00", "symbol": "ADA-USD"}, {"trade_id": 143722330, "side": "sell", "size": "7.72527700", "price": "0.72370000", "time": "2025-07-15T14:39:07.780477Z", "fetched_at": "2025-07-15T14:39:33.467619+00:00", "symbol": "ADA-USD"}, {"trade_id": 143722329, "side": "sell", "size": "275.69095044", "price": "0.72380000", "time": "2025-07-15T14:39:07.778255Z", "fetched_at": "2025-07-15T14:39:33.467619+00:00", "symbol": "ADA-USD"}, {"trade_id": 143722328, "side": "sell", "size": "466.44176462", "price": "0.72380000", "time": "2025-07-15T14:39:07.778255Z", "fetched_at": "2025-07-15T14:39:33.467619+00:00", "symbol": "ADA-USD"}, {"trade_id": 143722327, "side": "sell", "size": "225.74568208", "price": "0.72370000", "time": "2025-07-15T14:39:07.778255Z", "fetched_at": "2025-07-15T14:39:33.467619+00:00", "symbol": "ADA-USD"}, {"trade_id": 143722326, "side": "sell", "size": "10.30036933", "price": "0.72360000", "time": "2025-07-15T14:39:07.778255Z", "fetched_at": "2025-07-15T14:39:33.467619+00:00", "symbol": "ADA-USD"}, {"trade_id": 143722325, "side": "sell", "size": "13.73382577", "price": "0.72350000", "time": "2025-07-15T14:39:07.778255Z", "fetched_at": "2025-07-15T14:39:33.467619+00:00", "symbol": "ADA-USD"}, {"trade_id": 143722324, "side": "buy", "size": "567.00000000", "price": "0.72340000", "time": "2025-07-15T14:39:07.774477Z", "fetched_at": "2025-07-15T14:39:33.467619+00:00", "symbol": "ADA-USD"}, {"trade_id": 143722323, "side": "sell", "size": "67.84260000", "price": "0.72380000", "time": "2025-07-15T14:39:07.774390Z", "fetched_at": "2025-07-15T14:39:33.467619+00:00", "symbol": "ADA-USD"}, {"trade_id": 143722322, "side": "sell", "size": "67.84260000", "price": "0.72380000", "time": "2025-07-15T14:39:07.773725Z", "fetched_at": "2025-07-15T14:39:33.467619+00:00", "symbol": "ADA-USD"}, {"trade_id": 143722321, "side": "sell", "size": "275.69095044", "price": "0.72360000", "time": "2025-07-15T14:39:07.773070Z", "fetched_at": "2025-07-15T14:39:33.467619+00:00", "symbol": "ADA-USD"}, {"trade_id": 143722320, "side": "sell", "size": "18.31176770", "price": "0.72340000", "time": "2025-07-15T14:39:07.773070Z", "fetched_at": "2025-07-15T14:39:33.467619+00:00", "symbol": "ADA-USD"}, {"trade_id": 143722319, "side": "sell", "size": "50.00000000", "price": "0.72340000", "time": "2025-07-15T14:39:07.772609Z", "fetched_at": "2025-07-15T14:39:33.467619+00:00", "symbol": "ADA-USD"}, {"trade_id": 143722318, "side": "sell", "size": "275.69095044", "price": "0.72340000", "time": "2025-07-15T14:39:07.771459Z", "fetched_at": "2025-07-15T14:39:33.467619+00:00", "symbol": "ADA-USD"}, {"trade_id": 143722317, "side": "sell", "size": "67.84260000", "price": "0.72380000", "time": "2025-07-15T14:39:07.770861Z", "fetched_at": "2025-07-15T14:39:33.467619+00:00", "symbol": "ADA-USD"}, {"trade_id": 143722316, "side": "sell", "size": "3921.94991956", "price": "0.72380000", "time": "2025-07-15T14:39:07.768590Z", "fetched_at": "2025-07-15T14:39:33.467619+00:00", "symbol": "ADA-USD"}, {"trade_id": 143722315, "side": "sell", "size": "1.60000000", "price": "0.72380000", "time": "2025-07-15T14:39:07.768590Z", "fetched_at": "2025-07-15T14:39:33.467619+00:00", "symbol": "ADA-USD"}, {"trade_id": 143722314, "side": "sell", "size": "275.69095044", "price": "0.72380000", "time": "2025-07-15T14:39:07.768590Z", "fetched_at": "2025-07-15T14:39:33.467619+00:00", "symbol": "ADA-USD"}, {"trade_id": 143722313, "side": "sell", "size": "10160.20000000", "price": "0.72370000", "time": "2025-07-15T14:39:07.768590Z", "fetched_at": "2025-07-15T14:39:33.467619+00:00", "symbol": "ADA-USD"}, {"trade_id": 143722312, "side": "sell", "size": "1.60000000", "price": "0.72370000", "time": "2025-07-15T14:39:07.768590Z", "fetched_at": "2025-07-15T14:39:33.467619+00:00", "symbol": "ADA-USD"}, {"trade_id": 143722311, "side": "sell", "size": "800.00000000", "price": "0.72360000", "time": "2025-07-15T14:39:07.767761Z", "fetched_at": "2025-07-15T14:39:33.467619+00:00", "symbol": "ADA-USD"}, {"trade_id": 143722310, "side": "sell", "size": "11516.41985886", "price": "0.72360000", "time": "2025-07-15T14:39:07.767761Z", "fetched_at": "2025-07-15T14:39:33.467619+00:00", "symbol": "ADA-USD"}, {"trade_id": 143722309, "side": "sell", "size": "8915.94459000", "price": "0.72360000", "time": "2025-07-15T14:39:07.767685Z", "fetched_at": "2025-07-15T14:39:33.467619+00:00", "symbol": "ADA-USD"}, {"trade_id": 143722308, "side": "sell", "size": "6048.84287595", "price": "0.72360000", "time": "2025-07-15T14:39:07.767616Z", "fetched_at": "2025-07-15T14:39:33.467619+00:00", "symbol": "ADA-USD"}, {"trade_id": 143722307, "side": "sell", "size": "6693.74491399", "price": "0.72360000", "time": "2025-07-15T14:39:07.767163Z", "fetched_at": "2025-07-15T14:39:33.467619+00:00", "symbol": "ADA-USD"}, {"trade_id": 143722306, "side": "sell", "size": "1283.71691344", "price": "0.72360000", "time": "2025-07-15T14:39:07.767163Z", "fetched_at": "2025-07-15T14:39:33.467619+00:00", "symbol": "ADA-USD"}, {"trade_id": 143722305, "side": "sell", "size": "567.00000000", "price": "0.72360000", "time": "2025-07-15T14:39:07.767163Z", "fetched_at": "2025-07-15T14:39:33.467619+00:00", "symbol": "ADA-USD"}, {"trade_id": 143722304, "side": "sell", "size": "1.60000000", "price": "0.72360000", "time": "2025-07-15T14:39:07.767163Z", "fetched_at": "2025-07-15T14:39:33.467619+00:00", "symbol": "ADA-USD"}, {"trade_id": 143722303, "side": "sell", "size": "275.69095044", "price": "0.72360000", "time": "2025-07-15T14:39:07.767163Z", "fetched_at": "2025-07-15T14:39:33.467619+00:00", "symbol": "ADA-USD"}, {"trade_id": 143722302, "side": "sell", "size": "217.35595376", "price": "0.72350000", "time": "2025-07-15T14:39:07.767163Z", "fetched_at": "2025-07-15T14:39:33.467619+00:00", "symbol": "ADA-USD"}, {"trade_id": 143722301, "side": "sell", "size": "4152.53650772", "price": "0.72350000", "time": "2025-07-15T14:39:07.767163Z", "fetched_at": "2025-07-15T14:39:33.467619+00:00", "symbol": "ADA-USD"}, {"trade_id": 143722300, "side": "sell", "size": "223.82228451", "price": "0.72350000", "time": "2025-07-15T14:39:07.767163Z", "fetched_at": "2025-07-15T14:39:33.467619+00:00", "symbol": "ADA-USD"}, {"trade_id": 143722299, "side": "sell", "size": "276.17771549", "price": "0.72350000", "time": "2025-07-15T14:39:07.765339Z", "fetched_at": "2025-07-15T14:39:33.467619+00:00", "symbol": "ADA-USD"}, {"trade_id": 143722298, "side": "sell", "size": "1685.51398000", "price": "0.72350000", "time": "2025-07-15T14:39:07.765339Z", "fetched_at": "2025-07-15T14:39:33.467619+00:00", "symbol": "ADA-USD"}, {"trade_id": 143722297, "side": "sell", "size": "1.60000000", "price": "0.72350000", "time": "2025-07-15T14:39:07.765339Z", "fetched_at": "2025-07-15T14:39:33.467619+00:00", "symbol": "ADA-USD"}, {"trade_id": 143722296, "side": "sell", "size": "567.00000000", "price": "0.72350000", "time": "2025-07-15T14:39:07.765339Z", "fetched_at": "2025-07-15T14:39:33.467619+00:00", "symbol": "ADA-USD"}, {"trade_id": 143722295, "side": "sell", "size": "567.00000000", "price": "0.72340000", "time": "2025-07-15T14:39:07.765339Z", "fetched_at": "2025-07-15T14:39:33.467619+00:00", "symbol": "ADA-USD"}, {"trade_id": 143722294, "side": "sell", "size": "275.69095044", "price": "0.72340000", "time": "2025-07-15T14:39:07.765339Z", "fetched_at": "2025-07-15T14:39:33.467619+00:00", "symbol": "ADA-USD"}, {"trade_id": 143722293, "side": "sell", "size": "1.60000000", "price": "0.72340000", "time": "2025-07-15T14:39:07.765339Z", "fetched_at": "2025-07-15T14:39:33.467619+00:00", "symbol": "ADA-USD"}, {"trade_id": 143722292, "side": "sell", "size": "9000.00000000", "price": "0.72330000", "time": "2025-07-15T14:39:07.765339Z", "fetched_at": "2025-07-15T14:39:33.467619+00:00", "symbol": "ADA-USD"}, {"trade_id": 143722291, "side": "sell", "size": "677.68568957", "price": "0.72330000", "time": "2025-07-15T14:39:07.765339Z", "fetched_at": "2025-07-15T14:39:33.467619+00:00", "symbol": "ADA-USD"}, {"trade_id": 143722290, "side": "sell", "size": "1685.74707000", "price": "0.72330000", "time": "2025-07-15T14:39:07.765339Z", "fetched_at": "2025-07-15T14:39:33.467619+00:00", "symbol": "ADA-USD"}, {"trade_id": 143722289, "side": "sell", "size": "567.00000000", "price": "0.72330000", "time": "2025-07-15T14:39:07.765339Z", "fetched_at": "2025-07-15T14:39:33.467619+00:00", "symbol": "ADA-USD"}, {"trade_id": 143722288, "side": "sell", "size": "1.60000000", "price": "0.72330000", "time": "2025-07-15T14:39:07.765339Z", "fetched_at": "2025-07-15T14:39:33.467619+00:00", "symbol": "ADA-USD"}, {"trade_id": 143722287, "side": "sell", "size": "275.69095044", "price": "0.72320000", "time": "2025-07-15T14:39:07.765339Z", "fetched_at": "2025-07-15T14:39:33.467619+00:00", "symbol": "ADA-USD"}, {"trade_id": 143722286, "side": "sell", "size": "1.60000000", "price": "0.72320000", "time": "2025-07-15T14:39:07.765339Z", "fetched_at": "2025-07-15T14:39:33.467619+00:00", "symbol": "ADA-USD"}, {"trade_id": 143722285, "side": "sell", "size": "375.35569694", "price": "0.72310000", "time": "2025-07-15T14:39:07.765339Z", "fetched_at": "2025-07-15T14:39:33.467619+00:00", "symbol": "ADA-USD"}, {"trade_id": 143722284, "side": "sell", "size": "602.12696462", "price": "0.72310000", "time": "2025-07-15T14:39:07.765339Z", "fetched_at": "2025-07-15T14:39:33.467619+00:00", "symbol": "ADA-USD"}, {"trade_id": 143722283, "side": "sell", "size": "567.00000000", "price": "0.72310000", "time": "2025-07-15T14:39:07.765339Z", "fetched_at": "2025-07-15T14:39:33.467619+00:00", "symbol": "ADA-USD"}, {"trade_id": 143722282, "side": "sell", "size": "1.60000000", "price": "0.72310000", "time": "2025-07-15T14:39:07.765339Z", "fetched_at": "2025-07-15T14:39:33.467619+00:00", "symbol": "ADA-USD"}, {"trade_id": 143722281, "side": "sell", "size": "275.69095044", "price": "0.72300000", "time": "2025-07-15T14:39:07.765339Z", "fetched_at": "2025-07-15T14:39:33.467619+00:00", "symbol": "ADA-USD"}, {"trade_id": 143722280, "side": "sell", "size": "1.60000000", "price": "0.72300000", "time": "2025-07-15T14:39:07.765339Z", "fetched_at": "2025-07-15T14:39:33.467619+00:00", "symbol": "ADA-USD"}, {"trade_id": 143722279, "side": "sell", "size": "6142.06874399", "price": "0.72300000", "time": "2025-07-15T14:39:07.765339Z", "fetched_at": "2025-07-15T14:39:33.467619+00:00", "symbol": "ADA-USD"}, {"trade_id": 143722278, "side": "sell", "size": "3007.07616435", "price": "0.72300000", "time": "2025-07-15T14:39:07.764555Z", "fetched_at": "2025-07-15T14:39:33.467619+00:00", "symbol": "ADA-USD"}, {"trade_id": 143722277, "side": "sell", "size": "746.71138172", "price": "0.72300000", "time": "2025-07-15T14:39:07.764524Z", "fetched_at": "2025-07-15T14:39:33.467619+00:00", "symbol": "ADA-USD"}, {"trade_id": 143722276, "side": "sell", "size": "6423.32371369", "price": "0.72300000", "time": "2025-07-15T14:39:07.764420Z", "fetched_at": "2025-07-15T14:39:33.467619+00:00", "symbol": "ADA-USD"}, {"trade_id": 143722275, "side": "sell", "size": "2156.79026985", "price": "0.72300000", "time": "2025-07-15T14:39:07.764401Z", "fetched_at": "2025-07-15T14:39:33.467619+00:00", "symbol": "ADA-USD"}, {"trade_id": 143722274, "side": "sell", "size": "1.60000000", "price": "0.72290000", "time": "2025-07-15T14:39:07.764401Z", "fetched_at": "2025-07-15T14:39:33.467619+00:00", "symbol": "ADA-USD"}, {"trade_id": 143722273, "side": "sell", "size": "4540.96278089", "price": "0.72290000", "time": "2025-07-15T14:39:07.764401Z", "fetched_at": "2025-07-15T14:39:33.467619+00:00", "symbol": "ADA-USD"}, {"trade_id": 143722272, "side": "sell", "size": "799.13721911", "price": "0.72290000", "time": "2025-07-15T14:39:07.764345Z", "fetched_at": "2025-07-15T14:39:33.467619+00:00", "symbol": "ADA-USD"}, {"trade_id": 143722271, "side": "sell", "size": "1686.21363000", "price": "0.72290000", "time": "2025-07-15T14:39:07.764345Z", "fetched_at": "2025-07-15T14:39:33.467619+00:00", "symbol": "ADA-USD"}, {"trade_id": 143722270, "side": "sell", "size": "43.40567157", "price": "0.72290000", "time": "2025-07-15T14:39:07.764345Z", "fetched_at": "2025-07-15T14:39:33.467619+00:00", "symbol": "ADA-USD"}, {"trade_id": 143722269, "side": "sell", "size": "758.56307242", "price": "0.72280000", "time": "2025-07-15T14:39:07.764345Z", "fetched_at": "2025-07-15T14:39:33.467619+00:00", "symbol": "ADA-USD"}, {"trade_id": 143722268, "side": "sell", "size": "275.69095044", "price": "0.72280000", "time": "2025-07-15T14:39:07.764345Z", "fetched_at": "2025-07-15T14:39:33.467619+00:00", "symbol": "ADA-USD"}, {"trade_id": 143722267, "side": "sell", "size": "923.51468805", "price": "0.72280000", "time": "2025-07-15T14:39:07.764059Z", "fetched_at": "2025-07-15T14:39:33.467619+00:00", "symbol": "ADA-USD"}, {"trade_id": 143722266, "side": "sell", "size": "806.27534518", "price": "0.72280000", "time": "2025-07-15T14:39:07.763936Z", "fetched_at": "2025-07-15T14:39:33.467619+00:00", "symbol": "ADA-USD"}, {"trade_id": 143722265, "side": "sell", "size": "32.55425368", "price": "0.72270000", "time": "2025-07-15T14:39:07.763936Z", "fetched_at": "2025-07-15T14:39:33.467619+00:00", "symbol": "ADA-USD"}, {"trade_id": 143722264, "side": "buy", "size": "301.63940000", "price": "0.72280000", "time": "2025-07-15T14:39:05.600529Z", "fetched_at": "2025-07-15T14:39:33.467619+00:00", "symbol": "ADA-USD"}, {"trade_id": 143722263, "side": "buy", "size": "302.98664000", "price": "0.72280000", "time": "2025-07-15T14:39:05.600529Z", "fetched_at": "2025-07-15T14:39:33.467619+00:00", "symbol": "ADA-USD"}, {"trade_id": 143722262, "side": "buy", "size": "302.98664000", "price": "0.72290000", "time": "2025-07-15T14:39:05.110827Z", "fetched_at": "2025-07-15T14:39:33.467619+00:00", "symbol": "ADA-USD"}, {"trade_id": 143722261, "side": "buy", "size": "301.63940000", "price": "0.72290000", "time": "2025-07-15T14:39:05.110827Z", "fetched_at": "2025-07-15T14:39:33.467619+00:00", "symbol": "ADA-USD"}, {"trade_id": 143722260, "side": "sell", "size": "500.00000000", "price": "0.72300000", "time": "2025-07-15T14:39:05.003879Z", "fetched_at": "2025-07-15T14:39:33.467619+00:00", "symbol": "ADA-USD"}, {"trade_id": 143722259, "side": "sell", "size": "500.00000000", "price": "0.72300000", "time": "2025-07-15T14:39:04.917877Z", "fetched_at": "2025-07-15T14:39:33.467619+00:00", "symbol": "ADA-USD"}, {"trade_id": 143722258, "side": "sell", "size": "1275.22292000", "price": "0.72300000", "time": "2025-07-15T14:39:04.906816Z", "fetched_at": "2025-07-15T14:39:33.467619+00:00", "symbol": "ADA-USD"}, {"trade_id": 143722257, "side": "sell", "size": "1.60000000", "price": "0.72300000", "time": "2025-07-15T14:39:04.906816Z", "fetched_at": "2025-07-15T14:39:33.467619+00:00", "symbol": "ADA-USD"}, {"trade_id": 143722256, "side": "buy", "size": "292.07292000", "price": "0.72270000", "time": "2025-07-15T14:39:04.611829Z", "fetched_at": "2025-07-15T14:39:33.467619+00:00", "symbol": "ADA-USD"}, {"trade_id": 143722255, "side": "buy", "size": "183.92708000", "price": "0.72280000", "time": "2025-07-15T14:39:04.611829Z", "fetched_at": "2025-07-15T14:39:33.467619+00:00", "symbol": "ADA-USD"}, {"trade_id": 143722254, "side": "sell", "size": "50.00000000", "price": "0.72280000", "time": "2025-07-15T14:39:04.608623Z", "fetched_at": "2025-07-15T14:39:33.467619+00:00", "symbol": "ADA-USD"}, {"trade_id": 143722253, "side": "buy", "size": "302.98664000", "price": "0.72280000", "time": "2025-07-15T14:39:04.513046Z", "fetched_at": "2025-07-15T14:39:33.467619+00:00", "symbol": "ADA-USD"}, {"trade_id": 143722252, "side": "buy", "size": "301.63940000", "price": "0.72280000", "time": "2025-07-15T14:39:04.513046Z", "fetched_at": "2025-07-15T14:39:33.467619+00:00", "symbol": "ADA-USD"}, {"trade_id": 143722251, "side": "buy", "size": "1909.85847000", "price": "0.72280000", "time": "2025-07-15T14:39:04.432290Z", "fetched_at": "2025-07-15T14:39:33.467619+00:00", "symbol": "ADA-USD"}, {"trade_id": 143722250, "side": "buy", "size": "122.61805000", "price": "0.72280000", "time": "2025-07-15T14:39:04.432290Z", "fetched_at": "2025-07-15T14:39:33.467619+00:00", "symbol": "ADA-USD"}, {"trade_id": 143722249, "side": "buy", "size": "300.00000000", "price": "0.72280000", "time": "2025-07-15T14:39:04.432290Z", "fetched_at": "2025-07-15T14:39:33.467619+00:00", "symbol": "ADA-USD"}, {"trade_id": 143722248, "side": "buy", "size": "4.62604000", "price": "0.72290000", "time": "2025-07-15T14:39:04.432290Z", "fetched_at": "2025-07-15T14:39:33.467619+00:00", "symbol": "ADA-USD"}, {"trade_id": 143722247, "side": "buy", "size": "297.01336000", "price": "0.72290000", "time": "2025-07-15T14:39:04.234004Z", "fetched_at": "2025-07-15T14:39:33.467619+00:00", "symbol": "ADA-USD"}, {"trade_id": 143722246, "side": "buy", "size": "302.98664000", "price": "0.72290000", "time": "2025-07-15T14:39:04.234004Z", "fetched_at": "2025-07-15T14:39:33.467619+00:00", "symbol": "ADA-USD"}, {"trade_id": 143722245, "side": "sell", "size": "1241.54657626", "price": "0.72290000", "time": "2025-07-15T14:39:04.159814Z", "fetched_at": "2025-07-15T14:39:33.467619+00:00", "symbol": "ADA-USD"}, {"trade_id": 143722244, "side": "sell", "size": "598.15468495", "price": "0.72290000", "time": "2025-07-15T14:39:04.159814Z", "fetched_at": "2025-07-15T14:39:33.467619+00:00", "symbol": "ADA-USD"}, {"trade_id": 143722243, "side": "sell", "size": "782.04545635", "price": "0.72290000", "time": "2025-07-15T14:39:04.159814Z", "fetched_at": "2025-07-15T14:39:33.467619+00:00", "symbol": "ADA-USD"}, {"trade_id": 143722242, "side": "sell", "size": "451.54752818", "price": "0.72290000", "time": "2025-07-15T14:39:04.159814Z", "fetched_at": "2025-07-15T14:39:33.467619+00:00", "symbol": "ADA-USD"}, {"trade_id": 143722241, "side": "sell", "size": "691.66734976", "price": "0.72290000", "time": "2025-07-15T14:39:04.159814Z", "fetched_at": "2025-07-15T14:39:33.467619+00:00", "symbol": "ADA-USD"}, {"trade_id": 143722240, "side": "sell", "size": "594.52542573", "price": "0.72290000", "time": "2025-07-15T14:39:04.159814Z", "fetched_at": "2025-07-15T14:39:33.467619+00:00", "symbol": "ADA-USD"}, {"trade_id": 143722239, "side": "sell", "size": "580.52419380", "price": "0.72290000", "time": "2025-07-15T14:39:04.159814Z", "fetched_at": "2025-07-15T14:39:33.467619+00:00", "symbol": "ADA-USD"}, {"trade_id": 143722238, "side": "sell", "size": "748.71043321", "price": "0.72290000", "time": "2025-07-15T14:39:04.159814Z", "fetched_at": "2025-07-15T14:39:33.467619+00:00", "symbol": "ADA-USD"}, {"trade_id": 143722237, "side": "sell", "size": "59.91947000", "price": "0.72290000", "time": "2025-07-15T14:39:04.155176Z", "fetched_at": "2025-07-15T14:39:33.467619+00:00", "symbol": "ADA-USD"}, {"trade_id": 143722236, "side": "sell", "size": "1.60000000", "price": "0.72290000", "time": "2025-07-15T14:39:04.155176Z", "fetched_at": "2025-07-15T14:39:33.467619+00:00", "symbol": "ADA-USD"}, {"trade_id": 143722235, "side": "sell", "size": "1.60000000", "price": "0.72280000", "time": "2025-07-15T14:39:04.154007Z", "fetched_at": "2025-07-15T14:39:33.467619+00:00", "symbol": "ADA-USD"}, {"trade_id": 143722234, "side": "sell", "size": "1.68862222", "price": "0.72270000", "time": "2025-07-15T14:39:04.147281Z", "fetched_at": "2025-07-15T14:39:33.467619+00:00", "symbol": "ADA-USD"}, {"trade_id": 143722233, "side": "buy", "size": "300.00000000", "price": "0.72270000", "time": "2025-07-15T14:39:03.168542Z", "fetched_at": "2025-07-15T14:39:33.467619+00:00", "symbol": "ADA-USD"}, {"trade_id": 143722232, "side": "sell", "size": "0.00001439", "price": "0.72260000", "time": "2025-07-15T14:39:02.185074Z", "fetched_at": "2025-07-15T14:39:33.467619+00:00", "symbol": "ADA-USD"}, {"trade_id": 143722231, "side": "sell", "size": "8.07176123", "price": "0.72260000", "time": "2025-07-15T14:39:02.179128Z", "fetched_at": "2025-07-15T14:39:33.467619+00:00", "symbol": "ADA-USD"}, {"trade_id": 143722230, "side": "sell", "size": "57.87422877", "price": "0.72260000", "time": "2025-07-15T14:39:02.179128Z", "fetched_at": "2025-07-15T14:39:33.467619+00:00", "symbol": "ADA-USD"}, {"trade_id": 143722229, "side": "buy", "size": "9.74133196", "price": "0.72260000", "time": "2025-07-15T14:39:00.675308Z", "fetched_at": "2025-07-15T14:39:33.467619+00:00", "symbol": "ADA-USD"}, {"trade_id": 143722228, "side": "buy", "size": "1.60000000", "price": "0.72260000", "time": "2025-07-15T14:39:00.675308Z", "fetched_at": "2025-07-15T14:39:33.467619+00:00", "symbol": "ADA-USD"}, {"trade_id": 143722227, "side": "buy", "size": "51.00306000", "price": "0.72270000", "time": "2025-07-15T14:39:00.621396Z", "fetched_at": "2025-07-15T14:39:33.467619+00:00", "symbol": "ADA-USD"}, {"trade_id": 143722226, "side": "buy", "size": "301.63940000", "price": "0.72270000", "time": "2025-07-15T14:39:00.621396Z", "fetched_at": "2025-07-15T14:39:33.467619+00:00", "symbol": "ADA-USD"}, {"trade_id": 143722225, "side": "buy", "size": "302.98664000", "price": "0.72270000", "time": "2025-07-15T14:39:00.621396Z", "fetched_at": "2025-07-15T14:39:33.467619+00:00", "symbol": "ADA-USD"}, {"trade_id": 143722224, "side": "buy", "size": "122.61805000", "price": "0.72270000", "time": "2025-07-15T14:39:00.621396Z", "fetched_at": "2025-07-15T14:39:33.467619+00:00", "symbol": "ADA-USD"}, {"trade_id": 143722223, "side": "sell", "size": "996.51028818", "price": "0.72280000", "time": "2025-07-15T14:38:56.984418Z", "fetched_at": "2025-07-15T14:39:33.467619+00:00", "symbol": "ADA-USD"}, {"trade_id": 143722222, "side": "sell", "size": "51.00306000", "price": "0.72280000", "time": "2025-07-15T14:38:56.984225Z", "fetched_at": "2025-07-15T14:39:33.467619+00:00", "symbol": "ADA-USD"}, {"trade_id": 143722221, "side": "sell", "size": "609.69887474", "price": "0.72280000", "time": "2025-07-15T14:38:56.978926Z", "fetched_at": "2025-07-15T14:39:33.467619+00:00", "symbol": "ADA-USD"}, {"trade_id": 143722220, "side": "sell", "size": "449.75707409", "price": "0.72280000", "time": "2025-07-15T14:38:56.978916Z", "fetched_at": "2025-07-15T14:39:33.467619+00:00", "symbol": "ADA-USD"}, {"trade_id": 143722219, "side": "sell", "size": "1926.64859429", "price": "0.72280000", "time": "2025-07-15T14:38:56.978272Z", "fetched_at": "2025-07-15T14:39:33.467619+00:00", "symbol": "ADA-USD"}, {"trade_id": 143722218, "side": "sell", "size": "848.70083364", "price": "0.72280000", "time": "2025-07-15T14:38:56.977052Z", "fetched_at": "2025-07-15T14:39:33.467619+00:00", "symbol": "ADA-USD"}, {"trade_id": 143722217, "side": "sell", "size": "2036.66003379", "price": "0.72280000", "time": "2025-07-15T14:38:56.972541Z", "fetched_at": "2025-07-15T14:39:33.467619+00:00", "symbol": "ADA-USD"}, {"trade_id": 143722216, "side": "buy", "size": "167.02289800", "price": "0.72270000", "time": "2025-07-15T14:38:56.023174Z", "fetched_at": "2025-07-15T14:39:33.467619+00:00", "symbol": "ADA-USD"}, {"trade_id": 143722215, "side": "buy", "size": "300.00000000", "price": "0.72270000", "time": "2025-07-15T14:38:56.023174Z", "fetched_at": "2025-07-15T14:39:33.467619+00:00", "symbol": "ADA-USD"}, {"trade_id": 143722214, "side": "buy", "size": "301.63940000", "price": "0.72270000", "time": "2025-07-15T14:38:56.023174Z", "fetched_at": "2025-07-15T14:39:33.467619+00:00", "symbol": "ADA-USD"}, {"trade_id": 143722213, "side": "buy", "size": "122.61805000", "price": "0.72270000", "time": "2025-07-15T14:38:56.023174Z", "fetched_at": "2025-07-15T14:39:33.467619+00:00", "symbol": "ADA-USD"}, {"trade_id": 143722212, "side": "buy", "size": "302.98664000", "price": "0.72270000", "time": "2025-07-15T14:38:56.023174Z", "fetched_at": "2025-07-15T14:39:33.467619+00:00", "symbol": "ADA-USD"}, {"trade_id": 143722211, "side": "buy", "size": "51.00306000", "price": "0.72270000", "time": "2025-07-15T14:38:56.023174Z", "fetched_at": "2025-07-15T14:39:33.467619+00:00", "symbol": "ADA-USD"}, {"trade_id": 143722210, "side": "buy", "size": "302.98664000", "price": "0.72280000", "time": "2025-07-15T14:38:50.545744Z", "fetched_at": "2025-07-15T14:39:33.467619+00:00", "symbol": "ADA-USD"}, {"trade_id": 143722209, "side": "buy", "size": "301.63940000", "price": "0.72280000", "time": "2025-07-15T14:38:50.545744Z", "fetched_at": "2025-07-15T14:39:33.467619+00:00", "symbol": "ADA-USD"}, {"trade_id": 143722208, "side": "sell", "size": "77.16563835", "price": "0.72280000", "time": "2025-07-15T14:38:50.521155Z", "fetched_at": "2025-07-15T14:39:33.467619+00:00", "symbol": "ADA-USD"}, {"trade_id": 143722207, "side": "sell", "size": "53.82869613", "price": "0.72290000", "time": "2025-07-15T14:38:46.915177Z", "fetched_at": "2025-07-15T14:39:33.467619+00:00", "symbol": "ADA-USD"}, {"trade_id": 143722206, "side": "sell", "size": "580.36217690", "price": "0.72290000", "time": "2025-07-15T14:38:46.915177Z", "fetched_at": "2025-07-15T14:39:33.467619+00:00", "symbol": "ADA-USD"}, {"trade_id": 143722205, "side": "sell", "size": "749.29282697", "price": "0.72280000", "time": "2025-07-15T14:38:46.915177Z", "fetched_at": "2025-07-15T14:39:33.467619+00:00", "symbol": "ADA-USD"}, {"trade_id": 143722204, "side": "sell", "size": "1.60000000", "price": "0.72280000", "time": "2025-07-15T14:38:46.915177Z", "fetched_at": "2025-07-15T14:39:33.467619+00:00", "symbol": "ADA-USD"}, {"trade_id": 143722203, "side": "sell", "size": "1117.35197124", "price": "0.72280000", "time": "2025-07-15T14:38:46.756795Z", "fetched_at": "2025-07-15T14:39:33.467619+00:00", "symbol": "ADA-USD"}, {"trade_id": 143722202, "side": "sell", "size": "808.62990321", "price": "0.72280000", "time": "2025-07-15T14:38:46.756795Z", "fetched_at": "2025-07-15T14:39:33.467619+00:00", "symbol": "ADA-USD"}, {"trade_id": 143722201, "side": "sell", "size": "4.65644855", "price": "0.72270000", "time": "2025-07-15T14:38:46.756795Z", "fetched_at": "2025-07-15T14:39:33.467619+00:00", "symbol": "ADA-USD"}, {"trade_id": 143722200, "side": "sell", "size": "50.21821898", "price": "0.72260000", "time": "2025-07-15T14:38:45.717660Z", "fetched_at": "2025-07-15T14:39:33.467619+00:00", "symbol": "ADA-USD"}, {"trade_id": 143722199, "side": "buy", "size": "52.32963600", "price": "0.72260000", "time": "2025-07-15T14:38:44.168740Z", "fetched_at": "2025-07-15T14:39:33.467619+00:00", "symbol": "ADA-USD"}, {"trade_id": 143722198, "side": "buy", "size": "122.61805000", "price": "0.72260000", "time": "2025-07-15T14:38:44.168740Z", "fetched_at": "2025-07-15T14:39:33.467619+00:00", "symbol": "ADA-USD"}, {"trade_id": 143722197, "side": "buy", "size": "1.60000000", "price": "0.72260000", "time": "2025-07-15T14:38:44.168740Z", "fetched_at": "2025-07-15T14:39:33.467619+00:00", "symbol": "ADA-USD"}, {"trade_id": 143722196, "side": "buy", "size": "130.21304431", "price": "0.72270000", "time": "2025-07-15T14:38:42.672035Z", "fetched_at": "2025-07-15T14:39:33.467619+00:00", "symbol": "ADA-USD"}, {"trade_id": 143722195, "side": "buy", "size": "3.97512017", "price": "0.72270000", "time": "2025-07-15T14:38:42.672035Z", "fetched_at": "2025-07-15T14:39:33.467619+00:00", "symbol": "ADA-USD"}, {"trade_id": 143722194, "side": "buy", "size": "1.60000000", "price": "0.72270000", "time": "2025-07-15T14:38:42.672035Z", "fetched_at": "2025-07-15T14:39:33.467619+00:00", "symbol": "ADA-USD"}, {"trade_id": 143722193, "side": "buy", "size": "30.44581552", "price": "0.72270000", "time": "2025-07-15T14:38:42.672035Z", "fetched_at": "2025-07-15T14:39:33.467619+00:00", "symbol": "ADA-USD"}, {"trade_id": 143722192, "side": "sell", "size": "5.35505147", "price": "0.72270000", "time": "2025-07-15T14:38:39.423710Z", "fetched_at": "2025-07-15T14:39:33.467619+00:00", "symbol": "ADA-USD"}, {"trade_id": 143722191, "side": "buy", "size": "99.52890817", "price": "0.72260000", "time": "2025-07-15T14:38:36.202189Z", "fetched_at": "2025-07-15T14:39:33.467619+00:00", "symbol": "ADA-USD"}, {"trade_id": 143722190, "side": "buy", "size": "5.10689183", "price": "0.72260000", "time": "2025-07-15T14:38:36.202189Z", "fetched_at": "2025-07-15T14:39:33.467619+00:00", "symbol": "ADA-USD"}, {"trade_id": 143722189, "side": "buy", "size": "567.00000000", "price": "0.72270000", "time": "2025-07-15T14:38:36.202189Z", "fetched_at": "2025-07-15T14:39:33.467619+00:00", "symbol": "ADA-USD"}, {"trade_id": 143722188, "side": "buy", "size": "368.38948195", "price": "0.72250000", "time": "2025-07-15T14:38:34.084274Z", "fetched_at": "2025-07-15T14:39:33.467619+00:00", "symbol": "ADA-USD"}, {"trade_id": 143722187, "side": "buy", "size": "322.78825945", "price": "0.72250000", "time": "2025-07-15T14:38:34.084274Z", "fetched_at": "2025-07-15T14:39:33.467619+00:00", "symbol": "ADA-USD"}, {"trade_id": 143722186, "side": "buy", "size": "2.21422640", "price": "0.72250000", "time": "2025-07-15T14:38:34.084274Z", "fetched_at": "2025-07-15T14:39:33.467619+00:00", "symbol": "ADA-USD"}, {"trade_id": 143722185, "side": "buy", "size": "1.40803220", "price": "0.72260000", "time": "2025-07-15T14:38:34.084274Z", "fetched_at": "2025-07-15T14:39:33.467619+00:00", "symbol": "ADA-USD"}, {"trade_id": 143722184, "side": "buy", "size": "1.60000000", "price": "0.72260000", "time": "2025-07-15T14:38:34.084274Z", "fetched_at": "2025-07-15T14:39:33.467619+00:00", "symbol": "ADA-USD"}, {"trade_id": 143722183, "side": "buy", "size": "1.60000000", "price": "0.72270000", "time": "2025-07-15T14:38:34.084274Z", "fetched_at": "2025-07-15T14:39:33.467619+00:00", "symbol": "ADA-USD"}, {"trade_id": 143722182, "side": "sell", "size": "3.65112600", "price": "0.72310000", "time": "2025-07-15T14:38:30.331067Z", "fetched_at": "2025-07-15T14:39:33.467619+00:00", "symbol": "ADA-USD"}, {"trade_id": 143722181, "side": "sell", "size": "1.60000000", "price": "0.72310000", "time": "2025-07-15T14:38:30.331067Z", "fetched_at": "2025-07-15T14:39:33.467619+00:00", "symbol": "ADA-USD"}, {"trade_id": 143722180, "side": "sell", "size": "1.60000000", "price": "0.72300000", "time": "2025-07-15T14:38:30.331067Z", "fetched_at": "2025-07-15T14:39:33.467619+00:00", "symbol": "ADA-USD"}, {"trade_id": 143722179, "side": "sell", "size": "40.33092300", "price": "0.72280000", "time": "2025-07-15T14:38:26.785126Z", "fetched_at": "2025-07-15T14:39:33.467619+00:00", "symbol": "ADA-USD"}, {"trade_id": 143722178, "side": "buy", "size": "1686.56358000", "price": "0.72280000", "time": "2025-07-15T14:38:25.490022Z", "fetched_at": "2025-07-15T14:39:33.467619+00:00", "symbol": "ADA-USD"}, {"trade_id": 143722177, "side": "buy", "size": "28.10382971", "price": "0.72280000", "time": "2025-07-15T14:38:25.490022Z", "fetched_at": "2025-07-15T14:39:33.467619+00:00", "symbol": "ADA-USD"}, {"trade_id": 143722176, "side": "buy", "size": "302.98664000", "price": "0.72290000", "time": "2025-07-15T14:38:25.487819Z", "fetched_at": "2025-07-15T14:39:33.467619+00:00", "symbol": "ADA-USD"}, {"trade_id": 143722175, "side": "sell", "size": "1.73323795", "price": "0.72250000", "time": "2025-07-15T14:38:23.939106Z", "fetched_at": "2025-07-15T14:39:33.467619+00:00", "symbol": "ADA-USD"}, {"trade_id": 143722174, "side": "sell", "size": "13.84083000", "price": "0.72250000", "time": "2025-07-15T14:38:22.960377Z", "fetched_at": "2025-07-15T14:39:33.467619+00:00", "symbol": "ADA-USD"}, {"trade_id": 143722173, "side": "sell", "size": "295.41982465", "price": "0.72250000", "time": "2025-07-15T14:38:22.565879Z", "fetched_at": "2025-07-15T14:39:33.467619+00:00", "symbol": "ADA-USD"}, {"trade_id": 143722172, "side": "sell", "size": "51.00306000", "price": "0.72250000", "time": "2025-07-15T14:38:22.565879Z", "fetched_at": "2025-07-15T14:39:33.467619+00:00", "symbol": "ADA-USD"}, {"trade_id": 143722171, "side": "sell", "size": "631.60785885", "price": "0.72250000", "time": "2025-07-15T14:38:22.565879Z", "fetched_at": "2025-07-15T14:39:33.467619+00:00", "symbol": "ADA-USD"}, {"trade_id": 143722170, "side": "sell", "size": "6.29593650", "price": "0.72250000", "time": "2025-07-15T14:38:22.565879Z", "fetched_at": "2025-07-15T14:39:33.467619+00:00", "symbol": "ADA-USD"}, {"trade_id": 143722169, "side": "sell", "size": "1.36948400", "price": "0.72250000", "time": "2025-07-15T14:38:17.545987Z", "fetched_at": "2025-07-15T14:39:33.467619+00:00", "symbol": "ADA-USD"}, {"trade_id": 143722168, "side": "buy", "size": "1.60000000", "price": "0.72250000", "time": "2025-07-15T14:38:17.211587Z", "fetched_at": "2025-07-15T14:39:33.467619+00:00", "symbol": "ADA-USD"}, {"trade_id": 143722167, "side": "sell", "size": "20.52196601", "price": "0.72260000", "time": "2025-07-15T14:38:16.022021Z", "fetched_at": "2025-07-15T14:39:33.467619+00:00", "symbol": "ADA-USD"}, {"trade_id": 143722166, "side": "sell", "size": "51.00306000", "price": "0.72260000", "time": "2025-07-15T14:38:16.018382Z", "fetched_at": "2025-07-15T14:39:33.467619+00:00", "symbol": "ADA-USD"}, {"trade_id": 143722165, "side": "sell", "size": "51.00306000", "price": "0.72260000", "time": "2025-07-15T14:38:16.014486Z", "fetched_at": "2025-07-15T14:39:33.467619+00:00", "symbol": "ADA-USD"}, {"trade_id": 143722164, "side": "sell", "size": "51.00306000", "price": "0.72260000", "time": "2025-07-15T14:38:16.010817Z", "fetched_at": "2025-07-15T14:39:33.467619+00:00", "symbol": "ADA-USD"}, {"trade_id": 143722163, "side": "buy", "size": "689.75245504", "price": "0.72250000", "time": "2025-07-15T14:38:12.364901Z", "fetched_at": "2025-07-15T14:39:33.467619+00:00", "symbol": "ADA-USD"}, {"trade_id": 143722162, "side": "buy", "size": "9.37401622", "price": "0.72260000", "time": "2025-07-15T14:38:12.364901Z", "fetched_at": "2025-07-15T14:39:33.467619+00:00", "symbol": "ADA-USD"}, {"trade_id": 143722161, "side": "buy", "size": "50.65047664", "price": "0.72260000", "time": "2025-07-15T14:38:12.364901Z", "fetched_at": "2025-07-15T14:39:33.467619+00:00", "symbol": "ADA-USD"}, {"trade_id": 143722160, "side": "buy", "size": "567.00000000", "price": "0.72260000", "time": "2025-07-15T14:38:12.364901Z", "fetched_at": "2025-07-15T14:39:33.467619+00:00", "symbol": "ADA-USD"}, {"trade_id": 143722159, "side": "buy", "size": "49.96236392", "price": "0.72260000", "time": "2025-07-15T14:38:12.364901Z", "fetched_at": "2025-07-15T14:39:33.467619+00:00", "symbol": "ADA-USD"}, {"trade_id": 143722158, "side": "buy", "size": "169.85550300", "price": "0.72280000", "time": "2025-07-15T14:38:10.422204Z", "fetched_at": "2025-07-15T14:39:33.467619+00:00", "symbol": "ADA-USD"}, {"trade_id": 143722157, "side": "buy", "size": "302.98664000", "price": "0.72280000", "time": "2025-07-15T14:38:10.422204Z", "fetched_at": "2025-07-15T14:39:33.467619+00:00", "symbol": "ADA-USD"}, {"trade_id": 143722156, "side": "sell", "size": "64.67883263", "price": "0.72290000", "time": "2025-07-15T14:38:09.139985Z", "fetched_at": "2025-07-15T14:39:33.467619+00:00", "symbol": "ADA-USD"}, {"trade_id": 143722155, "side": "sell", "size": "2.52651137", "price": "0.72280000", "time": "2025-07-15T14:38:09.139985Z", "fetched_at": "2025-07-15T14:39:33.467619+00:00", "symbol": "ADA-USD"}, {"trade_id": 143722154, "side": "sell", "size": "8.46656341", "price": "0.72270000", "time": "2025-07-15T14:38:08.302186Z", "fetched_at": "2025-07-15T14:39:33.467619+00:00", "symbol": "ADA-USD"}, {"trade_id": 143722153, "side": "sell", "size": "113.00728664", "price": "0.72260000", "time": "2025-07-15T14:38:08.293579Z", "fetched_at": "2025-07-15T14:39:33.467619+00:00", "symbol": "ADA-USD"}, {"trade_id": 143722152, "side": "sell", "size": "51.00306000", "price": "0.72260000", "time": "2025-07-15T14:38:08.290397Z", "fetched_at": "2025-07-15T14:39:33.467619+00:00", "symbol": "ADA-USD"}, {"trade_id": 143722151, "side": "buy", "size": "8.04238493", "price": "0.72250000", "time": "2025-07-15T14:38:07.305095Z", "fetched_at": "2025-07-15T14:39:33.467619+00:00", "symbol": "ADA-USD"}, {"trade_id": 143722150, "side": "buy", "size": "154.92652500", "price": "0.72250000", "time": "2025-07-15T14:38:06.660049Z", "fetched_at": "2025-07-15T14:39:33.467619+00:00", "symbol": "ADA-USD"}, {"trade_id": 143722149, "side": "buy", "size": "157.48147700", "price": "0.72250000", "time": "2025-07-15T14:38:06.284002Z", "fetched_at": "2025-07-15T14:39:33.467619+00:00", "symbol": "ADA-USD"}, {"trade_id": 143722148, "side": "buy", "size": "1.60000000", "price": "0.72250000", "time": "2025-07-15T14:38:06.284002Z", "fetched_at": "2025-07-15T14:39:33.467619+00:00", "symbol": "ADA-USD"}, {"trade_id": 143722147, "side": "buy", "size": "1.60000000", "price": "0.72260000", "time": "2025-07-15T14:38:05.936193Z", "fetched_at": "2025-07-15T14:39:33.467619+00:00", "symbol": "ADA-USD"}, {"trade_id": 143722146, "side": "buy", "size": "1.60000000", "price": "0.72270000", "time": "2025-07-15T14:38:05.473323Z", "fetched_at": "2025-07-15T14:39:33.467619+00:00", "symbol": "ADA-USD"}, {"trade_id": 143722145, "side": "buy", "size": "166.85319901", "price": "0.72280000", "time": "2025-07-15T14:38:02.885785Z", "fetched_at": "2025-07-15T14:39:33.467619+00:00", "symbol": "ADA-USD"}, {"trade_id": 143722144, "side": "buy", "size": "392.15695499", "price": "0.72290000", "time": "2025-07-15T14:38:02.885785Z", "fetched_at": "2025-07-15T14:39:33.467619+00:00", "symbol": "ADA-USD"}, {"trade_id": 143722143, "side": "sell", "size": "275.69095044", "price": "0.72280000", "time": "2025-07-15T14:38:02.474665Z", "fetched_at": "2025-07-15T14:39:33.467619+00:00", "symbol": "ADA-USD"}, {"trade_id": 143722142, "side": "sell", "size": "691.75428887", "price": "0.72280000", "time": "2025-07-15T14:38:02.474665Z", "fetched_at": "2025-07-15T14:39:33.467619+00:00", "symbol": "ADA-USD"}, {"trade_id": 143722141, "side": "sell", "size": "66.71684809", "price": "0.72280000", "time": "2025-07-15T14:38:02.474665Z", "fetched_at": "2025-07-15T14:39:33.467619+00:00", "symbol": "ADA-USD"}, {"trade_id": 143722140, "side": "sell", "size": "1.31133968", "price": "0.72290000", "time": "2025-07-15T14:38:01.145800Z", "fetched_at": "2025-07-15T14:39:33.467619+00:00", "symbol": "ADA-USD"}, {"trade_id": 143722139, "side": "sell", "size": "2.61952532", "price": "0.72290000", "time": "2025-07-15T14:38:01.145800Z", "fetched_at": "2025-07-15T14:39:33.467619+00:00", "symbol": "ADA-USD"}, {"trade_id": 143722138, "side": "buy", "size": "13.83183300", "price": "0.72290000", "time": "2025-07-15T14:37:59.995641Z", "fetched_at": "2025-07-15T14:39:33.467619+00:00", "symbol": "ADA-USD"}, {"trade_id": 143722137, "side": "sell", "size": "7.26825799", "price": "0.72280000", "time": "2025-07-15T14:37:58.787602Z", "fetched_at": "2025-07-15T14:39:33.467619+00:00", "symbol": "ADA-USD"}, {"trade_id": 143722136, "side": "buy", "size": "200.00000000", "price": "0.72270000", "time": "2025-07-15T14:37:58.115745Z", "fetched_at": "2025-07-15T14:39:33.467619+00:00", "symbol": "ADA-USD"}, {"trade_id": 143722135, "side": "buy", "size": "124.46729400", "price": "0.72270000", "time": "2025-07-15T14:37:58.111532Z", "fetched_at": "2025-07-15T14:39:33.467619+00:00", "symbol": "ADA-USD"}, {"trade_id": 143722134, "side": "buy", "size": "567.00000000", "price": "0.72270000", "time": "2025-07-15T14:37:58.111532Z", "fetched_at": "2025-07-15T14:39:33.467619+00:00", "symbol": "ADA-USD"}, {"trade_id": 143722133, "side": "buy", "size": "27.84259350", "price": "0.72260000", "time": "2025-07-15T14:37:57.613537Z", "fetched_at": "2025-07-15T14:39:33.467619+00:00", "symbol": "ADA-USD"}, {"trade_id": 143722132, "side": "buy", "size": "1685.98028000", "price": "0.72260000", "time": "2025-07-15T14:37:57.613537Z", "fetched_at": "2025-07-15T14:39:33.467619+00:00", "symbol": "ADA-USD"}, {"trade_id": 143722131, "side": "buy", "size": "2010.67795000", "price": "0.72260000", "time": "2025-07-15T14:37:57.613537Z", "fetched_at": "2025-07-15T14:39:33.467619+00:00", "symbol": "ADA-USD"}, {"trade_id": 143722130, "side": "buy", "size": "634.50159839", "price": "0.72260000", "time": "2025-07-15T14:37:57.613537Z", "fetched_at": "2025-07-15T14:39:33.467619+00:00", "symbol": "ADA-USD"}, {"trade_id": 143722129, "side": "buy", "size": "1.60000000", "price": "0.72260000", "time": "2025-07-15T14:37:57.613537Z", "fetched_at": "2025-07-15T14:39:33.467619+00:00", "symbol": "ADA-USD"}, {"trade_id": 143722128, "side": "buy", "size": "9.76035432", "price": "0.72270000", "time": "2025-07-15T14:37:57.613537Z", "fetched_at": "2025-07-15T14:39:33.467619+00:00", "symbol": "ADA-USD"}, {"trade_id": 143722127, "side": "buy", "size": "625.82483441", "price": "0.72270000", "time": "2025-07-15T14:37:57.613537Z", "fetched_at": "2025-07-15T14:39:33.467619+00:00", "symbol": "ADA-USD"}, {"trade_id": 143722126, "side": "buy", "size": "2.21238938", "price": "0.72270000", "time": "2025-07-15T14:37:57.613537Z", "fetched_at": "2025-07-15T14:39:33.467619+00:00", "symbol": "ADA-USD"}, {"trade_id": 143722125, "side": "buy", "size": "1.60000000", "price": "0.72270000", "time": "2025-07-15T14:37:57.613537Z", "fetched_at": "2025-07-15T14:39:33.467619+00:00", "symbol": "ADA-USD"}, {"trade_id": 143722124, "side": "sell", "size": "4.23590705", "price": "0.72280000", "time": "2025-07-15T14:37:54.225303Z", "fetched_at": "2025-07-15T14:39:33.467619+00:00", "symbol": "ADA-USD"}, {"trade_id": 143722123, "side": "sell", "size": "8.97630892", "price": "0.72270000", "time": "2025-07-15T14:37:51.215564Z", "fetched_at": "2025-07-15T14:39:33.467619+00:00", "symbol": "ADA-USD"}, {"trade_id": 143722122, "side": "sell", "size": "2309.95508229", "price": "0.72280000", "time": "2025-07-15T14:37:49.327389Z", "fetched_at": "2025-07-15T14:39:33.467619+00:00", "symbol": "ADA-USD"}, {"trade_id": 143722121, "side": "sell", "size": "955.73378243", "price": "0.72280000", "time": "2025-07-15T14:37:49.316748Z", "fetched_at": "2025-07-15T14:39:33.467619+00:00", "symbol": "ADA-USD"}, {"trade_id": 143722120, "side": "sell", "size": "2231.01113528", "price": "0.72280000", "time": "2025-07-15T14:37:49.312453Z", "fetched_at": "2025-07-15T14:39:33.467619+00:00", "symbol": "ADA-USD"}, {"trade_id": 143722119, "side": "sell", "size": "691.85000691", "price": "0.72270000", "time": "2025-07-15T14:37:49.155017Z", "fetched_at": "2025-07-15T14:39:33.467619+00:00", "symbol": "ADA-USD"}, {"trade_id": 143722118, "side": "sell", "size": "13.83607428", "price": "0.72270000", "time": "2025-07-15T14:37:49.155017Z", "fetched_at": "2025-07-15T14:39:33.467619+00:00", "symbol": "ADA-USD"}, {"trade_id": 143722117, "side": "sell", "size": "275.69095044", "price": "0.72270000", "time": "2025-07-15T14:37:49.155017Z", "fetched_at": "2025-07-15T14:39:33.467619+00:00", "symbol": "ADA-USD"}, {"trade_id": 143722116, "side": "buy", "size": "67.84260000", "price": "0.72270000", "time": "2025-07-15T14:37:48.445219Z", "fetched_at": "2025-07-15T14:39:33.467619+00:00", "symbol": "ADA-USD"}, {"trade_id": 143722115, "side": "buy", "size": "477.64912200", "price": "0.72280000", "time": "2025-07-15T14:37:47.714673Z", "fetched_at": "2025-07-15T14:39:33.467619+00:00", "symbol": "ADA-USD"}, {"trade_id": 143722114, "side": "buy", "size": "91.69310000", "price": "0.72280000", "time": "2025-07-15T14:37:47.686630Z", "fetched_at": "2025-07-15T14:39:33.467619+00:00", "symbol": "ADA-USD"}, {"trade_id": 143722113, "side": "sell", "size": "567.00000000", "price": "0.72300000", "time": "2025-07-15T14:37:46.125980Z", "fetched_at": "2025-07-15T14:39:33.467619+00:00", "symbol": "ADA-USD"}, {"trade_id": 143722112, "side": "sell", "size": "1.60000000", "price": "0.72300000", "time": "2025-07-15T14:37:46.125980Z", "fetched_at": "2025-07-15T14:39:33.467619+00:00", "symbol": "ADA-USD"}, {"trade_id": 143722111, "side": "sell", "size": "567.00000000", "price": "0.72290000", "time": "2025-07-15T14:37:46.125980Z", "fetched_at": "2025-07-15T14:39:33.467619+00:00", "symbol": "ADA-USD"}, {"trade_id": 143722110, "side": "sell", "size": "275.69095044", "price": "0.72290000", "time": "2025-07-15T14:37:46.125980Z", "fetched_at": "2025-07-15T14:39:33.467619+00:00", "symbol": "ADA-USD"}, {"trade_id": 143722109, "side": "sell", "size": "275.69095044", "price": "0.72270000", "time": "2025-07-15T14:37:46.115833Z", "fetched_at": "2025-07-15T14:39:33.467619+00:00", "symbol": "ADA-USD"}, {"trade_id": 143722108, "side": "buy", "size": "567.00000000", "price": "0.72260000", "time": "2025-07-15T14:37:46.091646Z", "fetched_at": "2025-07-15T14:39:33.467619+00:00", "symbol": "ADA-USD"}, {"trade_id": 143722107, "side": "buy", "size": "49.99995383", "price": "0.72270000", "time": "2025-07-15T14:37:46.091646Z", "fetched_at": "2025-07-15T14:39:33.467619+00:00", "symbol": "ADA-USD"}, {"trade_id": 143722106, "side": "buy", "size": "10.17371210", "price": "0.72270000", "time": "2025-07-15T14:37:46.091646Z", "fetched_at": "2025-07-15T14:39:33.467619+00:00", "symbol": "ADA-USD"}, {"trade_id": 143722105, "side": "buy", "size": "567.00000000", "price": "0.72270000", "time": "2025-07-15T14:37:46.091646Z", "fetched_at": "2025-07-15T14:39:33.467619+00:00", "symbol": "ADA-USD"}, {"trade_id": 143722104, "side": "buy", "size": "301.63940000", "price": "0.72280000", "time": "2025-07-15T14:37:46.058868Z", "fetched_at": "2025-07-15T14:39:33.467619+00:00", "symbol": "ADA-USD"}, {"trade_id": 143722103, "side": "buy", "size": "302.98664000", "price": "0.72280000", "time": "2025-07-15T14:37:46.058868Z", "fetched_at": "2025-07-15T14:39:33.467619+00:00", "symbol": "ADA-USD"}, {"trade_id": 143722102, "side": "buy", "size": "51.00306000", "price": "0.72280000", "time": "2025-07-15T14:37:46.058868Z", "fetched_at": "2025-07-15T14:39:33.467619+00:00", "symbol": "ADA-USD"}, {"trade_id": 143722101, "side": "sell", "size": "61.58478285", "price": "0.72270000", "time": "2025-07-15T14:37:46.023022Z", "fetched_at": "2025-07-15T14:39:33.467619+00:00", "symbol": "ADA-USD"}, {"trade_id": 143722100, "side": "buy", "size": "66.24260000", "price": "0.72260000", "time": "2025-07-15T14:37:46.009161Z", "fetched_at": "2025-07-15T14:39:33.467619+00:00", "symbol": "ADA-USD"}, {"trade_id": 143722099, "side": "buy", "size": "1.60000000", "price": "0.72260000", "time": "2025-07-15T14:37:46.009161Z", "fetched_at": "2025-07-15T14:39:33.467619+00:00", "symbol": "ADA-USD"}, {"trade_id": 143722098, "side": "buy", "size": "1184.28089295", "price": "0.72270000", "time": "2025-07-15T14:37:46.001086Z", "fetched_at": "2025-07-15T14:39:33.467619+00:00", "symbol": "ADA-USD"}, {"trade_id": 143722097, "side": "buy", "size": "67.84260000", "price": "0.72270000", "time": "2025-07-15T14:37:45.999524Z", "fetched_at": "2025-07-15T14:39:33.467619+00:00", "symbol": "ADA-USD"}, {"trade_id": 143722096, "side": "buy", "size": "4201.77650705", "price": "0.72270000", "time": "2025-07-15T14:37:45.999491Z", "fetched_at": "2025-07-15T14:39:33.467619+00:00", "symbol": "ADA-USD"}, {"trade_id": 143722095, "side": "buy", "size": "1.60000000", "price": "0.72270000", "time": "2025-07-15T14:37:45.999491Z", "fetched_at": "2025-07-15T14:39:33.467619+00:00", "symbol": "ADA-USD"}, {"trade_id": 143722094, "side": "buy", "size": "6.00000000", "price": "0.72270000", "time": "2025-07-15T14:37:45.999491Z", "fetched_at": "2025-07-15T14:39:33.467619+00:00", "symbol": "ADA-USD"}, {"trade_id": 143722093, "side": "buy", "size": "768.69970110", "price": "0.72280000", "time": "2025-07-15T14:37:45.999232Z", "fetched_at": "2025-07-15T14:39:33.467619+00:00", "symbol": "ADA-USD"}, {"trade_id": 143722092, "side": "buy", "size": "275.69095044", "price": "0.72280000", "time": "2025-07-15T14:37:45.999232Z", "fetched_at": "2025-07-15T14:39:33.467619+00:00", "symbol": "ADA-USD"}, {"trade_id": 143722091, "side": "buy", "size": "3471.11912079", "price": "0.72280000", "time": "2025-07-15T14:37:45.999232Z", "fetched_at": "2025-07-15T14:39:33.467619+00:00", "symbol": "ADA-USD"}, {"trade_id": 143722090, "side": "buy", "size": "808.62990321", "price": "0.72280000", "time": "2025-07-15T14:37:45.999232Z", "fetched_at": "2025-07-15T14:39:33.467619+00:00", "symbol": "ADA-USD"}, {"trade_id": 143722089, "side": "buy", "size": "1.60000000", "price": "0.72280000", "time": "2025-07-15T14:37:45.999232Z", "fetched_at": "2025-07-15T14:39:33.467619+00:00", "symbol": "ADA-USD"}, {"trade_id": 143722088, "side": "buy", "size": "1.60000000", "price": "0.72290000", "time": "2025-07-15T14:37:45.998493Z", "fetched_at": "2025-07-15T14:39:33.467619+00:00", "symbol": "ADA-USD"}, {"trade_id": 143722087, "side": "buy", "size": "553.90284300", "price": "0.72290000", "time": "2025-07-15T14:37:45.998493Z", "fetched_at": "2025-07-15T14:39:33.467619+00:00", "symbol": "ADA-USD"}, {"trade_id": 143722086, "side": "buy", "size": "556.14488500", "price": "0.72290000", "time": "2025-07-15T14:37:45.998493Z", "fetched_at": "2025-07-15T14:39:33.467619+00:00", "symbol": "ADA-USD"}, {"trade_id": 143722085, "side": "buy", "size": "547.47071400", "price": "0.72290000", "time": "2025-07-15T14:37:45.998493Z", "fetched_at": "2025-07-15T14:39:33.467619+00:00", "symbol": "ADA-USD"}, {"trade_id": 143722084, "side": "buy", "size": "22.70869668", "price": "0.72290000", "time": "2025-07-15T14:37:45.998493Z", "fetched_at": "2025-07-15T14:39:33.467619+00:00", "symbol": "ADA-USD"}, {"trade_id": 143722083, "side": "buy", "size": "275.15000000", "price": "0.72300000", "time": "2025-07-15T14:37:45.998493Z", "fetched_at": "2025-07-15T14:39:33.467619+00:00", "symbol": "ADA-USD"}, {"trade_id": 143722082, "side": "buy", "size": "10.16949064", "price": "0.72300000", "time": "2025-07-15T14:37:45.998493Z", "fetched_at": "2025-07-15T14:39:33.467619+00:00", "symbol": "ADA-USD"}, {"trade_id": 143722081, "side": "buy", "size": "1.60000000", "price": "0.72300000", "time": "2025-07-15T14:37:45.998493Z", "fetched_at": "2025-07-15T14:39:33.467619+00:00", "symbol": "ADA-USD"}, {"trade_id": 143722080, "side": "sell", "size": "54.47412393", "price": "0.72320000", "time": "2025-07-15T14:37:44.740307Z", "fetched_at": "2025-07-15T14:39:33.467619+00:00", "symbol": "ADA-USD"}, {"trade_id": 143722079, "side": "sell", "size": "12.71227007", "price": "0.72310000", "time": "2025-07-15T14:37:44.740307Z", "fetched_at": "2025-07-15T14:39:33.467619+00:00", "symbol": "ADA-USD"}, {"trade_id": 143722078, "side": "sell", "size": "6.84458000", "price": "0.72310000", "time": "2025-07-15T14:37:44.385459Z", "fetched_at": "2025-07-15T14:39:33.467619+00:00", "symbol": "ADA-USD"}, {"trade_id": 143722077, "side": "buy", "size": "23.84927492", "price": "0.72310000", "time": "2025-07-15T14:37:42.956377Z", "fetched_at": "2025-07-15T14:39:33.467619+00:00", "symbol": "ADA-USD"}, {"trade_id": 143722076, "side": "sell", "size": "1.68497138", "price": "0.72320000", "time": "2025-07-15T14:37:39.776450Z", "fetched_at": "2025-07-15T14:39:33.467619+00:00", "symbol": "ADA-USD"}, {"trade_id": 143722075, "side": "sell", "size": "958.05411743", "price": "0.72320000", "time": "2025-07-15T14:37:39.508893Z", "fetched_at": "2025-07-15T14:39:33.467619+00:00", "symbol": "ADA-USD"}, {"trade_id": 143722074, "side": "buy", "size": "1.60000000", "price": "0.72310000", "time": "2025-07-15T14:37:34.074425Z", "fetched_at": "2025-07-15T14:39:33.467619+00:00", "symbol": "ADA-USD"}, {"trade_id": 143722073, "side": "buy", "size": "2.12875238", "price": "0.72310000", "time": "2025-07-15T14:37:34.074425Z", "fetched_at": "2025-07-15T14:39:33.467619+00:00", "symbol": "ADA-USD"}, {"trade_id": 143722072, "side": "buy", "size": "50.00000000", "price": "0.72320000", "time": "2025-07-15T14:37:34.074425Z", "fetched_at": "2025-07-15T14:39:33.467619+00:00", "symbol": "ADA-USD"}, {"trade_id": 143722071, "side": "buy", "size": "1.60000000", "price": "0.72320000", "time": "2025-07-15T14:37:34.074425Z", "fetched_at": "2025-07-15T14:39:33.467619+00:00", "symbol": "ADA-USD"}, {"trade_id": 143722070, "side": "buy", "size": "1.49015800", "price": "0.72330000", "time": "2025-07-15T14:37:34.074425Z", "fetched_at": "2025-07-15T14:39:33.467619+00:00", "symbol": "ADA-USD"}, {"trade_id": 143722069, "side": "sell", "size": "282.00165883", "price": "0.72340000", "time": "2025-07-15T14:37:33.775293Z", "fetched_at": "2025-07-15T14:39:33.467619+00:00", "symbol": "ADA-USD"}, {"trade_id": 143722068, "side": "buy", "size": "0.10984200", "price": "0.72330000", "time": "2025-07-15T14:37:33.562883Z", "fetched_at": "2025-07-15T14:39:33.467619+00:00", "symbol": "ADA-USD"}, {"trade_id": 143722067, "side": "buy", "size": "1.60000000", "price": "0.72340000", "time": "2025-07-15T14:37:33.497274Z", "fetched_at": "2025-07-15T14:39:33.467619+00:00", "symbol": "ADA-USD"}, {"trade_id": 143722066, "side": "buy", "size": "2.20933444", "price": "0.72340000", "time": "2025-07-15T14:37:33.497274Z", "fetched_at": "2025-07-15T14:39:33.467619+00:00", "symbol": "ADA-USD"}, {"trade_id": 143722065, "side": "buy", "size": "0.10000000", "price": "0.72340000", "time": "2025-07-15T14:37:33.497274Z", "fetched_at": "2025-07-15T14:39:33.467619+00:00", "symbol": "ADA-USD"}, {"trade_id": 143722064, "side": "buy", "size": "9.78431791", "price": "0.72350000", "time": "2025-07-15T14:37:31.490205Z", "fetched_at": "2025-07-15T14:39:33.467619+00:00", "symbol": "ADA-USD"}, {"trade_id": 143722063, "side": "buy", "size": "22.01471531", "price": "0.72350000", "time": "2025-07-15T14:37:31.490205Z", "fetched_at": "2025-07-15T14:39:33.467619+00:00", "symbol": "ADA-USD"}, {"trade_id": 143722062, "side": "sell", "size": "1.60000000", "price": "0.72360000", "time": "2025-07-15T14:37:31.076686Z", "fetched_at": "2025-07-15T14:39:33.467619+00:00", "symbol": "ADA-USD"}, {"trade_id": 143722061, "side": "buy", "size": "18.89902800", "price": "0.72340000", "time": "2025-07-15T14:37:29.805280Z", "fetched_at": "2025-07-15T14:39:33.467619+00:00", "symbol": "ADA-USD"}, {"trade_id": 143722060, "side": "buy", "size": "29.35295374", "price": "0.72350000", "time": "2025-07-15T14:37:28.534466Z", "fetched_at": "2025-07-15T14:39:33.467619+00:00", "symbol": "ADA-USD"}, {"trade_id": 143722059, "side": "sell", "size": "1560.34878268", "price": "0.72350000", "time": "2025-07-15T14:37:28.083534Z", "fetched_at": "2025-07-15T14:39:33.467619+00:00", "symbol": "ADA-USD"}, {"trade_id": 143722058, "side": "buy", "size": "484.01959677", "price": "0.72340000", "time": "2025-07-15T14:37:26.975359Z", "fetched_at": "2025-07-15T14:39:33.467619+00:00", "symbol": "ADA-USD"}, {"trade_id": 143722057, "side": "buy", "size": "0.07000323", "price": "0.72350000", "time": "2025-07-15T14:37:26.975359Z", "fetched_at": "2025-07-15T14:39:33.467619+00:00", "symbol": "ADA-USD"}, {"trade_id": 143722056, "side": "sell", "size": "31.74902318", "price": "0.72350000", "time": "2025-07-15T14:37:25.405281Z", "fetched_at": "2025-07-15T14:39:33.467619+00:00", "symbol": "ADA-USD"}, {"trade_id": 143722055, "side": "sell", "size": "1.78389582", "price": "0.72340000", "time": "2025-07-15T14:37:25.405281Z", "fetched_at": "2025-07-15T14:39:33.467619+00:00", "symbol": "ADA-USD"}, {"trade_id": 143722054, "side": "sell", "size": "3.50206352", "price": "0.72330000", "time": "2025-07-15T14:37:24.700495Z", "fetched_at": "2025-07-15T14:39:33.467619+00:00", "symbol": "ADA-USD"}, {"trade_id": 143722053, "side": "buy", "size": "52.18302888", "price": "0.72330000", "time": "2025-07-15T14:37:24.212505Z", "fetched_at": "2025-07-15T14:39:33.467619+00:00", "symbol": "ADA-USD"}, {"trade_id": 143722052, "side": "sell", "size": "691.18053635", "price": "0.72340000", "time": "2025-07-15T14:37:22.960579Z", "fetched_at": "2025-07-15T14:39:33.467619+00:00", "symbol": "ADA-USD"}, {"trade_id": 143722051, "side": "sell", "size": "534.72441890", "price": "0.72330000", "time": "2025-07-15T14:37:22.894382Z", "fetched_at": "2025-07-15T14:39:33.467619+00:00", "symbol": "ADA-USD"}, {"trade_id": 143722050, "side": "sell", "size": "8.83390495", "price": "0.72330000", "time": "2025-07-15T14:37:22.894382Z", "fetched_at": "2025-07-15T14:39:33.467619+00:00", "symbol": "ADA-USD"}, {"trade_id": 143722049, "side": "buy", "size": "839.20000000", "price": "0.72340000", "time": "2025-07-15T14:37:22.502184Z", "fetched_at": "2025-07-15T14:39:33.467619+00:00", "symbol": "ADA-USD"}, {"trade_id": 143722048, "side": "buy", "size": "1.60000000", "price": "0.72340000", "time": "2025-07-15T14:37:22.502184Z", "fetched_at": "2025-07-15T14:39:33.467619+00:00", "symbol": "ADA-USD"}, {"trade_id": 143722047, "side": "sell", "size": "0.01843501", "price": "0.72350000", "time": "2025-07-15T14:37:22.380615Z", "fetched_at": "2025-07-15T14:39:33.467619+00:00", "symbol": "ADA-USD"}, {"trade_id": 143722046, "side": "sell", "size": "0.12934760", "price": "0.72350000", "time": "2025-07-15T14:37:21.641268Z", "fetched_at": "2025-07-15T14:39:33.467619+00:00", "symbol": "ADA-USD"}, {"trade_id": 143722045, "side": "sell", "size": "0.01228321", "price": "0.72350000", "time": "2025-07-15T14:37:21.090232Z", "fetched_at": "2025-07-15T14:39:33.467619+00:00", "symbol": "ADA-USD"}, {"trade_id": 143722044, "side": "buy", "size": "66.24260000", "price": "0.72350000", "time": "2025-07-15T14:37:20.651904Z", "fetched_at": "2025-07-15T14:39:33.467619+00:00", "symbol": "ADA-USD"}, {"trade_id": 143722043, "side": "buy", "size": "1.60000000", "price": "0.72350000", "time": "2025-07-15T14:37:20.651904Z", "fetched_at": "2025-07-15T14:39:33.467619+00:00", "symbol": "ADA-USD"}, {"trade_id": 143722042, "side": "buy", "size": "5.27228158", "price": "0.72360000", "time": "2025-07-15T14:37:20.651759Z", "fetched_at": "2025-07-15T14:39:33.467619+00:00", "symbol": "ADA-USD"}, {"trade_id": 143722041, "side": "buy", "size": "1.60000000", "price": "0.72360000", "time": "2025-07-15T14:37:20.651759Z", "fetched_at": "2025-07-15T14:39:33.467619+00:00", "symbol": "ADA-USD"}, {"trade_id": 143722040, "side": "buy", "size": "14.95588799", "price": "0.72360000", "time": "2025-07-15T14:37:20.651759Z", "fetched_at": "2025-07-15T14:39:33.467619+00:00", "symbol": "ADA-USD"}, {"trade_id": 143722039, "side": "buy", "size": "10.72180762", "price": "0.72360000", "time": "2025-07-15T14:37:20.651759Z", "fetched_at": "2025-07-15T14:39:33.467619+00:00", "symbol": "ADA-USD"}, {"trade_id": 143722038, "side": "sell", "size": "567.00000000", "price": "0.72370000", "time": "2025-07-15T14:37:20.221329Z", "fetched_at": "2025-07-15T14:39:33.467619+00:00", "symbol": "ADA-USD"}, {"trade_id": 143722037, "side": "buy", "size": "1.60000000", "price": "0.72370000", "time": "2025-07-15T14:37:20.088757Z", "fetched_at": "2025-07-15T14:39:33.467619+00:00", "symbol": "ADA-USD"}, {"trade_id": 143722036, "side": "buy", "size": "1.60000000", "price": "0.72380000", "time": "2025-07-15T14:37:20.088400Z", "fetched_at": "2025-07-15T14:39:33.467619+00:00", "symbol": "ADA-USD"}, {"trade_id": 143722035, "side": "buy", "size": "1.60000000", "price": "0.72390000", "time": "2025-07-15T14:37:20.088400Z", "fetched_at": "2025-07-15T14:39:33.467619+00:00", "symbol": "ADA-USD"}, {"trade_id": 143722034, "side": "sell", "size": "158.26449187", "price": "0.72400000", "time": "2025-07-15T14:37:19.987397Z", "fetched_at": "2025-07-15T14:39:33.467619+00:00", "symbol": "ADA-USD"}, {"trade_id": 143722033, "side": "sell", "size": "50.00000000", "price": "0.72400000", "time": "2025-07-15T14:37:19.987397Z", "fetched_at": "2025-07-15T14:39:33.467619+00:00", "symbol": "ADA-USD"}, {"trade_id": 143722032, "side": "sell", "size": "51.00306000", "price": "0.72400000", "time": "2025-07-15T14:37:19.987397Z", "fetched_at": "2025-07-15T14:39:33.467619+00:00", "symbol": "ADA-USD"}, {"trade_id": 143722031, "side": "sell", "size": "567.00000000", "price": "0.72400000", "time": "2025-07-15T14:37:19.987397Z", "fetched_at": "2025-07-15T14:39:33.467619+00:00", "symbol": "ADA-USD"}, {"trade_id": 143722030, "side": "sell", "size": "12.53244813", "price": "0.72400000", "time": "2025-07-15T14:37:19.987397Z", "fetched_at": "2025-07-15T14:39:33.467619+00:00", "symbol": "ADA-USD"}, {"trade_id": 143722029, "side": "sell", "size": "0.05397646", "price": "0.72410000", "time": "2025-07-15T14:37:18.392111Z", "fetched_at": "2025-07-15T14:39:33.467619+00:00", "symbol": "ADA-USD"}, {"trade_id": 143722028, "side": "buy", "size": "369.79977885", "price": "0.72390000", "time": "2025-07-15T14:37:18.372311Z", "fetched_at": "2025-07-15T14:39:33.467619+00:00", "symbol": "ADA-USD"}, {"trade_id": 143722027, "side": "buy", "size": "285.04159000", "price": "0.72390000", "time": "2025-07-15T14:37:18.372311Z", "fetched_at": "2025-07-15T14:39:33.467619+00:00", "symbol": "ADA-USD"}, {"trade_id": 143722026, "side": "buy", "size": "1682.72179000", "price": "0.72400000", "time": "2025-07-15T14:37:18.372311Z", "fetched_at": "2025-07-15T14:39:33.467619+00:00", "symbol": "ADA-USD"}, {"trade_id": 143722025, "side": "buy", "size": "1.60000000", "price": "0.72400000", "time": "2025-07-15T14:37:18.372311Z", "fetched_at": "2025-07-15T14:39:33.467619+00:00", "symbol": "ADA-USD"}, {"trade_id": 143722024, "side": "buy", "size": "60.91160221", "price": "0.72400000", "time": "2025-07-15T14:37:18.372311Z", "fetched_at": "2025-07-15T14:39:33.467619+00:00", "symbol": "ADA-USD"}, {"trade_id": 143722023, "side": "buy", "size": "10.00000000", "price": "0.72400000", "time": "2025-07-15T14:37:18.372311Z", "fetched_at": "2025-07-15T14:39:33.467619+00:00", "symbol": "ADA-USD"}, {"trade_id": 143722022, "side": "buy", "size": "838.80000000", "price": "0.72410000", "time": "2025-07-15T14:37:18.372311Z", "fetched_at": "2025-07-15T14:39:33.467619+00:00", "symbol": "ADA-USD"}, {"trade_id": 143722021, "side": "buy", "size": "1.60000000", "price": "0.72410000", "time": "2025-07-15T14:37:18.372311Z", "fetched_at": "2025-07-15T14:39:33.467619+00:00", "symbol": "ADA-USD"}, {"trade_id": 143722020, "side": "buy", "size": "109.33218204", "price": "0.72410000", "time": "2025-07-15T14:37:18.372311Z", "fetched_at": "2025-07-15T14:39:33.467619+00:00", "symbol": "ADA-USD"}, {"trade_id": 143722019, "side": "buy", "size": "33.14459328", "price": "0.72410000", "time": "2025-07-15T14:37:18.372311Z", "fetched_at": "2025-07-15T14:39:33.467619+00:00", "symbol": "ADA-USD"}, {"trade_id": 143722018, "side": "sell", "size": "13.80386191", "price": "0.72420000", "time": "2025-07-15T14:37:17.266633Z", "fetched_at": "2025-07-15T14:39:33.467619+00:00", "symbol": "ADA-USD"}, {"trade_id": 143722017, "side": "sell", "size": "690.41701187", "price": "0.72420000", "time": "2025-07-15T14:37:17.256048Z", "fetched_at": "2025-07-15T14:39:33.467619+00:00", "symbol": "ADA-USD"}, {"trade_id": 143722016, "side": "sell", "size": "13.80386191", "price": "0.72420000", "time": "2025-07-15T14:37:17.256048Z", "fetched_at": "2025-07-15T14:39:33.467619+00:00", "symbol": "ADA-USD"}, {"trade_id": 143722015, "side": "sell", "size": "48.75768980", "price": "0.72420000", "time": "2025-07-15T14:37:17.256048Z", "fetched_at": "2025-07-15T14:39:33.467619+00:00", "symbol": "ADA-USD"}, {"trade_id": 143722014, "side": "buy", "size": "197.05588612", "price": "0.72420000", "time": "2025-07-15T14:37:17.110815Z", "fetched_at": "2025-07-15T14:39:33.467619+00:00", "symbol": "ADA-USD"}, {"trade_id": 143722013, "side": "buy", "size": "1.60000000", "price": "0.72420000", "time": "2025-07-15T14:37:17.110815Z", "fetched_at": "2025-07-15T14:39:33.467619+00:00", "symbol": "ADA-USD"}, {"trade_id": 143722012, "side": "buy", "size": "7.85045798", "price": "0.72420000", "time": "2025-07-15T14:37:17.110815Z", "fetched_at": "2025-07-15T14:39:33.467619+00:00", "symbol": "ADA-USD"}, {"trade_id": 143722011, "side": "buy", "size": "1.60000000", "price": "0.72430000", "time": "2025-07-15T14:37:16.680155Z", "fetched_at": "2025-07-15T14:39:33.467619+00:00", "symbol": "ADA-USD"}, {"trade_id": 143722010, "side": "buy", "size": "1.60000000", "price": "0.72440000", "time": "2025-07-15T14:37:16.053514Z", "fetched_at": "2025-07-15T14:39:33.467619+00:00", "symbol": "ADA-USD"}, {"trade_id": 143722009, "side": "buy", "size": "35.16936114", "price": "0.72440000", "time": "2025-07-15T14:37:16.053514Z", "fetched_at": "2025-07-15T14:39:33.467619+00:00", "symbol": "ADA-USD"}, {"trade_id": 143722008, "side": "buy", "size": "67.84260000", "price": "0.72440000", "time": "2025-07-15T14:37:13.559345Z", "fetched_at": "2025-07-15T14:39:33.467619+00:00", "symbol": "ADA-USD"}, {"trade_id": 143722007, "side": "buy", "size": "14.25388330", "price": "0.72440000", "time": "2025-07-15T14:37:13.557604Z", "fetched_at": "2025-07-15T14:39:33.467619+00:00", "symbol": "ADA-USD"}, {"trade_id": 143722006, "side": "buy", "size": "50.00000000", "price": "0.72450000", "time": "2025-07-15T14:37:13.557604Z", "fetched_at": "2025-07-15T14:39:33.467619+00:00", "symbol": "ADA-USD"}, {"trade_id": 143722005, "side": "buy", "size": "1.60000000", "price": "0.72450000", "time": "2025-07-15T14:37:13.557604Z", "fetched_at": "2025-07-15T14:39:33.467619+00:00", "symbol": "ADA-USD"}, {"trade_id": 143722004, "side": "buy", "size": "0.38871670", "price": "0.72450000", "time": "2025-07-15T14:37:13.557604Z", "fetched_at": "2025-07-15T14:39:33.467619+00:00", "symbol": "ADA-USD"}, {"trade_id": 143722003, "side": "buy", "size": "1.60000000", "price": "0.72460000", "time": "2025-07-15T14:37:13.557604Z", "fetched_at": "2025-07-15T14:39:33.467619+00:00", "symbol": "ADA-USD"}, {"trade_id": 143722002, "side": "sell", "size": "13.29728600", "price": "0.72470000", "time": "2025-07-15T14:37:13.284620Z", "fetched_at": "2025-07-15T14:39:33.467619+00:00", "symbol": "ADA-USD"}, {"trade_id": 143722001, "side": "buy", "size": "1.60000000", "price": "0.72470000", "time": "2025-07-15T14:37:13.080282Z", "fetched_at": "2025-07-15T14:39:33.467619+00:00", "symbol": "ADA-USD"}, {"trade_id": 143722000, "side": "buy", "size": "17.42497735", "price": "0.72470000", "time": "2025-07-15T14:37:13.080282Z", "fetched_at": "2025-07-15T14:39:33.467619+00:00", "symbol": "ADA-USD"}, {"trade_id": 143721999, "side": "buy", "size": "0.63528918", "price": "0.72470000", "time": "2025-07-15T14:37:13.080282Z", "fetched_at": "2025-07-15T14:39:33.467619+00:00", "symbol": "ADA-USD"}, {"trade_id": 143721998, "side": "buy", "size": "1.60000000", "price": "0.72480000", "time": "2025-07-15T14:37:12.759091Z", "fetched_at": "2025-07-15T14:39:33.467619+00:00", "symbol": "ADA-USD"}, {"trade_id": 143721997, "side": "buy", "size": "11.44169156", "price": "0.72490000", "time": "2025-07-15T14:37:08.426163Z", "fetched_at": "2025-07-15T14:39:33.467619+00:00", "symbol": "ADA-USD"}, {"trade_id": 143721996, "side": "buy", "size": "0.07020453", "price": "0.72490000", "time": "2025-07-15T14:37:08.426163Z", "fetched_at": "2025-07-15T14:39:33.467619+00:00", "symbol": "ADA-USD"}, {"trade_id": 143721995, "side": "buy", "size": "11.44011339", "price": "0.72500000", "time": "2025-07-15T14:37:08.396698Z", "fetched_at": "2025-07-15T14:39:33.467619+00:00", "symbol": "ADA-USD"}, {"trade_id": 143721994, "side": "buy", "size": "11.44011339", "price": "0.72500000", "time": "2025-07-15T14:37:08.379847Z", "fetched_at": "2025-07-15T14:39:33.467619+00:00", "symbol": "ADA-USD"}, {"trade_id": 143721993, "side": "buy", "size": "2.06696982", "price": "0.72500000", "time": "2025-07-15T14:37:08.379847Z", "fetched_at": "2025-07-15T14:39:33.467619+00:00", "symbol": "ADA-USD"}, {"trade_id": 143721992, "side": "buy", "size": "36527.25589123", "price": "0.72500000", "time": "2025-07-15T14:37:08.379847Z", "fetched_at": "2025-07-15T14:39:33.467619+00:00", "symbol": "ADA-USD"}, {"trade_id": 143721991, "side": "buy", "size": "53.32071000", "price": "0.72510000", "time": "2025-07-15T14:37:08.023686Z", "fetched_at": "2025-07-15T14:39:33.467619+00:00", "symbol": "ADA-USD"}, {"trade_id": 143721990, "side": "buy", "size": "872.13810446", "price": "0.72510000", "time": "2025-07-15T14:37:07.498563Z", "fetched_at": "2025-07-15T14:39:33.467619+00:00", "symbol": "ADA-USD"}, {"trade_id": 143721989, "side": "buy", "size": "94.79237889", "price": "0.72510000", "time": "2025-07-15T14:37:07.498563Z", "fetched_at": "2025-07-15T14:39:33.467619+00:00", "symbol": "ADA-USD"}, {"trade_id": 143721988, "side": "buy", "size": "567.00000000", "price": "0.72510000", "time": "2025-07-15T14:37:07.498563Z", "fetched_at": "2025-07-15T14:39:33.467619+00:00", "symbol": "ADA-USD"}, {"trade_id": 143721987, "side": "buy", "size": "71.09428417", "price": "0.72520000", "time": "2025-07-15T14:37:07.498563Z", "fetched_at": "2025-07-15T14:39:33.467619+00:00", "symbol": "ADA-USD"}, {"trade_id": 143721986, "side": "sell", "size": "2.59357049", "price": "0.72510000", "time": "2025-07-15T14:37:07.286629Z", "fetched_at": "2025-07-15T14:39:33.467619+00:00", "symbol": "ADA-USD"}, {"trade_id": 143721985, "side": "buy", "size": "67.84260000", "price": "0.72500000", "time": "2025-07-15T14:37:06.395069Z", "fetched_at": "2025-07-15T14:39:33.467619+00:00", "symbol": "ADA-USD"}, {"trade_id": 143721984, "side": "buy", "size": "512.00000000", "price": "0.72500000", "time": "2025-07-15T14:37:04.633985Z", "fetched_at": "2025-07-15T14:39:33.467619+00:00", "symbol": "ADA-USD"}, {"trade_id": 143721983, "side": "buy", "size": "67.84260000", "price": "0.72500000", "time": "2025-07-15T14:37:04.556483Z", "fetched_at": "2025-07-15T14:39:33.467619+00:00", "symbol": "ADA-USD"}, {"trade_id": 143721982, "side": "buy", "size": "15.51254800", "price": "0.72500000", "time": "2025-07-15T14:37:04.539298Z", "fetched_at": "2025-07-15T14:39:33.467619+00:00", "symbol": "ADA-USD"}, {"trade_id": 143721981, "side": "sell", "size": "689.55990737", "price": "0.72510000", "time": "2025-07-15T14:37:03.021976Z", "fetched_at": "2025-07-15T14:39:33.467619+00:00", "symbol": "ADA-USD"}, {"trade_id": 143721980, "side": "sell", "size": "3.40409263", "price": "0.72510000", "time": "2025-07-15T14:37:03.021976Z", "fetched_at": "2025-07-15T14:39:33.467619+00:00", "symbol": "ADA-USD"}, {"trade_id": 143721979, "side": "buy", "size": "67.84260000", "price": "0.72500000", "time": "2025-07-15T14:37:02.468196Z", "fetched_at": "2025-07-15T14:39:33.467619+00:00", "symbol": "ADA-USD"}, {"trade_id": 143721978, "side": "sell", "size": "69.74998909", "price": "0.72520000", "time": "2025-07-15T14:37:02.336942Z", "fetched_at": "2025-07-15T14:39:33.467619+00:00", "symbol": "ADA-USD"}, {"trade_id": 143721977, "side": "sell", "size": "10.57925691", "price": "0.72510000", "time": "2025-07-15T14:37:02.336942Z", "fetched_at": "2025-07-15T14:39:33.467619+00:00", "symbol": "ADA-USD"}, {"trade_id": 143721976, "side": "buy", "size": "67.84260000", "price": "0.72500000", "time": "2025-07-15T14:37:01.444436Z", "fetched_at": "2025-07-15T14:39:33.467619+00:00", "symbol": "ADA-USD"}, {"trade_id": 143721975, "side": "sell", "size": "13.79239183", "price": "0.72500000", "time": "2025-07-15T14:37:01.379548Z", "fetched_at": "2025-07-15T14:39:33.467619+00:00", "symbol": "ADA-USD"}, {"trade_id": 143721974, "side": "sell", "size": "6.94349480", "price": "0.72500000", "time": "2025-07-15T14:37:01.358255Z", "fetched_at": "2025-07-15T14:39:33.467619+00:00", "symbol": "ADA-USD"}, {"trade_id": 143721973, "side": "sell", "size": "13.79239183", "price": "0.72500000", "time": "2025-07-15T14:37:01.358255Z", "fetched_at": "2025-07-15T14:39:33.467619+00:00", "symbol": "ADA-USD"}, {"trade_id": 143721972, "side": "sell", "size": "13.79239183", "price": "0.72500000", "time": "2025-07-15T14:37:01.289180Z", "fetched_at": "2025-07-15T14:39:33.467619+00:00", "symbol": "ADA-USD"}, {"trade_id": 143721971, "side": "sell", "size": "9.25799306", "price": "0.72500000", "time": "2025-07-15T14:37:01.289180Z", "fetched_at": "2025-07-15T14:39:33.467619+00:00", "symbol": "ADA-USD"}, {"trade_id": 143721970, "side": "sell", "size": "659.36497282", "price": "0.72500000", "time": "2025-07-15T14:37:01.269927Z", "fetched_at": "2025-07-15T14:39:33.467619+00:00", "symbol": "ADA-USD"}, {"trade_id": 143721969, "side": "sell", "size": "13.79239183", "price": "0.72490000", "time": "2025-07-15T14:37:01.269927Z", "fetched_at": "2025-07-15T14:39:33.467619+00:00", "symbol": "ADA-USD"}, {"trade_id": 143721968, "side": "sell", "size": "12.34399075", "price": "0.72500000", "time": "2025-07-15T14:37:01.252262Z", "fetched_at": "2025-07-15T14:39:33.467619+00:00", "symbol": "ADA-USD"}, {"trade_id": 143721967, "side": "sell", "size": "13.79239183", "price": "0.72490000", "time": "2025-07-15T14:37:01.252262Z", "fetched_at": "2025-07-15T14:39:33.467619+00:00", "symbol": "ADA-USD"}, {"trade_id": 143721966, "side": "sell", "size": "635.96485616", "price": "0.72500000", "time": "2025-07-15T14:37:01.202674Z", "fetched_at": "2025-07-15T14:39:33.467619+00:00", "symbol": "ADA-USD"}