[{"trade_id": 143737362, "side": "sell", "size": "1004.98881223", "price": "0.72580000", "time": "2025-07-15T16:20:16.805563Z", "fetched_at": "2025-07-15T16:20:18.932050+00:00", "symbol": "ADA-USD"}, {"trade_id": 143737361, "side": "sell", "size": "539.98330950", "price": "0.72580000", "time": "2025-07-15T16:20:16.805421Z", "fetched_at": "2025-07-15T16:20:18.932050+00:00", "symbol": "ADA-USD"}, {"trade_id": 143737360, "side": "sell", "size": "1.60000000", "price": "0.72580000", "time": "2025-07-15T16:20:16.805421Z", "fetched_at": "2025-07-15T16:20:18.932050+00:00", "symbol": "ADA-USD"}, {"trade_id": 143737359, "side": "sell", "size": "1.60000000", "price": "0.72570000", "time": "2025-07-15T16:20:16.397782Z", "fetched_at": "2025-07-15T16:20:18.932050+00:00", "symbol": "ADA-USD"}, {"trade_id": 143737358, "side": "sell", "size": "0.41353653", "price": "0.72560000", "time": "2025-07-15T16:20:13.920198Z", "fetched_at": "2025-07-15T16:20:18.932050+00:00", "symbol": "ADA-USD"}, {"trade_id": 143737357, "side": "sell", "size": "1.60000000", "price": "0.72560000", "time": "2025-07-15T16:20:13.920198Z", "fetched_at": "2025-07-15T16:20:18.932050+00:00", "symbol": "ADA-USD"}, {"trade_id": 143737356, "side": "sell", "size": "2.42912854", "price": "0.72550000", "time": "2025-07-15T16:20:10.158181Z", "fetched_at": "2025-07-15T16:20:18.932050+00:00", "symbol": "ADA-USD"}, {"trade_id": 143737355, "side": "sell", "size": "1.45566502", "price": "0.72550000", "time": "2025-07-15T16:20:10.158181Z", "fetched_at": "2025-07-15T16:20:18.932050+00:00", "symbol": "ADA-USD"}, {"trade_id": 143737354, "side": "sell", "size": "1.60000000", "price": "0.72550000", "time": "2025-07-15T16:20:10.158181Z", "fetched_at": "2025-07-15T16:20:18.932050+00:00", "symbol": "ADA-USD"}, {"trade_id": 143737353, "side": "buy", "size": "204.42700900", "price": "0.72540000", "time": "2025-07-15T16:20:10.102158Z", "fetched_at": "2025-07-15T16:20:18.932050+00:00", "symbol": "ADA-USD"}, {"trade_id": 143737352, "side": "sell", "size": "81.97959829", "price": "0.72540000", "time": "2025-07-15T16:20:08.870733Z", "fetched_at": "2025-07-15T16:20:18.932050+00:00", "symbol": "ADA-USD"}, {"trade_id": 143737351, "side": "sell", "size": "72.54478000", "price": "0.72540000", "time": "2025-07-15T16:20:08.868074Z", "fetched_at": "2025-07-15T16:20:18.932050+00:00", "symbol": "ADA-USD"}, {"trade_id": 143737350, "side": "sell", "size": "1.45582412", "price": "0.72540000", "time": "2025-07-15T16:20:08.010091Z", "fetched_at": "2025-07-15T16:20:18.932050+00:00", "symbol": "ADA-USD"}, {"trade_id": 143737349, "side": "sell", "size": "1.60000000", "price": "0.72540000", "time": "2025-07-15T16:20:08.010091Z", "fetched_at": "2025-07-15T16:20:18.932050+00:00", "symbol": "ADA-USD"}, {"trade_id": 143737348, "side": "buy", "size": "21.90261503", "price": "0.72530000", "time": "2025-07-15T16:20:01.398394Z", "fetched_at": "2025-07-15T16:20:18.932050+00:00", "symbol": "ADA-USD"}, {"trade_id": 143737347, "side": "buy", "size": "26.71634155", "price": "0.72530000", "time": "2025-07-15T16:20:01.398394Z", "fetched_at": "2025-07-15T16:20:18.932050+00:00", "symbol": "ADA-USD"}, {"trade_id": 143737346, "side": "buy", "size": "721.21789898", "price": "0.72530000", "time": "2025-07-15T16:20:01.398394Z", "fetched_at": "2025-07-15T16:20:18.932050+00:00", "symbol": "ADA-USD"}, {"trade_id": 143737345, "side": "sell", "size": "5.50247270", "price": "0.72530000", "time": "2025-07-15T16:19:59.990980Z", "fetched_at": "2025-07-15T16:20:18.932050+00:00", "symbol": "ADA-USD"}, {"trade_id": 143737344, "side": "sell", "size": "51.00306000", "price": "0.72530000", "time": "2025-07-15T16:19:59.984530Z", "fetched_at": "2025-07-15T16:20:18.932050+00:00", "symbol": "ADA-USD"}, {"trade_id": 143737343, "side": "sell", "size": "122.76153028", "price": "0.72530000", "time": "2025-07-15T16:19:59.981452Z", "fetched_at": "2025-07-15T16:20:18.932050+00:00", "symbol": "ADA-USD"}, {"trade_id": 143737342, "side": "sell", "size": "0.92093972", "price": "0.72530000", "time": "2025-07-15T16:19:59.981452Z", "fetched_at": "2025-07-15T16:20:18.932050+00:00", "symbol": "ADA-USD"}, {"trade_id": 143737341, "side": "sell", "size": "1.60000000", "price": "0.72530000", "time": "2025-07-15T16:19:59.981452Z", "fetched_at": "2025-07-15T16:20:18.932050+00:00", "symbol": "ADA-USD"}, {"trade_id": 143737340, "side": "sell", "size": "5.00000000", "price": "0.72520000", "time": "2025-07-15T16:19:51.745816Z", "fetched_at": "2025-07-15T16:20:18.932050+00:00", "symbol": "ADA-USD"}, {"trade_id": 143737339, "side": "buy", "size": "103.65250796", "price": "0.72510000", "time": "2025-07-15T16:19:48.922269Z", "fetched_at": "2025-07-15T16:20:18.932050+00:00", "symbol": "ADA-USD"}, {"trade_id": 143737338, "side": "buy", "size": "31.96065904", "price": "0.72510000", "time": "2025-07-15T16:19:48.922269Z", "fetched_at": "2025-07-15T16:20:18.932050+00:00", "symbol": "ADA-USD"}, {"trade_id": 143737337, "side": "buy", "size": "400.45747941", "price": "0.72500000", "time": "2025-07-15T16:19:45.550754Z", "fetched_at": "2025-07-15T16:20:18.932050+00:00", "symbol": "ADA-USD"}, {"trade_id": 143737336, "side": "buy", "size": "567.00000000", "price": "0.72510000", "time": "2025-07-15T16:19:45.550754Z", "fetched_at": "2025-07-15T16:20:18.932050+00:00", "symbol": "ADA-USD"}, {"trade_id": 143737335, "side": "buy", "size": "78.83605388", "price": "0.72510000", "time": "2025-07-15T16:19:45.550754Z", "fetched_at": "2025-07-15T16:20:18.932050+00:00", "symbol": "ADA-USD"}, {"trade_id": 143737334, "side": "buy", "size": "35.02791671", "price": "0.72510000", "time": "2025-07-15T16:19:45.550754Z", "fetched_at": "2025-07-15T16:20:18.932050+00:00", "symbol": "ADA-USD"}, {"trade_id": 143737333, "side": "sell", "size": "11.64546802", "price": "0.72510000", "time": "2025-07-15T16:19:43.959707Z", "fetched_at": "2025-07-15T16:20:18.932050+00:00", "symbol": "ADA-USD"}, {"trade_id": 143737332, "side": "sell", "size": "44.24741300", "price": "0.72510000", "time": "2025-07-15T16:19:42.644308Z", "fetched_at": "2025-07-15T16:20:18.932050+00:00", "symbol": "ADA-USD"}, {"trade_id": 143737331, "side": "buy", "size": "203.53312700", "price": "0.72500000", "time": "2025-07-15T16:19:42.382178Z", "fetched_at": "2025-07-15T16:20:18.932050+00:00", "symbol": "ADA-USD"}, {"trade_id": 143737330, "side": "buy", "size": "1.60000000", "price": "0.72500000", "time": "2025-07-15T16:19:42.382178Z", "fetched_at": "2025-07-15T16:20:18.932050+00:00", "symbol": "ADA-USD"}, {"trade_id": 143737329, "side": "sell", "size": "113.99796009", "price": "0.72520000", "time": "2025-07-15T16:19:40.514890Z", "fetched_at": "2025-07-15T16:20:18.932050+00:00", "symbol": "ADA-USD"}, {"trade_id": 143737328, "side": "sell", "size": "51.00306000", "price": "0.72520000", "time": "2025-07-15T16:19:40.514890Z", "fetched_at": "2025-07-15T16:20:18.932050+00:00", "symbol": "ADA-USD"}, {"trade_id": 143737327, "side": "sell", "size": "103.05632591", "price": "0.72520000", "time": "2025-07-15T16:19:40.514890Z", "fetched_at": "2025-07-15T16:20:18.932050+00:00", "symbol": "ADA-USD"}, {"trade_id": 143737326, "side": "sell", "size": "12.06271000", "price": "0.72520000", "time": "2025-07-15T16:19:37.198108Z", "fetched_at": "2025-07-15T16:20:18.932050+00:00", "symbol": "ADA-USD"}, {"trade_id": 143737325, "side": "sell", "size": "1.60000000", "price": "0.72520000", "time": "2025-07-15T16:19:37.198108Z", "fetched_at": "2025-07-15T16:20:18.932050+00:00", "symbol": "ADA-USD"}, {"trade_id": 143737324, "side": "sell", "size": "1.60000000", "price": "0.72510000", "time": "2025-07-15T16:19:35.835712Z", "fetched_at": "2025-07-15T16:20:18.932050+00:00", "symbol": "ADA-USD"}, {"trade_id": 143737323, "side": "sell", "size": "1350.97603182", "price": "0.72510000", "time": "2025-07-15T16:19:35.835712Z", "fetched_at": "2025-07-15T16:20:18.932050+00:00", "symbol": "ADA-USD"}, {"trade_id": 143737322, "side": "sell", "size": "51.00306000", "price": "0.72510000", "time": "2025-07-15T16:19:35.835508Z", "fetched_at": "2025-07-15T16:20:18.932050+00:00", "symbol": "ADA-USD"}, {"trade_id": 143737321, "side": "sell", "size": "204.22678000", "price": "0.72510000", "time": "2025-07-15T16:19:35.833683Z", "fetched_at": "2025-07-15T16:20:18.932050+00:00", "symbol": "ADA-USD"}, {"trade_id": 143737320, "side": "sell", "size": "2767.96477641", "price": "0.72510000", "time": "2025-07-15T16:19:35.831296Z", "fetched_at": "2025-07-15T16:20:18.932050+00:00", "symbol": "ADA-USD"}, {"trade_id": 143737319, "side": "sell", "size": "51.00306000", "price": "0.72510000", "time": "2025-07-15T16:19:35.830919Z", "fetched_at": "2025-07-15T16:20:18.932050+00:00", "symbol": "ADA-USD"}, {"trade_id": 143737318, "side": "sell", "size": "2000.00000000", "price": "0.72510000", "time": "2025-07-15T16:19:35.830174Z", "fetched_at": "2025-07-15T16:20:18.932050+00:00", "symbol": "ADA-USD"}, {"trade_id": 143737317, "side": "sell", "size": "1500.00000000", "price": "0.72510000", "time": "2025-07-15T16:19:35.830091Z", "fetched_at": "2025-07-15T16:20:18.932050+00:00", "symbol": "ADA-USD"}, {"trade_id": 143737316, "side": "sell", "size": "500.00000000", "price": "0.72510000", "time": "2025-07-15T16:19:35.827611Z", "fetched_at": "2025-07-15T16:20:18.932050+00:00", "symbol": "ADA-USD"}, {"trade_id": 143737315, "side": "sell", "size": "167.15764000", "price": "0.72510000", "time": "2025-07-15T16:19:35.827585Z", "fetched_at": "2025-07-15T16:20:18.932050+00:00", "symbol": "ADA-USD"}, {"trade_id": 143737314, "side": "sell", "size": "1286.51677600", "price": "0.72510000", "time": "2025-07-15T16:19:35.827561Z", "fetched_at": "2025-07-15T16:20:18.932050+00:00", "symbol": "ADA-USD"}, {"trade_id": 143737313, "side": "sell", "size": "2669.30351484", "price": "0.72510000", "time": "2025-07-15T16:19:35.823074Z", "fetched_at": "2025-07-15T16:20:18.932050+00:00", "symbol": "ADA-USD"}, {"trade_id": 143737312, "side": "sell", "size": "601.20586000", "price": "0.72510000", "time": "2025-07-15T16:19:35.820602Z", "fetched_at": "2025-07-15T16:20:18.932050+00:00", "symbol": "ADA-USD"}, {"trade_id": 143737311, "side": "sell", "size": "1067.72140593", "price": "0.72510000", "time": "2025-07-15T16:19:35.820080Z", "fetched_at": "2025-07-15T16:20:18.932050+00:00", "symbol": "ADA-USD"}, {"trade_id": 143737310, "side": "sell", "size": "621.37885100", "price": "0.72510000", "time": "2025-07-15T16:19:35.818623Z", "fetched_at": "2025-07-15T16:20:18.932050+00:00", "symbol": "ADA-USD"}, {"trade_id": 143737309, "side": "sell", "size": "516.35707336", "price": "0.72510000", "time": "2025-07-15T16:19:35.802815Z", "fetched_at": "2025-07-15T16:20:18.932050+00:00", "symbol": "ADA-USD"}, {"trade_id": 143737308, "side": "sell", "size": "2012.85121397", "price": "0.72510000", "time": "2025-07-15T16:19:35.707900Z", "fetched_at": "2025-07-15T16:20:18.932050+00:00", "symbol": "ADA-USD"}, {"trade_id": 143737307, "side": "sell", "size": "1295.26859081", "price": "0.72510000", "time": "2025-07-15T16:19:35.698448Z", "fetched_at": "2025-07-15T16:20:18.932050+00:00", "symbol": "ADA-USD"}, {"trade_id": 143737306, "side": "sell", "size": "1848.86760751", "price": "0.72510000", "time": "2025-07-15T16:19:35.698146Z", "fetched_at": "2025-07-15T16:20:18.932050+00:00", "symbol": "ADA-USD"}, {"trade_id": 143737305, "side": "sell", "size": "1.60000000", "price": "0.72500000", "time": "2025-07-15T16:19:35.435325Z", "fetched_at": "2025-07-15T16:20:18.932050+00:00", "symbol": "ADA-USD"}, {"trade_id": 143737304, "side": "buy", "size": "0.66550700", "price": "0.72490000", "time": "2025-07-15T16:19:33.192909Z", "fetched_at": "2025-07-15T16:20:18.932050+00:00", "symbol": "ADA-USD"}, {"trade_id": 143737303, "side": "sell", "size": "849.58625000", "price": "0.72460000", "time": "2025-07-15T16:19:30.488273Z", "fetched_at": "2025-07-15T16:20:18.932050+00:00", "symbol": "ADA-USD"}, {"trade_id": 143737302, "side": "buy", "size": "143.61394593", "price": "0.72450000", "time": "2025-07-15T16:19:28.085754Z", "fetched_at": "2025-07-15T16:20:18.932050+00:00", "symbol": "ADA-USD"}, {"trade_id": 143737301, "side": "buy", "size": "1.60000000", "price": "0.72450000", "time": "2025-07-15T16:19:28.085754Z", "fetched_at": "2025-07-15T16:20:18.932050+00:00", "symbol": "ADA-USD"}, {"trade_id": 143737300, "side": "buy", "size": "19.26938207", "price": "0.72460000", "time": "2025-07-15T16:19:28.085754Z", "fetched_at": "2025-07-15T16:20:18.932050+00:00", "symbol": "ADA-USD"}, {"trade_id": 143737299, "side": "buy", "size": "1.60000000", "price": "0.72460000", "time": "2025-07-15T16:19:28.085754Z", "fetched_at": "2025-07-15T16:20:18.932050+00:00", "symbol": "ADA-USD"}, {"trade_id": 143737298, "side": "buy", "size": "27.01306245", "price": "0.72470000", "time": "2025-07-15T16:19:27.262152Z", "fetched_at": "2025-07-15T16:20:18.932050+00:00", "symbol": "ADA-USD"}, {"trade_id": 143737297, "side": "buy", "size": "1.49677100", "price": "0.72480000", "time": "2025-07-15T16:19:27.262152Z", "fetched_at": "2025-07-15T16:20:18.932050+00:00", "symbol": "ADA-USD"}, {"trade_id": 143737296, "side": "buy", "size": "0.10322900", "price": "0.72480000", "time": "2025-07-15T16:19:25.442376Z", "fetched_at": "2025-07-15T16:20:18.932050+00:00", "symbol": "ADA-USD"}, {"trade_id": 143737295, "side": "buy", "size": "111.06927398", "price": "0.72490000", "time": "2025-07-15T16:19:24.781972Z", "fetched_at": "2025-07-15T16:20:18.932050+00:00", "symbol": "ADA-USD"}, {"trade_id": 143737294, "side": "buy", "size": "1.60000000", "price": "0.72490000", "time": "2025-07-15T16:19:24.781972Z", "fetched_at": "2025-07-15T16:20:18.932050+00:00", "symbol": "ADA-USD"}, {"trade_id": 143737293, "side": "buy", "size": "2.27617602", "price": "0.72490000", "time": "2025-07-15T16:19:24.781972Z", "fetched_at": "2025-07-15T16:20:18.932050+00:00", "symbol": "ADA-USD"}, {"trade_id": 143737292, "side": "buy", "size": "179.27990194", "price": "0.72510000", "time": "2025-07-15T16:19:23.768568Z", "fetched_at": "2025-07-15T16:20:18.932050+00:00", "symbol": "ADA-USD"}, {"trade_id": 143737291, "side": "sell", "size": "148.45326891", "price": "0.72510000", "time": "2025-07-15T16:19:22.749980Z", "fetched_at": "2025-07-15T16:20:18.932050+00:00", "symbol": "ADA-USD"}, {"trade_id": 143737290, "side": "sell", "size": "2145.03552871", "price": "0.72500000", "time": "2025-07-15T16:19:22.708141Z", "fetched_at": "2025-07-15T16:20:18.932050+00:00", "symbol": "ADA-USD"}, {"trade_id": 143737289, "side": "sell", "size": "714.47122187", "price": "0.72500000", "time": "2025-07-15T16:19:22.705951Z", "fetched_at": "2025-07-15T16:20:18.932050+00:00", "symbol": "ADA-USD"}, {"trade_id": 143737288, "side": "sell", "size": "1016.27372075", "price": "0.72500000", "time": "2025-07-15T16:19:22.686506Z", "fetched_at": "2025-07-15T16:20:18.932050+00:00", "symbol": "ADA-USD"}, {"trade_id": 143737287, "side": "sell", "size": "363.39484560", "price": "0.72500000", "time": "2025-07-15T16:19:22.684679Z", "fetched_at": "2025-07-15T16:20:18.932050+00:00", "symbol": "ADA-USD"}, {"trade_id": 143737286, "side": "sell", "size": "585.12729377", "price": "0.72500000", "time": "2025-07-15T16:19:22.684307Z", "fetched_at": "2025-07-15T16:20:18.932050+00:00", "symbol": "ADA-USD"}, {"trade_id": 143737285, "side": "sell", "size": "310.49738930", "price": "0.72500000", "time": "2025-07-15T16:19:22.683594Z", "fetched_at": "2025-07-15T16:20:18.932050+00:00", "symbol": "ADA-USD"}, {"trade_id": 143737284, "side": "sell", "size": "179.24392933", "price": "0.72500000", "time": "2025-07-15T16:19:22.683594Z", "fetched_at": "2025-07-15T16:20:18.932050+00:00", "symbol": "ADA-USD"}, {"trade_id": 143737283, "side": "sell", "size": "39.95286310", "price": "0.72500000", "time": "2025-07-15T16:19:22.683594Z", "fetched_at": "2025-07-15T16:20:18.932050+00:00", "symbol": "ADA-USD"}, {"trade_id": 143737282, "side": "buy", "size": "1.60000000", "price": "0.72500000", "time": "2025-07-15T16:19:21.711292Z", "fetched_at": "2025-07-15T16:20:18.932050+00:00", "symbol": "ADA-USD"}, {"trade_id": 143737281, "side": "buy", "size": "6.87742907", "price": "0.72500000", "time": "2025-07-15T16:19:17.189810Z", "fetched_at": "2025-07-15T16:20:18.932050+00:00", "symbol": "ADA-USD"}, {"trade_id": 143737280, "side": "buy", "size": "42.77757093", "price": "0.72500000", "time": "2025-07-15T16:19:17.189810Z", "fetched_at": "2025-07-15T16:20:18.932050+00:00", "symbol": "ADA-USD"}, {"trade_id": 143737279, "side": "buy", "size": "1.60000000", "price": "0.72510000", "time": "2025-07-15T16:19:17.189679Z", "fetched_at": "2025-07-15T16:20:18.932050+00:00", "symbol": "ADA-USD"}, {"trade_id": 143737278, "side": "buy", "size": "1680.40179000", "price": "0.72520000", "time": "2025-07-15T16:19:17.188330Z", "fetched_at": "2025-07-15T16:20:18.932050+00:00", "symbol": "ADA-USD"}, {"trade_id": 143737277, "side": "buy", "size": "1378.92995035", "price": "0.72520000", "time": "2025-07-15T16:19:17.188330Z", "fetched_at": "2025-07-15T16:20:18.932050+00:00", "symbol": "ADA-USD"}, {"trade_id": 143737276, "side": "buy", "size": "500.00000000", "price": "0.72520000", "time": "2025-07-15T16:19:17.188330Z", "fetched_at": "2025-07-15T16:20:18.932050+00:00", "symbol": "ADA-USD"}, {"trade_id": 143737275, "side": "buy", "size": "32.31912576", "price": "0.72520000", "time": "2025-07-15T16:19:17.188330Z", "fetched_at": "2025-07-15T16:20:18.932050+00:00", "symbol": "ADA-USD"}, {"trade_id": 143737274, "side": "buy", "size": "104.39770946", "price": "0.72530000", "time": "2025-07-15T16:19:17.188330Z", "fetched_at": "2025-07-15T16:20:18.932050+00:00", "symbol": "ADA-USD"}, {"trade_id": 143737273, "side": "buy", "size": "731.20139910", "price": "0.72520000", "time": "2025-07-15T16:19:14.951321Z", "fetched_at": "2025-07-15T16:20:18.932050+00:00", "symbol": "ADA-USD"}, {"trade_id": 143737272, "side": "buy", "size": "567.00000000", "price": "0.72520000", "time": "2025-07-15T16:19:14.951321Z", "fetched_at": "2025-07-15T16:20:18.932050+00:00", "symbol": "ADA-USD"}, {"trade_id": 143737271, "side": "buy", "size": "51.00306000", "price": "0.72530000", "time": "2025-07-15T16:19:14.951321Z", "fetched_at": "2025-07-15T16:20:18.932050+00:00", "symbol": "ADA-USD"}, {"trade_id": 143737270, "side": "buy", "size": "179.23046587", "price": "0.72530000", "time": "2025-07-15T16:19:14.951321Z", "fetched_at": "2025-07-15T16:20:18.932050+00:00", "symbol": "ADA-USD"}, {"trade_id": 143737269, "side": "buy", "size": "194.36637503", "price": "0.72530000", "time": "2025-07-15T16:19:14.951321Z", "fetched_at": "2025-07-15T16:20:18.932050+00:00", "symbol": "ADA-USD"}, {"trade_id": 143737268, "side": "buy", "size": "67.84260000", "price": "0.72530000", "time": "2025-07-15T16:19:11.677624Z", "fetched_at": "2025-07-15T16:20:18.932050+00:00", "symbol": "ADA-USD"}, {"trade_id": 143737267, "side": "sell", "size": "28.60853592", "price": "0.72540000", "time": "2025-07-15T16:19:09.043993Z", "fetched_at": "2025-07-15T16:20:18.932050+00:00", "symbol": "ADA-USD"}, {"trade_id": 143737266, "side": "sell", "size": "567.00000000", "price": "0.72540000", "time": "2025-07-15T16:19:09.043993Z", "fetched_at": "2025-07-15T16:20:18.932050+00:00", "symbol": "ADA-USD"}, {"trade_id": 143737265, "side": "sell", "size": "744.78318808", "price": "0.72530000", "time": "2025-07-15T16:19:09.043993Z", "fetched_at": "2025-07-15T16:20:18.932050+00:00", "symbol": "ADA-USD"}, {"trade_id": 143737264, "side": "sell", "size": "1.60000000", "price": "0.72520000", "time": "2025-07-15T16:19:07.451259Z", "fetched_at": "2025-07-15T16:20:18.932050+00:00", "symbol": "ADA-USD"}, {"trade_id": 143737263, "side": "sell", "size": "179.31723919", "price": "0.72510000", "time": "2025-07-15T16:19:06.795333Z", "fetched_at": "2025-07-15T16:20:18.932050+00:00", "symbol": "ADA-USD"}, {"trade_id": 143737262, "side": "sell", "size": "1.60000000", "price": "0.72510000", "time": "2025-07-15T16:19:06.795333Z", "fetched_at": "2025-07-15T16:20:18.932050+00:00", "symbol": "ADA-USD"}, {"trade_id": 143737261, "side": "sell", "size": "179.34148033", "price": "0.72500000", "time": "2025-07-15T16:19:06.651625Z", "fetched_at": "2025-07-15T16:20:18.932050+00:00", "symbol": "ADA-USD"}, {"trade_id": 143737260, "side": "sell", "size": "1301.01514202", "price": "0.72500000", "time": "2025-07-15T16:19:06.651625Z", "fetched_at": "2025-07-15T16:20:18.932050+00:00", "symbol": "ADA-USD"}, {"trade_id": 143737259, "side": "sell", "size": "1514.27279729", "price": "0.72500000", "time": "2025-07-15T16:19:06.651375Z", "fetched_at": "2025-07-15T16:20:18.932050+00:00", "symbol": "ADA-USD"}, {"trade_id": 143737258, "side": "sell", "size": "819.17821127", "price": "0.72500000", "time": "2025-07-15T16:19:06.651179Z", "fetched_at": "2025-07-15T16:20:18.932050+00:00", "symbol": "ADA-USD"}, {"trade_id": 143737257, "side": "sell", "size": "1541.30914002", "price": "0.72500000", "time": "2025-07-15T16:19:06.649841Z", "fetched_at": "2025-07-15T16:20:18.932050+00:00", "symbol": "ADA-USD"}, {"trade_id": 143737256, "side": "sell", "size": "1720.10898090", "price": "0.72500000", "time": "2025-07-15T16:19:06.649578Z", "fetched_at": "2025-07-15T16:20:18.932050+00:00", "symbol": "ADA-USD"}, {"trade_id": 143737255, "side": "sell", "size": "17.33197723", "price": "0.72480000", "time": "2025-07-15T16:19:03.248102Z", "fetched_at": "2025-07-15T16:20:18.932050+00:00", "symbol": "ADA-USD"}, {"trade_id": 143737254, "side": "buy", "size": "690.02145604", "price": "0.72460000", "time": "2025-07-15T16:19:03.189024Z", "fetched_at": "2025-07-15T16:20:18.932050+00:00", "symbol": "ADA-USD"}, {"trade_id": 143737253, "side": "buy", "size": "567.00000000", "price": "0.72460000", "time": "2025-07-15T16:19:03.189024Z", "fetched_at": "2025-07-15T16:20:18.932050+00:00", "symbol": "ADA-USD"}, {"trade_id": 143737252, "side": "buy", "size": "1.60000000", "price": "0.72460000", "time": "2025-07-15T16:19:03.189024Z", "fetched_at": "2025-07-15T16:20:18.932050+00:00", "symbol": "ADA-USD"}, {"trade_id": 143737251, "side": "buy", "size": "445.55752606", "price": "0.72470000", "time": "2025-07-15T16:19:03.189024Z", "fetched_at": "2025-07-15T16:20:18.932050+00:00", "symbol": "ADA-USD"}, {"trade_id": 143737250, "side": "buy", "size": "67.84260000", "price": "0.72470000", "time": "2025-07-15T16:19:03.188503Z", "fetched_at": "2025-07-15T16:20:18.932050+00:00", "symbol": "ADA-USD"}, {"trade_id": 143737249, "side": "buy", "size": "53.59987394", "price": "0.72470000", "time": "2025-07-15T16:19:03.188294Z", "fetched_at": "2025-07-15T16:20:18.932050+00:00", "symbol": "ADA-USD"}, {"trade_id": 143737248, "side": "buy", "size": "1.60000000", "price": "0.72470000", "time": "2025-07-15T16:19:03.188294Z", "fetched_at": "2025-07-15T16:20:18.932050+00:00", "symbol": "ADA-USD"}, {"trade_id": 143737247, "side": "buy", "size": "0.63592639", "price": "0.72470000", "time": "2025-07-15T16:19:03.188294Z", "fetched_at": "2025-07-15T16:20:18.932050+00:00", "symbol": "ADA-USD"}, {"trade_id": 143737246, "side": "buy", "size": "12.00679967", "price": "0.72480000", "time": "2025-07-15T16:19:03.188294Z", "fetched_at": "2025-07-15T16:20:18.932050+00:00", "symbol": "ADA-USD"}, {"trade_id": 143737245, "side": "sell", "size": "2.09462068", "price": "0.72500000", "time": "2025-07-15T16:19:02.011942Z", "fetched_at": "2025-07-15T16:20:18.932050+00:00", "symbol": "ADA-USD"}, {"trade_id": 143737244, "side": "buy", "size": "16.55335831", "price": "0.72490000", "time": "2025-07-15T16:19:01.122138Z", "fetched_at": "2025-07-15T16:20:18.932050+00:00", "symbol": "ADA-USD"}, {"trade_id": 143737243, "side": "sell", "size": "29.23505930", "price": "0.72490000", "time": "2025-07-15T16:19:00.458034Z", "fetched_at": "2025-07-15T16:20:18.932050+00:00", "symbol": "ADA-USD"}, {"trade_id": 143737242, "side": "sell", "size": "23.00509470", "price": "0.72490000", "time": "2025-07-15T16:19:00.458034Z", "fetched_at": "2025-07-15T16:20:18.932050+00:00", "symbol": "ADA-USD"}, {"trade_id": 143737241, "side": "buy", "size": "809.97564416", "price": "0.72500000", "time": "2025-07-15T16:19:00.020084Z", "fetched_at": "2025-07-15T16:20:18.932050+00:00", "symbol": "ADA-USD"}, {"trade_id": 143737240, "side": "sell", "size": "179.29177161", "price": "0.72490000", "time": "2025-07-15T16:18:59.699919Z", "fetched_at": "2025-07-15T16:20:18.932050+00:00", "symbol": "ADA-USD"}, {"trade_id": 143737239, "side": "buy", "size": "3.38379665", "price": "0.72480000", "time": "2025-07-15T16:18:59.043476Z", "fetched_at": "2025-07-15T16:20:18.932050+00:00", "symbol": "ADA-USD"}, {"trade_id": 143737238, "side": "buy", "size": "43.30754213", "price": "0.72480000", "time": "2025-07-15T16:18:59.043476Z", "fetched_at": "2025-07-15T16:20:18.932050+00:00", "symbol": "ADA-USD"}, {"trade_id": 143737237, "side": "buy", "size": "1.60000000", "price": "0.72480000", "time": "2025-07-15T16:18:58.971183Z", "fetched_at": "2025-07-15T16:20:18.932050+00:00", "symbol": "ADA-USD"}, {"trade_id": 143737236, "side": "buy", "size": "1681.79302000", "price": "0.72480000", "time": "2025-07-15T16:18:58.971183Z", "fetched_at": "2025-07-15T16:20:18.932050+00:00", "symbol": "ADA-USD"}, {"trade_id": 143737235, "side": "buy", "size": "3.38332986", "price": "0.72490000", "time": "2025-07-15T16:18:58.971183Z", "fetched_at": "2025-07-15T16:20:18.932050+00:00", "symbol": "ADA-USD"}, {"trade_id": 143737234, "side": "buy", "size": "1.60000000", "price": "0.72490000", "time": "2025-07-15T16:18:58.971183Z", "fetched_at": "2025-07-15T16:20:18.932050+00:00", "symbol": "ADA-USD"}, {"trade_id": 143737233, "side": "buy", "size": "3.33482609", "price": "0.72500000", "time": "2025-07-15T16:18:58.884889Z", "fetched_at": "2025-07-15T16:20:18.932050+00:00", "symbol": "ADA-USD"}, {"trade_id": 143737232, "side": "buy", "size": "1.60000000", "price": "0.72500000", "time": "2025-07-15T16:18:58.884889Z", "fetched_at": "2025-07-15T16:20:18.932050+00:00", "symbol": "ADA-USD"}, {"trade_id": 143737231, "side": "buy", "size": "58.89945889", "price": "0.72510000", "time": "2025-07-15T16:18:56.529645Z", "fetched_at": "2025-07-15T16:20:18.932050+00:00", "symbol": "ADA-USD"}, {"trade_id": 143737230, "side": "buy", "size": "1.60000000", "price": "0.72510000", "time": "2025-07-15T16:18:56.529645Z", "fetched_at": "2025-07-15T16:20:18.932050+00:00", "symbol": "ADA-USD"}, {"trade_id": 143737229, "side": "buy", "size": "1.60000000", "price": "0.72520000", "time": "2025-07-15T16:18:56.529645Z", "fetched_at": "2025-07-15T16:20:18.932050+00:00", "symbol": "ADA-USD"}, {"trade_id": 143737228, "side": "buy", "size": "4.14314111", "price": "0.72530000", "time": "2025-07-15T16:18:56.529645Z", "fetched_at": "2025-07-15T16:20:18.932050+00:00", "symbol": "ADA-USD"}, {"trade_id": 143737227, "side": "buy", "size": "1.60000000", "price": "0.72530000", "time": "2025-07-15T16:18:56.529645Z", "fetched_at": "2025-07-15T16:20:18.932050+00:00", "symbol": "ADA-USD"}, {"trade_id": 143737226, "side": "buy", "size": "4.05205174", "price": "0.72540000", "time": "2025-07-15T16:18:54.157829Z", "fetched_at": "2025-07-15T16:20:18.932050+00:00", "symbol": "ADA-USD"}, {"trade_id": 143737225, "side": "buy", "size": "1.60000000", "price": "0.72540000", "time": "2025-07-15T16:18:54.157829Z", "fetched_at": "2025-07-15T16:20:18.932050+00:00", "symbol": "ADA-USD"}, {"trade_id": 143737224, "side": "buy", "size": "4.89317336", "price": "0.72550000", "time": "2025-07-15T16:18:53.770050Z", "fetched_at": "2025-07-15T16:20:18.932050+00:00", "symbol": "ADA-USD"}, {"trade_id": 143737223, "side": "buy", "size": "533.76628553", "price": "0.72550000", "time": "2025-07-15T16:18:53.245650Z", "fetched_at": "2025-07-15T16:20:18.932050+00:00", "symbol": "ADA-USD"}, {"trade_id": 143737222, "side": "buy", "size": "2.27085054", "price": "0.72560000", "time": "2025-07-15T16:18:53.245650Z", "fetched_at": "2025-07-15T16:20:18.932050+00:00", "symbol": "ADA-USD"}, {"trade_id": 143737221, "side": "buy", "size": "4.78470253", "price": "0.72560000", "time": "2025-07-15T16:18:53.245650Z", "fetched_at": "2025-07-15T16:20:18.932050+00:00", "symbol": "ADA-USD"}, {"trade_id": 143737220, "side": "buy", "size": "33.23371447", "price": "0.72550000", "time": "2025-07-15T16:18:52.036355Z", "fetched_at": "2025-07-15T16:20:18.932050+00:00", "symbol": "ADA-USD"}, {"trade_id": 143737219, "side": "buy", "size": "4.78470253", "price": "0.72560000", "time": "2025-07-15T16:18:52.036355Z", "fetched_at": "2025-07-15T16:20:18.932050+00:00", "symbol": "ADA-USD"}, {"trade_id": 143737218, "side": "buy", "size": "7.43119100", "price": "0.72560000", "time": "2025-07-15T16:18:51.797632Z", "fetched_at": "2025-07-15T16:20:18.932050+00:00", "symbol": "ADA-USD"}, {"trade_id": 143737217, "side": "buy", "size": "4.68569203", "price": "0.72550000", "time": "2025-07-15T16:18:50.968145Z", "fetched_at": "2025-07-15T16:20:18.932050+00:00", "symbol": "ADA-USD"}, {"trade_id": 143737216, "side": "buy", "size": "4.80583811", "price": "0.72550000", "time": "2025-07-15T16:18:50.643508Z", "fetched_at": "2025-07-15T16:20:18.932050+00:00", "symbol": "ADA-USD"}, {"trade_id": 143737215, "side": "buy", "size": "1.60000000", "price": "0.72550000", "time": "2025-07-15T16:18:50.643508Z", "fetched_at": "2025-07-15T16:20:18.932050+00:00", "symbol": "ADA-USD"}, {"trade_id": 143737214, "side": "buy", "size": "4.80517578", "price": "0.72560000", "time": "2025-07-15T16:18:50.563938Z", "fetched_at": "2025-07-15T16:20:18.932050+00:00", "symbol": "ADA-USD"}, {"trade_id": 143737213, "side": "buy", "size": "4.94308977", "price": "0.72560000", "time": "2025-07-15T16:18:50.188875Z", "fetched_at": "2025-07-15T16:20:18.932050+00:00", "symbol": "ADA-USD"}, {"trade_id": 143737212, "side": "buy", "size": "1.60000000", "price": "0.72560000", "time": "2025-07-15T16:18:50.188875Z", "fetched_at": "2025-07-15T16:20:18.932050+00:00", "symbol": "ADA-USD"}, {"trade_id": 143737211, "side": "buy", "size": "4.67788640", "price": "0.72570000", "time": "2025-07-15T16:18:49.025510Z", "fetched_at": "2025-07-15T16:20:18.932050+00:00", "symbol": "ADA-USD"}, {"trade_id": 143737210, "side": "buy", "size": "1.60000000", "price": "0.72570000", "time": "2025-07-15T16:18:49.025510Z", "fetched_at": "2025-07-15T16:20:18.932050+00:00", "symbol": "ADA-USD"}, {"trade_id": 143737209, "side": "buy", "size": "1.60000000", "price": "0.72580000", "time": "2025-07-15T16:18:48.801913Z", "fetched_at": "2025-07-15T16:20:18.932050+00:00", "symbol": "ADA-USD"}, {"trade_id": 143737208, "side": "buy", "size": "5.12715151", "price": "0.72590000", "time": "2025-07-15T16:18:48.170903Z", "fetched_at": "2025-07-15T16:20:18.932050+00:00", "symbol": "ADA-USD"}, {"trade_id": 143737207, "side": "buy", "size": "5.26871292", "price": "0.72590000", "time": "2025-07-15T16:18:47.084066Z", "fetched_at": "2025-07-15T16:20:18.932050+00:00", "symbol": "ADA-USD"}, {"trade_id": 143737206, "side": "buy", "size": "1.60000000", "price": "0.72590000", "time": "2025-07-15T16:18:47.084066Z", "fetched_at": "2025-07-15T16:20:18.932050+00:00", "symbol": "ADA-USD"}, {"trade_id": 143737205, "side": "buy", "size": "5.26798720", "price": "0.72600000", "time": "2025-07-15T16:18:46.364051Z", "fetched_at": "2025-07-15T16:20:18.932050+00:00", "symbol": "ADA-USD"}, {"trade_id": 143737204, "side": "buy", "size": "66.24260000", "price": "0.72600000", "time": "2025-07-15T16:18:44.873448Z", "fetched_at": "2025-07-15T16:20:18.932050+00:00", "symbol": "ADA-USD"}, {"trade_id": 143737203, "side": "buy", "size": "1.60000000", "price": "0.72600000", "time": "2025-07-15T16:18:44.873448Z", "fetched_at": "2025-07-15T16:20:18.932050+00:00", "symbol": "ADA-USD"}, {"trade_id": 143737202, "side": "buy", "size": "5.07696354", "price": "0.72610000", "time": "2025-07-15T16:18:44.712302Z", "fetched_at": "2025-07-15T16:20:18.932050+00:00", "symbol": "ADA-USD"}, {"trade_id": 143737201, "side": "buy", "size": "1.60000000", "price": "0.72610000", "time": "2025-07-15T16:18:44.712302Z", "fetched_at": "2025-07-15T16:20:18.932050+00:00", "symbol": "ADA-USD"}, {"trade_id": 143737200, "side": "buy", "size": "3.52380947", "price": "0.72620000", "time": "2025-07-15T16:18:44.199690Z", "fetched_at": "2025-07-15T16:20:18.932050+00:00", "symbol": "ADA-USD"}, {"trade_id": 143737199, "side": "buy", "size": "1.60000000", "price": "0.72620000", "time": "2025-07-15T16:18:44.199690Z", "fetched_at": "2025-07-15T16:20:18.932050+00:00", "symbol": "ADA-USD"}, {"trade_id": 143737198, "side": "sell", "size": "6.80505900", "price": "0.72630000", "time": "2025-07-15T16:18:43.340296Z", "fetched_at": "2025-07-15T16:20:18.932050+00:00", "symbol": "ADA-USD"}, {"trade_id": 143737197, "side": "buy", "size": "5.25714806", "price": "0.72630000", "time": "2025-07-15T16:18:43.262407Z", "fetched_at": "2025-07-15T16:20:18.932050+00:00", "symbol": "ADA-USD"}, {"trade_id": 143737196, "side": "buy", "size": "62.30119851", "price": "0.72630000", "time": "2025-07-15T16:18:39.554146Z", "fetched_at": "2025-07-15T16:20:18.932050+00:00", "symbol": "ADA-USD"}, {"trade_id": 143737195, "side": "buy", "size": "5.54140149", "price": "0.72640000", "time": "2025-07-15T16:18:39.554146Z", "fetched_at": "2025-07-15T16:20:18.932050+00:00", "symbol": "ADA-USD"}, {"trade_id": 143737194, "side": "buy", "size": "4.13128176", "price": "0.72630000", "time": "2025-07-15T16:18:37.458595Z", "fetched_at": "2025-07-15T16:20:18.932050+00:00", "symbol": "ADA-USD"}, {"trade_id": 143737193, "side": "buy", "size": "4.38052519", "price": "0.72630000", "time": "2025-07-15T16:18:35.458001Z", "fetched_at": "2025-07-15T16:20:18.932050+00:00", "symbol": "ADA-USD"}, {"trade_id": 143737192, "side": "buy", "size": "1.60000000", "price": "0.72630000", "time": "2025-07-15T16:18:35.458001Z", "fetched_at": "2025-07-15T16:20:18.932050+00:00", "symbol": "ADA-USD"}, {"trade_id": 143737191, "side": "buy", "size": "5.14567938", "price": "0.72640000", "time": "2025-07-15T16:18:34.803363Z", "fetched_at": "2025-07-15T16:20:18.932050+00:00", "symbol": "ADA-USD"}, {"trade_id": 143737190, "side": "buy", "size": "1.60000000", "price": "0.72640000", "time": "2025-07-15T16:18:34.803363Z", "fetched_at": "2025-07-15T16:20:18.932050+00:00", "symbol": "ADA-USD"}, {"trade_id": 143737189, "side": "buy", "size": "5.74844356", "price": "0.72650000", "time": "2025-07-15T16:18:34.486691Z", "fetched_at": "2025-07-15T16:20:18.932050+00:00", "symbol": "ADA-USD"}, {"trade_id": 143737188, "side": "buy", "size": "1.60000000", "price": "0.72650000", "time": "2025-07-15T16:18:34.486691Z", "fetched_at": "2025-07-15T16:20:18.932050+00:00", "symbol": "ADA-USD"}, {"trade_id": 143737187, "side": "buy", "size": "5.78960195", "price": "0.72660000", "time": "2025-07-15T16:18:34.464117Z", "fetched_at": "2025-07-15T16:20:18.932050+00:00", "symbol": "ADA-USD"}, {"trade_id": 143737186, "side": "buy", "size": "1.60000000", "price": "0.72660000", "time": "2025-07-15T16:18:34.464117Z", "fetched_at": "2025-07-15T16:20:18.932050+00:00", "symbol": "ADA-USD"}, {"trade_id": 143737185, "side": "sell", "size": "20.03960400", "price": "0.72670000", "time": "2025-07-15T16:18:33.738246Z", "fetched_at": "2025-07-15T16:20:18.932050+00:00", "symbol": "ADA-USD"}, {"trade_id": 143737184, "side": "buy", "size": "5.84736635", "price": "0.72670000", "time": "2025-07-15T16:18:33.491785Z", "fetched_at": "2025-07-15T16:20:18.932050+00:00", "symbol": "ADA-USD"}, {"trade_id": 143737183, "side": "buy", "size": "1.60000000", "price": "0.72670000", "time": "2025-07-15T16:18:33.491785Z", "fetched_at": "2025-07-15T16:20:18.932050+00:00", "symbol": "ADA-USD"}, {"trade_id": 143737182, "side": "buy", "size": "5.84915456", "price": "0.72680000", "time": "2025-07-15T16:18:32.320286Z", "fetched_at": "2025-07-15T16:20:18.932050+00:00", "symbol": "ADA-USD"}, {"trade_id": 143737181, "side": "buy", "size": "2.27022565", "price": "0.72680000", "time": "2025-07-15T16:18:32.320286Z", "fetched_at": "2025-07-15T16:20:18.932050+00:00", "symbol": "ADA-USD"}, {"trade_id": 143737180, "side": "buy", "size": "1.60000000", "price": "0.72680000", "time": "2025-07-15T16:18:32.320286Z", "fetched_at": "2025-07-15T16:20:18.932050+00:00", "symbol": "ADA-USD"}, {"trade_id": 143737179, "side": "sell", "size": "27.29272652", "price": "0.72690000", "time": "2025-07-15T16:18:31.558421Z", "fetched_at": "2025-07-15T16:20:18.932050+00:00", "symbol": "ADA-USD"}, {"trade_id": 143737178, "side": "sell", "size": "100.26661200", "price": "0.72690000", "time": "2025-07-15T16:18:30.789542Z", "fetched_at": "2025-07-15T16:20:18.932050+00:00", "symbol": "ADA-USD"}, {"trade_id": 143737177, "side": "buy", "size": "6.54630645", "price": "0.72690000", "time": "2025-07-15T16:18:30.680821Z", "fetched_at": "2025-07-15T16:20:18.932050+00:00", "symbol": "ADA-USD"}, {"trade_id": 143737176, "side": "buy", "size": "1.60000000", "price": "0.72690000", "time": "2025-07-15T16:18:30.680821Z", "fetched_at": "2025-07-15T16:20:18.932050+00:00", "symbol": "ADA-USD"}, {"trade_id": 143737175, "side": "buy", "size": "81.88753000", "price": "0.72730000", "time": "2025-07-15T16:18:26.687504Z", "fetched_at": "2025-07-15T16:20:18.932050+00:00", "symbol": "ADA-USD"}, {"trade_id": 143737174, "side": "buy", "size": "67.84260000", "price": "0.72730000", "time": "2025-07-15T16:18:26.684264Z", "fetched_at": "2025-07-15T16:20:18.932050+00:00", "symbol": "ADA-USD"}, {"trade_id": 143737173, "side": "buy", "size": "170.04926000", "price": "0.72730000", "time": "2025-07-15T16:18:26.655528Z", "fetched_at": "2025-07-15T16:20:18.932050+00:00", "symbol": "ADA-USD"}, {"trade_id": 143737172, "side": "buy", "size": "67.84260000", "price": "0.72720000", "time": "2025-07-15T16:18:21.175001Z", "fetched_at": "2025-07-15T16:20:18.932050+00:00", "symbol": "ADA-USD"}, {"trade_id": 143737171, "side": "sell", "size": "22.09735549", "price": "0.72720000", "time": "2025-07-15T16:18:21.161334Z", "fetched_at": "2025-07-15T16:20:18.932050+00:00", "symbol": "ADA-USD"}, {"trade_id": 143737170, "side": "sell", "size": "51.00306000", "price": "0.72720000", "time": "2025-07-15T16:18:21.158830Z", "fetched_at": "2025-07-15T16:20:18.932050+00:00", "symbol": "ADA-USD"}, {"trade_id": 143737169, "side": "sell", "size": "4384.81937617", "price": "0.72720000", "time": "2025-07-15T16:18:21.154489Z", "fetched_at": "2025-07-15T16:20:18.932050+00:00", "symbol": "ADA-USD"}, {"trade_id": 143737168, "side": "sell", "size": "657.38020834", "price": "0.72720000", "time": "2025-07-15T16:18:21.153184Z", "fetched_at": "2025-07-15T16:20:18.932050+00:00", "symbol": "ADA-USD"}, {"trade_id": 143737167, "side": "sell", "size": "809.02414319", "price": "0.72720000", "time": "2025-07-15T16:18:21.153184Z", "fetched_at": "2025-07-15T16:20:18.932050+00:00", "symbol": "ADA-USD"}, {"trade_id": 143737166, "side": "sell", "size": "0.00000934", "price": "0.72710000", "time": "2025-07-15T16:18:21.153184Z", "fetched_at": "2025-07-15T16:20:18.932050+00:00", "symbol": "ADA-USD"}, {"trade_id": 143737165, "side": "sell", "size": "178.82362000", "price": "0.72710000", "time": "2025-07-15T16:18:21.035944Z", "fetched_at": "2025-07-15T16:20:18.932050+00:00", "symbol": "ADA-USD"}, {"trade_id": 143737164, "side": "buy", "size": "65.78185223", "price": "0.72690000", "time": "2025-07-15T16:18:19.774293Z", "fetched_at": "2025-07-15T16:20:18.932050+00:00", "symbol": "ADA-USD"}, {"trade_id": 143737163, "side": "sell", "size": "8.22681100", "price": "0.72700000", "time": "2025-07-15T16:18:18.834552Z", "fetched_at": "2025-07-15T16:20:18.932050+00:00", "symbol": "ADA-USD"}, {"trade_id": 143737162, "side": "buy", "size": "67.84260000", "price": "0.72690000", "time": "2025-07-15T16:18:18.536121Z", "fetched_at": "2025-07-15T16:20:18.932050+00:00", "symbol": "ADA-USD"}, {"trade_id": 143737161, "side": "sell", "size": "178.83702000", "price": "0.72690000", "time": "2025-07-15T16:18:17.005309Z", "fetched_at": "2025-07-15T16:20:18.932050+00:00", "symbol": "ADA-USD"}, {"trade_id": 143737160, "side": "sell", "size": "10.91901200", "price": "0.72690000", "time": "2025-07-15T16:18:13.077563Z", "fetched_at": "2025-07-15T16:20:18.932050+00:00", "symbol": "ADA-USD"}, {"trade_id": 143737159, "side": "buy", "size": "1.60000000", "price": "0.72690000", "time": "2025-07-15T16:18:11.991986Z", "fetched_at": "2025-07-15T16:20:18.932050+00:00", "symbol": "ADA-USD"}, {"trade_id": 143737158, "side": "buy", "size": "0.00000125", "price": "0.72700000", "time": "2025-07-15T16:18:11.991986Z", "fetched_at": "2025-07-15T16:20:18.932050+00:00", "symbol": "ADA-USD"}, {"trade_id": 143737157, "side": "buy", "size": "137.52415000", "price": "0.72700000", "time": "2025-07-15T16:18:11.707655Z", "fetched_at": "2025-07-15T16:20:18.932050+00:00", "symbol": "ADA-USD"}, {"trade_id": 143737156, "side": "buy", "size": "1.60000000", "price": "0.72700000", "time": "2025-07-15T16:18:11.707655Z", "fetched_at": "2025-07-15T16:20:18.932050+00:00", "symbol": "ADA-USD"}, {"trade_id": 143737155, "side": "buy", "size": "1.60000000", "price": "0.72710000", "time": "2025-07-15T16:18:09.138119Z", "fetched_at": "2025-07-15T16:20:18.932050+00:00", "symbol": "ADA-USD"}, {"trade_id": 143737154, "side": "buy", "size": "13.42045004", "price": "0.72720000", "time": "2025-07-15T16:18:08.343292Z", "fetched_at": "2025-07-15T16:20:18.932050+00:00", "symbol": "ADA-USD"}, {"trade_id": 143737153, "side": "sell", "size": "26.70197900", "price": "0.72740000", "time": "2025-07-15T16:18:03.754283Z", "fetched_at": "2025-07-15T16:20:18.932050+00:00", "symbol": "ADA-USD"}, {"trade_id": 143737152, "side": "buy", "size": "69.83163000", "price": "0.72730000", "time": "2025-07-15T16:18:00.253664Z", "fetched_at": "2025-07-15T16:20:18.932050+00:00", "symbol": "ADA-USD"}, {"trade_id": 143737151, "side": "buy", "size": "126.70146000", "price": "0.72730000", "time": "2025-07-15T16:18:00.245400Z", "fetched_at": "2025-07-15T16:20:18.932050+00:00", "symbol": "ADA-USD"}, {"trade_id": 143737150, "side": "buy", "size": "67.84260000", "price": "0.72740000", "time": "2025-07-15T16:17:55.366328Z", "fetched_at": "2025-07-15T16:20:18.932050+00:00", "symbol": "ADA-USD"}, {"trade_id": 143737149, "side": "sell", "size": "178.75115384", "price": "0.72740000", "time": "2025-07-15T16:17:55.342285Z", "fetched_at": "2025-07-15T16:20:18.932050+00:00", "symbol": "ADA-USD"}, {"trade_id": 143737148, "side": "sell", "size": "2978.45726634", "price": "0.72740000", "time": "2025-07-15T16:17:55.332840Z", "fetched_at": "2025-07-15T16:20:18.932050+00:00", "symbol": "ADA-USD"}, {"trade_id": 143737147, "side": "sell", "size": "725.78186932", "price": "0.72740000", "time": "2025-07-15T16:17:55.332840Z", "fetched_at": "2025-07-15T16:20:18.932050+00:00", "symbol": "ADA-USD"}, {"trade_id": 143737146, "side": "sell", "size": "706.45493009", "price": "0.72740000", "time": "2025-07-15T16:17:55.332840Z", "fetched_at": "2025-07-15T16:20:18.932050+00:00", "symbol": "ADA-USD"}, {"trade_id": 143737145, "side": "sell", "size": "809.02414319", "price": "0.72740000", "time": "2025-07-15T16:17:55.332840Z", "fetched_at": "2025-07-15T16:20:18.932050+00:00", "symbol": "ADA-USD"}, {"trade_id": 143737144, "side": "sell", "size": "178.75096211", "price": "0.72730000", "time": "2025-07-15T16:17:55.332840Z", "fetched_at": "2025-07-15T16:20:18.932050+00:00", "symbol": "ADA-USD"}, {"trade_id": 143737143, "side": "buy", "size": "1.60000000", "price": "0.72720000", "time": "2025-07-15T16:17:52.359704Z", "fetched_at": "2025-07-15T16:20:18.932050+00:00", "symbol": "ADA-USD"}, {"trade_id": 143737142, "side": "sell", "size": "15.01858258", "price": "0.72730000", "time": "2025-07-15T16:17:51.402972Z", "fetched_at": "2025-07-15T16:20:18.932050+00:00", "symbol": "ADA-USD"}, {"trade_id": 143737141, "side": "sell", "size": "18.35770542", "price": "0.72730000", "time": "2025-07-15T16:17:51.402972Z", "fetched_at": "2025-07-15T16:20:18.932050+00:00", "symbol": "ADA-USD"}, {"trade_id": 143737140, "side": "buy", "size": "10.76012650", "price": "0.72730000", "time": "2025-07-15T16:17:51.336503Z", "fetched_at": "2025-07-15T16:20:18.932050+00:00", "symbol": "ADA-USD"}, {"trade_id": 143737139, "side": "buy", "size": "10.76012650", "price": "0.72730000", "time": "2025-07-15T16:17:51.326579Z", "fetched_at": "2025-07-15T16:20:18.932050+00:00", "symbol": "ADA-USD"}, {"trade_id": 143737138, "side": "buy", "size": "1.60000000", "price": "0.72730000", "time": "2025-07-15T16:17:51.326579Z", "fetched_at": "2025-07-15T16:20:18.932050+00:00", "symbol": "ADA-USD"}, {"trade_id": 143737137, "side": "buy", "size": "1.60000000", "price": "0.72740000", "time": "2025-07-15T16:17:51.322109Z", "fetched_at": "2025-07-15T16:20:18.932050+00:00", "symbol": "ADA-USD"}, {"trade_id": 143737136, "side": "sell", "size": "82.45315500", "price": "0.72750000", "time": "2025-07-15T16:17:49.659740Z", "fetched_at": "2025-07-15T16:20:18.932050+00:00", "symbol": "ADA-USD"}, {"trade_id": 143737135, "side": "sell", "size": "51.00306000", "price": "0.72750000", "time": "2025-07-15T16:17:49.659740Z", "fetched_at": "2025-07-15T16:20:18.932050+00:00", "symbol": "ADA-USD"}, {"trade_id": 143737134, "side": "buy", "size": "1.60000000", "price": "0.72750000", "time": "2025-07-15T16:17:49.198050Z", "fetched_at": "2025-07-15T16:20:18.932050+00:00", "symbol": "ADA-USD"}, {"trade_id": 143737133, "side": "buy", "size": "13.15864071", "price": "0.72760000", "time": "2025-07-15T16:17:45.127070Z", "fetched_at": "2025-07-15T16:20:18.932050+00:00", "symbol": "ADA-USD"}, {"trade_id": 143737132, "side": "buy", "size": "1.60000000", "price": "0.72760000", "time": "2025-07-15T16:17:45.127070Z", "fetched_at": "2025-07-15T16:20:18.932050+00:00", "symbol": "ADA-USD"}, {"trade_id": 143737131, "side": "buy", "size": "16.24897146", "price": "0.72770000", "time": "2025-07-15T16:17:43.022420Z", "fetched_at": "2025-07-15T16:20:18.932050+00:00", "symbol": "ADA-USD"}, {"trade_id": 143737130, "side": "buy", "size": "1.60000000", "price": "0.72770000", "time": "2025-07-15T16:17:43.022420Z", "fetched_at": "2025-07-15T16:20:18.932050+00:00", "symbol": "ADA-USD"}, {"trade_id": 143737129, "side": "buy", "size": "18.90684112", "price": "0.72780000", "time": "2025-07-15T16:17:42.743696Z", "fetched_at": "2025-07-15T16:20:18.932050+00:00", "symbol": "ADA-USD"}, {"trade_id": 143737128, "side": "buy", "size": "24.21342096", "price": "0.72780000", "time": "2025-07-15T16:17:39.298055Z", "fetched_at": "2025-07-15T16:20:18.932050+00:00", "symbol": "ADA-USD"}, {"trade_id": 143737127, "side": "buy", "size": "49.40306000", "price": "0.72780000", "time": "2025-07-15T16:17:39.294394Z", "fetched_at": "2025-07-15T16:20:18.932050+00:00", "symbol": "ADA-USD"}, {"trade_id": 143737126, "side": "buy", "size": "1.60000000", "price": "0.72780000", "time": "2025-07-15T16:17:39.294394Z", "fetched_at": "2025-07-15T16:20:18.932050+00:00", "symbol": "ADA-USD"}, {"trade_id": 143737125, "side": "buy", "size": "3206.76332523", "price": "0.72790000", "time": "2025-07-15T16:17:39.047906Z", "fetched_at": "2025-07-15T16:20:18.932050+00:00", "symbol": "ADA-USD"}, {"trade_id": 143737124, "side": "buy", "size": "686.89333477", "price": "0.72790000", "time": "2025-07-15T16:17:39.047906Z", "fetched_at": "2025-07-15T16:20:18.932050+00:00", "symbol": "ADA-USD"}, {"trade_id": 143737123, "side": "buy", "size": "938.95181434", "price": "0.72790000", "time": "2025-07-15T16:17:39.047906Z", "fetched_at": "2025-07-15T16:20:18.932050+00:00", "symbol": "ADA-USD"}, {"trade_id": 143737122, "side": "buy", "size": "809.02414319", "price": "0.72790000", "time": "2025-07-15T16:17:39.047906Z", "fetched_at": "2025-07-15T16:20:18.932050+00:00", "symbol": "ADA-USD"}, {"trade_id": 143737121, "side": "buy", "size": "412.13600086", "price": "0.72800000", "time": "2025-07-15T16:17:39.046398Z", "fetched_at": "2025-07-15T16:20:18.932050+00:00", "symbol": "ADA-USD"}, {"trade_id": 143737120, "side": "buy", "size": "5115.30000000", "price": "0.72800000", "time": "2025-07-15T16:17:39.046398Z", "fetched_at": "2025-07-15T16:20:18.932050+00:00", "symbol": "ADA-USD"}, {"trade_id": 143737119, "side": "buy", "size": "500.00000000", "price": "0.72800000", "time": "2025-07-15T16:17:39.046398Z", "fetched_at": "2025-07-15T16:20:18.932050+00:00", "symbol": "ADA-USD"}, {"trade_id": 143737118, "side": "buy", "size": "73.90978014", "price": "0.72810000", "time": "2025-07-15T16:17:39.046398Z", "fetched_at": "2025-07-15T16:20:18.932050+00:00", "symbol": "ADA-USD"}, {"trade_id": 143737117, "side": "sell", "size": "112.35932116", "price": "0.72810000", "time": "2025-07-15T16:17:38.496085Z", "fetched_at": "2025-07-15T16:20:18.932050+00:00", "symbol": "ADA-USD"}, {"trade_id": 143737116, "side": "sell", "size": "66.24260000", "price": "0.72810000", "time": "2025-07-15T16:17:38.493040Z", "fetched_at": "2025-07-15T16:20:18.932050+00:00", "symbol": "ADA-USD"}, {"trade_id": 143737115, "side": "sell", "size": "1.60000000", "price": "0.72810000", "time": "2025-07-15T16:17:38.493040Z", "fetched_at": "2025-07-15T16:20:18.932050+00:00", "symbol": "ADA-USD"}, {"trade_id": 143737114, "side": "sell", "size": "5.94842700", "price": "0.72800000", "time": "2025-07-15T16:17:34.873741Z", "fetched_at": "2025-07-15T16:20:18.932050+00:00", "symbol": "ADA-USD"}, {"trade_id": 143737113, "side": "sell", "size": "1.60000000", "price": "0.72800000", "time": "2025-07-15T16:17:34.873741Z", "fetched_at": "2025-07-15T16:20:18.932050+00:00", "symbol": "ADA-USD"}, {"trade_id": 143737112, "side": "sell", "size": "0.80000000", "price": "0.72790000", "time": "2025-07-15T16:17:31.493688Z", "fetched_at": "2025-07-15T16:20:18.932050+00:00", "symbol": "ADA-USD"}, {"trade_id": 143737111, "side": "sell", "size": "4.52046929", "price": "0.72790000", "time": "2025-07-15T16:17:31.452027Z", "fetched_at": "2025-07-15T16:20:18.932050+00:00", "symbol": "ADA-USD"}, {"trade_id": 143737110, "side": "sell", "size": "1.60000000", "price": "0.72790000", "time": "2025-07-15T16:17:31.452027Z", "fetched_at": "2025-07-15T16:20:18.932050+00:00", "symbol": "ADA-USD"}, {"trade_id": 143737109, "side": "sell", "size": "76.90538470", "price": "0.72780000", "time": "2025-07-15T16:17:23.073337Z", "fetched_at": "2025-07-15T16:20:18.932050+00:00", "symbol": "ADA-USD"}, {"trade_id": 143737108, "side": "sell", "size": "703.17985207", "price": "0.72780000", "time": "2025-07-15T16:17:23.073337Z", "fetched_at": "2025-07-15T16:20:18.932050+00:00", "symbol": "ADA-USD"}, {"trade_id": 143737107, "side": "sell", "size": "9.20604100", "price": "0.72780000", "time": "2025-07-15T16:17:22.053863Z", "fetched_at": "2025-07-15T16:20:18.932050+00:00", "symbol": "ADA-USD"}, {"trade_id": 143737106, "side": "sell", "size": "1.60000000", "price": "0.72780000", "time": "2025-07-15T16:17:22.053863Z", "fetched_at": "2025-07-15T16:20:18.932050+00:00", "symbol": "ADA-USD"}, {"trade_id": 143737105, "side": "sell", "size": "1.60000000", "price": "0.72770000", "time": "2025-07-15T16:17:18.573477Z", "fetched_at": "2025-07-15T16:20:18.932050+00:00", "symbol": "ADA-USD"}, {"trade_id": 143737104, "side": "buy", "size": "153.37617500", "price": "0.72760000", "time": "2025-07-15T16:17:17.316038Z", "fetched_at": "2025-07-15T16:20:18.932050+00:00", "symbol": "ADA-USD"}, {"trade_id": 143737103, "side": "buy", "size": "51.00306000", "price": "0.72760000", "time": "2025-07-15T16:17:17.316038Z", "fetched_at": "2025-07-15T16:20:18.932050+00:00", "symbol": "ADA-USD"}, {"trade_id": 143737102, "side": "buy", "size": "6.02895689", "price": "0.72760000", "time": "2025-07-15T16:17:17.316038Z", "fetched_at": "2025-07-15T16:20:18.932050+00:00", "symbol": "ADA-USD"}, {"trade_id": 143737101, "side": "sell", "size": "1.60000000", "price": "0.72760000", "time": "2025-07-15T16:17:16.826375Z", "fetched_at": "2025-07-15T16:20:18.932050+00:00", "symbol": "ADA-USD"}, {"trade_id": 143737100, "side": "sell", "size": "1.60000000", "price": "0.72750000", "time": "2025-07-15T16:17:16.483850Z", "fetched_at": "2025-07-15T16:20:18.932050+00:00", "symbol": "ADA-USD"}, {"trade_id": 143737099, "side": "sell", "size": "1.60000000", "price": "0.72740000", "time": "2025-07-15T16:17:16.092894Z", "fetched_at": "2025-07-15T16:20:18.932050+00:00", "symbol": "ADA-USD"}, {"trade_id": 143737098, "side": "buy", "size": "4.79343410", "price": "0.72700000", "time": "2025-07-15T16:17:14.245733Z", "fetched_at": "2025-07-15T16:20:18.932050+00:00", "symbol": "ADA-USD"}, {"trade_id": 143737097, "side": "buy", "size": "1.60000000", "price": "0.72700000", "time": "2025-07-15T16:17:14.245733Z", "fetched_at": "2025-07-15T16:20:18.932050+00:00", "symbol": "ADA-USD"}, {"trade_id": 143737096, "side": "buy", "size": "4.99787669", "price": "0.72710000", "time": "2025-07-15T16:17:13.957232Z", "fetched_at": "2025-07-15T16:20:18.932050+00:00", "symbol": "ADA-USD"}, {"trade_id": 143737095, "side": "buy", "size": "1.60000000", "price": "0.72710000", "time": "2025-07-15T16:17:13.957232Z", "fetched_at": "2025-07-15T16:20:18.932050+00:00", "symbol": "ADA-USD"}, {"trade_id": 143737094, "side": "sell", "size": "101.76239741", "price": "0.72720000", "time": "2025-07-15T16:17:13.675101Z", "fetched_at": "2025-07-15T16:20:18.932050+00:00", "symbol": "ADA-USD"}, {"trade_id": 143737093, "side": "sell", "size": "28.60030159", "price": "0.72720000", "time": "2025-07-15T16:17:13.675101Z", "fetched_at": "2025-07-15T16:20:18.932050+00:00", "symbol": "ADA-USD"}, {"trade_id": 143737092, "side": "buy", "size": "4.31730341", "price": "0.72720000", "time": "2025-07-15T16:17:13.001483Z", "fetched_at": "2025-07-15T16:20:18.932050+00:00", "symbol": "ADA-USD"}, {"trade_id": 143737091, "side": "buy", "size": "1.60000000", "price": "0.72720000", "time": "2025-07-15T16:17:13.001483Z", "fetched_at": "2025-07-15T16:20:18.932050+00:00", "symbol": "ADA-USD"}, {"trade_id": 143737090, "side": "buy", "size": "67.84260000", "price": "0.72730000", "time": "2025-07-15T16:17:08.424118Z", "fetched_at": "2025-07-15T16:20:18.932050+00:00", "symbol": "ADA-USD"}, {"trade_id": 143737089, "side": "buy", "size": "37.86419000", "price": "0.72730000", "time": "2025-07-15T16:17:04.931427Z", "fetched_at": "2025-07-15T16:20:18.932050+00:00", "symbol": "ADA-USD"}, {"trade_id": 143737088, "side": "buy", "size": "5.76023504", "price": "0.72740000", "time": "2025-07-15T16:17:04.845898Z", "fetched_at": "2025-07-15T16:20:18.932050+00:00", "symbol": "ADA-USD"}, {"trade_id": 143737087, "side": "buy", "size": "15.16106326", "price": "0.72750000", "time": "2025-07-15T16:17:02.944576Z", "fetched_at": "2025-07-15T16:20:18.932050+00:00", "symbol": "ADA-USD"}, {"trade_id": 143737086, "side": "buy", "size": "144.39232000", "price": "0.72750000", "time": "2025-07-15T16:17:02.894508Z", "fetched_at": "2025-07-15T16:20:18.932050+00:00", "symbol": "ADA-USD"}, {"trade_id": 143737085, "side": "buy", "size": "167.30218000", "price": "0.72750000", "time": "2025-07-15T16:17:02.839139Z", "fetched_at": "2025-07-15T16:20:18.932050+00:00", "symbol": "ADA-USD"}, {"trade_id": 143737084, "side": "buy", "size": "11.38627540", "price": "0.72750000", "time": "2025-07-15T16:17:01.945617Z", "fetched_at": "2025-07-15T16:20:18.932050+00:00", "symbol": "ADA-USD"}, {"trade_id": 143737083, "side": "buy", "size": "50.32399260", "price": "0.72750000", "time": "2025-07-15T16:17:01.945617Z", "fetched_at": "2025-07-15T16:20:18.932050+00:00", "symbol": "ADA-USD"}, {"trade_id": 143737082, "side": "sell", "size": "67.84260000", "price": "0.72760000", "time": "2025-07-15T16:17:01.229898Z", "fetched_at": "2025-07-15T16:20:18.932050+00:00", "symbol": "ADA-USD"}, {"trade_id": 143737081, "side": "sell", "size": "178.77321818", "price": "0.72750000", "time": "2025-07-15T16:17:00.502100Z", "fetched_at": "2025-07-15T16:20:18.932050+00:00", "symbol": "ADA-USD"}, {"trade_id": 143737080, "side": "sell", "size": "1.60000000", "price": "0.72750000", "time": "2025-07-15T16:17:00.502100Z", "fetched_at": "2025-07-15T16:20:18.932050+00:00", "symbol": "ADA-USD"}, {"trade_id": 143737079, "side": "sell", "size": "67.84260000", "price": "0.72730000", "time": "2025-07-15T16:16:58.952151Z", "fetched_at": "2025-07-15T16:20:18.932050+00:00", "symbol": "ADA-USD"}, {"trade_id": 143737078, "side": "buy", "size": "1.60000000", "price": "0.72730000", "time": "2025-07-15T16:16:58.926696Z", "fetched_at": "2025-07-15T16:20:18.932050+00:00", "symbol": "ADA-USD"}, {"trade_id": 143737077, "side": "buy", "size": "178.71302845", "price": "0.72740000", "time": "2025-07-15T16:16:58.826275Z", "fetched_at": "2025-07-15T16:20:18.932050+00:00", "symbol": "ADA-USD"}, {"trade_id": 143737076, "side": "buy", "size": "1.60000000", "price": "0.72740000", "time": "2025-07-15T16:16:58.826275Z", "fetched_at": "2025-07-15T16:20:18.932050+00:00", "symbol": "ADA-USD"}, {"trade_id": 143737075, "side": "buy", "size": "5118.20000000", "price": "0.72740000", "time": "2025-07-15T16:16:58.826275Z", "fetched_at": "2025-07-15T16:20:18.932050+00:00", "symbol": "ADA-USD"}, {"trade_id": 143737074, "side": "buy", "size": "25.91855020", "price": "0.72760000", "time": "2025-07-15T16:16:52.345768Z", "fetched_at": "2025-07-15T16:20:18.932050+00:00", "symbol": "ADA-USD"}, {"trade_id": 143737073, "side": "buy", "size": "25.91498849", "price": "0.72770000", "time": "2025-07-15T16:16:51.961245Z", "fetched_at": "2025-07-15T16:20:18.932050+00:00", "symbol": "ADA-USD"}, {"trade_id": 143737072, "side": "sell", "size": "66.24260000", "price": "0.72780000", "time": "2025-07-15T16:16:51.278815Z", "fetched_at": "2025-07-15T16:20:18.932050+00:00", "symbol": "ADA-USD"}, {"trade_id": 143737071, "side": "sell", "size": "1.60000000", "price": "0.72780000", "time": "2025-07-15T16:16:51.278815Z", "fetched_at": "2025-07-15T16:20:18.932050+00:00", "symbol": "ADA-USD"}, {"trade_id": 143737070, "side": "sell", "size": "72.46506511", "price": "0.72770000", "time": "2025-07-15T16:16:50.387605Z", "fetched_at": "2025-07-15T16:20:18.932050+00:00", "symbol": "ADA-USD"}, {"trade_id": 143737069, "side": "sell", "size": "67.84260000", "price": "0.72770000", "time": "2025-07-15T16:16:50.385287Z", "fetched_at": "2025-07-15T16:20:18.932050+00:00", "symbol": "ADA-USD"}, {"trade_id": 143737068, "side": "sell", "size": "1787.71181430", "price": "0.72770000", "time": "2025-07-15T16:16:50.384810Z", "fetched_at": "2025-07-15T16:20:18.932050+00:00", "symbol": "ADA-USD"}, {"trade_id": 143737067, "side": "sell", "size": "3189.18052059", "price": "0.72770000", "time": "2025-07-15T16:16:50.384194Z", "fetched_at": "2025-07-15T16:20:18.932050+00:00", "symbol": "ADA-USD"}, {"trade_id": 143737066, "side": "sell", "size": "553.04180563", "price": "0.72770000", "time": "2025-07-15T16:16:50.384194Z", "fetched_at": "2025-07-15T16:20:18.932050+00:00", "symbol": "ADA-USD"}, {"trade_id": 143737065, "side": "sell", "size": "809.02414319", "price": "0.72770000", "time": "2025-07-15T16:16:50.384194Z", "fetched_at": "2025-07-15T16:20:18.932050+00:00", "symbol": "ADA-USD"}, {"trade_id": 143737064, "side": "sell", "size": "5.24093041", "price": "0.72770000", "time": "2025-07-15T16:16:50.384194Z", "fetched_at": "2025-07-15T16:20:18.932050+00:00", "symbol": "ADA-USD"}, {"trade_id": 143737063, "side": "sell", "size": "1.60000000", "price": "0.72760000", "time": "2025-07-15T16:16:50.384194Z", "fetched_at": "2025-07-15T16:20:18.932050+00:00", "symbol": "ADA-USD"}, {"trade_id": 143737062, "side": "sell", "size": "133.56019800", "price": "0.72750000", "time": "2025-07-15T16:16:49.789733Z", "fetched_at": "2025-07-15T16:20:18.932050+00:00", "symbol": "ADA-USD"}, {"trade_id": 143737061, "side": "sell", "size": "76.76709381", "price": "0.72740000", "time": "2025-07-15T16:16:49.019743Z", "fetched_at": "2025-07-15T16:20:18.932050+00:00", "symbol": "ADA-USD"}, {"trade_id": 143737060, "side": "sell", "size": "51.00306000", "price": "0.72740000", "time": "2025-07-15T16:16:49.019121Z", "fetched_at": "2025-07-15T16:20:18.932050+00:00", "symbol": "ADA-USD"}, {"trade_id": 143737059, "side": "sell", "size": "51.00306000", "price": "0.72740000", "time": "2025-07-15T16:16:49.014520Z", "fetched_at": "2025-07-15T16:20:18.932050+00:00", "symbol": "ADA-USD"}, {"trade_id": 143737058, "side": "sell", "size": "640.06770000", "price": "0.72720000", "time": "2025-07-15T16:16:48.572593Z", "fetched_at": "2025-07-15T16:20:18.932050+00:00", "symbol": "ADA-USD"}, {"trade_id": 143737057, "side": "buy", "size": "65.99806528", "price": "0.72720000", "time": "2025-07-15T16:16:46.800084Z", "fetched_at": "2025-07-15T16:20:18.932050+00:00", "symbol": "ADA-USD"}, {"trade_id": 143737056, "side": "buy", "size": "2.26034900", "price": "0.72720000", "time": "2025-07-15T16:16:46.409912Z", "fetched_at": "2025-07-15T16:20:18.932050+00:00", "symbol": "ADA-USD"}, {"trade_id": 143737055, "side": "buy", "size": "1.60000000", "price": "0.72720000", "time": "2025-07-15T16:16:46.409912Z", "fetched_at": "2025-07-15T16:20:18.932050+00:00", "symbol": "ADA-USD"}, {"trade_id": 143737054, "side": "buy", "size": "595.91773363", "price": "0.72730000", "time": "2025-07-15T16:16:46.094198Z", "fetched_at": "2025-07-15T16:20:18.932050+00:00", "symbol": "ADA-USD"}, {"trade_id": 143737053, "side": "buy", "size": "11.73777637", "price": "0.72730000", "time": "2025-07-15T16:16:46.094198Z", "fetched_at": "2025-07-15T16:20:18.932050+00:00", "symbol": "ADA-USD"}, {"trade_id": 143737052, "side": "buy", "size": "1.60000000", "price": "0.72730000", "time": "2025-07-15T16:16:46.094198Z", "fetched_at": "2025-07-15T16:20:18.932050+00:00", "symbol": "ADA-USD"}, {"trade_id": 143737051, "side": "sell", "size": "178.67585000", "price": "0.72740000", "time": "2025-07-15T16:16:45.492063Z", "fetched_at": "2025-07-15T16:20:18.932050+00:00", "symbol": "ADA-USD"}, {"trade_id": 143737050, "side": "sell", "size": "26.04833800", "price": "0.72740000", "time": "2025-07-15T16:16:44.570460Z", "fetched_at": "2025-07-15T16:20:18.932050+00:00", "symbol": "ADA-USD"}, {"trade_id": 143737049, "side": "buy", "size": "1.60000000", "price": "0.72740000", "time": "2025-07-15T16:16:44.441604Z", "fetched_at": "2025-07-15T16:20:18.932050+00:00", "symbol": "ADA-USD"}, {"trade_id": 143737048, "side": "buy", "size": "13.55593682", "price": "0.72750000", "time": "2025-07-15T16:16:43.697648Z", "fetched_at": "2025-07-15T16:20:18.932050+00:00", "symbol": "ADA-USD"}, {"trade_id": 143737047, "side": "buy", "size": "1.60000000", "price": "0.72750000", "time": "2025-07-15T16:16:43.697648Z", "fetched_at": "2025-07-15T16:20:18.932050+00:00", "symbol": "ADA-USD"}, {"trade_id": 143737046, "side": "buy", "size": "15.48487939", "price": "0.72760000", "time": "2025-07-15T16:16:41.352830Z", "fetched_at": "2025-07-15T16:20:18.932050+00:00", "symbol": "ADA-USD"}, {"trade_id": 143737045, "side": "buy", "size": "0.10000000", "price": "0.72760000", "time": "2025-07-15T16:16:41.352830Z", "fetched_at": "2025-07-15T16:20:18.932050+00:00", "symbol": "ADA-USD"}, {"trade_id": 143737044, "side": "buy", "size": "1.60000000", "price": "0.72760000", "time": "2025-07-15T16:16:41.352830Z", "fetched_at": "2025-07-15T16:20:18.932050+00:00", "symbol": "ADA-USD"}, {"trade_id": 143737043, "side": "buy", "size": "0.00000250", "price": "0.72780000", "time": "2025-07-15T16:16:40.836080Z", "fetched_at": "2025-07-15T16:20:18.932050+00:00", "symbol": "ADA-USD"}, {"trade_id": 143737042, "side": "buy", "size": "34.40156000", "price": "0.72780000", "time": "2025-07-15T16:16:40.791832Z", "fetched_at": "2025-07-15T16:20:18.932050+00:00", "symbol": "ADA-USD"}, {"trade_id": 143737041, "side": "buy", "size": "34.40156000", "price": "0.72780000", "time": "2025-07-15T16:16:40.783804Z", "fetched_at": "2025-07-15T16:20:18.932050+00:00", "symbol": "ADA-USD"}, {"trade_id": 143737040, "side": "sell", "size": "621.71918336", "price": "0.72780000", "time": "2025-07-15T16:16:38.483699Z", "fetched_at": "2025-07-15T16:20:18.932050+00:00", "symbol": "ADA-USD"}, {"trade_id": 143737039, "side": "buy", "size": "6000.00000000", "price": "0.72780000", "time": "2025-07-15T16:16:38.171665Z", "fetched_at": "2025-07-15T16:20:18.932050+00:00", "symbol": "ADA-USD"}, {"trade_id": 143737038, "side": "buy", "size": "1.60000000", "price": "0.72780000", "time": "2025-07-15T16:16:38.171665Z", "fetched_at": "2025-07-15T16:20:18.932050+00:00", "symbol": "ADA-USD"}, {"trade_id": 143737037, "side": "buy", "size": "132.56088091", "price": "0.72800000", "time": "2025-07-15T16:16:38.171665Z", "fetched_at": "2025-07-15T16:20:18.932050+00:00", "symbol": "ADA-USD"}, {"trade_id": 143737036, "side": "sell", "size": "67.84260000", "price": "0.72790000", "time": "2025-07-15T16:16:37.522275Z", "fetched_at": "2025-07-15T16:20:18.932050+00:00", "symbol": "ADA-USD"}, {"trade_id": 143737035, "side": "buy", "size": "0.00006576", "price": "0.72800000", "time": "2025-07-15T16:16:37.515311Z", "fetched_at": "2025-07-15T16:20:18.932050+00:00", "symbol": "ADA-USD"}, {"trade_id": 143737034, "side": "buy", "size": "27.78670000", "price": "0.72800000", "time": "2025-07-15T16:16:37.511488Z", "fetched_at": "2025-07-15T16:20:18.932050+00:00", "symbol": "ADA-USD"}, {"trade_id": 143737033, "side": "sell", "size": "696.97925538", "price": "0.72820000", "time": "2025-07-15T16:16:37.468699Z", "fetched_at": "2025-07-15T16:20:18.932050+00:00", "symbol": "ADA-USD"}, {"trade_id": 143737032, "side": "sell", "size": "809.02414319", "price": "0.72820000", "time": "2025-07-15T16:16:37.468699Z", "fetched_at": "2025-07-15T16:20:18.932050+00:00", "symbol": "ADA-USD"}, {"trade_id": 143737031, "side": "sell", "size": "808.82417664", "price": "0.72820000", "time": "2025-07-15T16:16:37.468699Z", "fetched_at": "2025-07-15T16:20:18.932050+00:00", "symbol": "ADA-USD"}, {"trade_id": 143737030, "side": "sell", "size": "567.00000000", "price": "0.72820000", "time": "2025-07-15T16:16:37.468699Z", "fetched_at": "2025-07-15T16:20:18.932050+00:00", "symbol": "ADA-USD"}, {"trade_id": 143737029, "side": "sell", "size": "11.96352915", "price": "0.72820000", "time": "2025-07-15T16:16:37.468699Z", "fetched_at": "2025-07-15T16:20:18.932050+00:00", "symbol": "ADA-USD"}, {"trade_id": 143737028, "side": "sell", "size": "178.52817983", "price": "0.72810000", "time": "2025-07-15T16:16:37.468699Z", "fetched_at": "2025-07-15T16:20:18.932050+00:00", "symbol": "ADA-USD"}, {"trade_id": 143737027, "side": "sell", "size": "635.91829532", "price": "0.72810000", "time": "2025-07-15T16:16:37.468699Z", "fetched_at": "2025-07-15T16:20:18.932050+00:00", "symbol": "ADA-USD"}, {"trade_id": 143737026, "side": "sell", "size": "567.00000000", "price": "0.72810000", "time": "2025-07-15T16:16:37.468699Z", "fetched_at": "2025-07-15T16:20:18.932050+00:00", "symbol": "ADA-USD"}, {"trade_id": 143737025, "side": "sell", "size": "51.00306000", "price": "0.72810000", "time": "2025-07-15T16:16:37.468699Z", "fetched_at": "2025-07-15T16:20:18.932050+00:00", "symbol": "ADA-USD"}, {"trade_id": 143737024, "side": "sell", "size": "633.75936049", "price": "0.72810000", "time": "2025-07-15T16:16:37.468699Z", "fetched_at": "2025-07-15T16:20:18.932050+00:00", "symbol": "ADA-USD"}, {"trade_id": 143737023, "side": "sell", "size": "54.80016481", "price": "0.72810000", "time": "2025-07-15T16:16:36.442608Z", "fetched_at": "2025-07-15T16:20:18.932050+00:00", "symbol": "ADA-USD"}, {"trade_id": 143737022, "side": "buy", "size": "135.37687000", "price": "0.72810000", "time": "2025-07-15T16:16:35.523773Z", "fetched_at": "2025-07-15T16:20:18.932050+00:00", "symbol": "ADA-USD"}, {"trade_id": 143737021, "side": "sell", "size": "9.00431382", "price": "0.72800000", "time": "2025-07-15T16:16:33.041466Z", "fetched_at": "2025-07-15T16:20:18.932050+00:00", "symbol": "ADA-USD"}, {"trade_id": 143737020, "side": "buy", "size": "0.00001921", "price": "0.72810000", "time": "2025-07-15T16:16:33.030168Z", "fetched_at": "2025-07-15T16:20:18.932050+00:00", "symbol": "ADA-USD"}, {"trade_id": 143737019, "side": "buy", "size": "133.26710000", "price": "0.72810000", "time": "2025-07-15T16:16:33.027735Z", "fetched_at": "2025-07-15T16:20:18.932050+00:00", "symbol": "ADA-USD"}, {"trade_id": 143737018, "side": "sell", "size": "434.82584491", "price": "0.72820000", "time": "2025-07-15T16:16:31.642187Z", "fetched_at": "2025-07-15T16:20:18.932050+00:00", "symbol": "ADA-USD"}, {"trade_id": 143737017, "side": "sell", "size": "809.02414319", "price": "0.72820000", "time": "2025-07-15T16:16:31.642187Z", "fetched_at": "2025-07-15T16:20:18.932050+00:00", "symbol": "ADA-USD"}, {"trade_id": 143737016, "side": "sell", "size": "341.84027404", "price": "0.72820000", "time": "2025-07-15T16:16:31.642187Z", "fetched_at": "2025-07-15T16:20:18.932050+00:00", "symbol": "ADA-USD"}, {"trade_id": 143737015, "side": "sell", "size": "1.60000000", "price": "0.72820000", "time": "2025-07-15T16:16:31.642187Z", "fetched_at": "2025-07-15T16:20:18.932050+00:00", "symbol": "ADA-USD"}, {"trade_id": 143737014, "side": "sell", "size": "138.49395821", "price": "0.72810000", "time": "2025-07-15T16:16:31.642187Z", "fetched_at": "2025-07-15T16:20:18.932050+00:00", "symbol": "ADA-USD"}, {"trade_id": 143737013, "side": "sell", "size": "21.06092533", "price": "0.72810000", "time": "2025-07-15T16:16:31.642187Z", "fetched_at": "2025-07-15T16:20:18.932050+00:00", "symbol": "ADA-USD"}, {"trade_id": 143737012, "side": "sell", "size": "15.83108347", "price": "0.72790000", "time": "2025-07-15T16:16:29.210550Z", "fetched_at": "2025-07-15T16:20:18.932050+00:00", "symbol": "ADA-USD"}, {"trade_id": 143737011, "side": "buy", "size": "124.35901447", "price": "0.72800000", "time": "2025-07-15T16:16:28.638679Z", "fetched_at": "2025-07-15T16:20:18.932050+00:00", "symbol": "ADA-USD"}, {"trade_id": 143737010, "side": "buy", "size": "1067.63345920", "price": "0.72800000", "time": "2025-07-15T16:16:28.638679Z", "fetched_at": "2025-07-15T16:20:18.932050+00:00", "symbol": "ADA-USD"}, {"trade_id": 143737009, "side": "sell", "size": "720.19399733", "price": "0.72800000", "time": "2025-07-15T16:16:27.258132Z", "fetched_at": "2025-07-15T16:20:18.932050+00:00", "symbol": "ADA-USD"}, {"trade_id": 143737008, "side": "sell", "size": "47.88658990", "price": "0.72800000", "time": "2025-07-15T16:16:27.253688Z", "fetched_at": "2025-07-15T16:20:18.932050+00:00", "symbol": "ADA-USD"}, {"trade_id": 143737007, "side": "sell", "size": "19.95601010", "price": "0.72790000", "time": "2025-07-15T16:16:27.253688Z", "fetched_at": "2025-07-15T16:20:18.932050+00:00", "symbol": "ADA-USD"}, {"trade_id": 143737006, "side": "sell", "size": "178.60236893", "price": "0.72780000", "time": "2025-07-15T16:16:27.249801Z", "fetched_at": "2025-07-15T16:20:18.932050+00:00", "symbol": "ADA-USD"}, {"trade_id": 143737005, "side": "sell", "size": "2975.12770479", "price": "0.72790000", "time": "2025-07-15T16:16:27.238756Z", "fetched_at": "2025-07-15T16:20:18.932050+00:00", "symbol": "ADA-USD"}, {"trade_id": 143737004, "side": "sell", "size": "760.57836167", "price": "0.72790000", "time": "2025-07-15T16:16:27.238756Z", "fetched_at": "2025-07-15T16:20:18.932050+00:00", "symbol": "ADA-USD"}, {"trade_id": 143737003, "side": "sell", "size": "1674.63001000", "price": "0.72790000", "time": "2025-07-15T16:16:27.238756Z", "fetched_at": "2025-07-15T16:20:18.932050+00:00", "symbol": "ADA-USD"}, {"trade_id": 143737002, "side": "sell", "size": "809.02414319", "price": "0.72790000", "time": "2025-07-15T16:16:27.238756Z", "fetched_at": "2025-07-15T16:20:18.932050+00:00", "symbol": "ADA-USD"}, {"trade_id": 143737001, "side": "sell", "size": "567.00000000", "price": "0.72790000", "time": "2025-07-15T16:16:27.238756Z", "fetched_at": "2025-07-15T16:20:18.932050+00:00", "symbol": "ADA-USD"}, {"trade_id": 143737000, "side": "sell", "size": "178.60236893", "price": "0.72780000", "time": "2025-07-15T16:16:27.238756Z", "fetched_at": "2025-07-15T16:20:18.932050+00:00", "symbol": "ADA-USD"}, {"trade_id": 143736999, "side": "sell", "size": "51.00306000", "price": "0.72780000", "time": "2025-07-15T16:16:27.238756Z", "fetched_at": "2025-07-15T16:20:18.932050+00:00", "symbol": "ADA-USD"}, {"trade_id": 143736998, "side": "sell", "size": "567.00000000", "price": "0.72780000", "time": "2025-07-15T16:16:27.238756Z", "fetched_at": "2025-07-15T16:20:18.932050+00:00", "symbol": "ADA-USD"}, {"trade_id": 143736997, "side": "sell", "size": "26.60096403", "price": "0.72780000", "time": "2025-07-15T16:16:27.238756Z", "fetched_at": "2025-07-15T16:20:18.932050+00:00", "symbol": "ADA-USD"}, {"trade_id": 143736996, "side": "buy", "size": "9.26415796", "price": "0.72780000", "time": "2025-07-15T16:16:27.054068Z", "fetched_at": "2025-07-15T16:20:18.932050+00:00", "symbol": "ADA-USD"}, {"trade_id": 143736995, "side": "buy", "size": "8.79788986", "price": "0.72790000", "time": "2025-07-15T16:16:22.880024Z", "fetched_at": "2025-07-15T16:20:18.932050+00:00", "symbol": "ADA-USD"}, {"trade_id": 143736994, "side": "buy", "size": "28.43399548", "price": "0.72770000", "time": "2025-07-15T16:16:20.100484Z", "fetched_at": "2025-07-15T16:20:18.932050+00:00", "symbol": "ADA-USD"}, {"trade_id": 143736993, "side": "buy", "size": "1.60000000", "price": "0.72770000", "time": "2025-07-15T16:16:20.100484Z", "fetched_at": "2025-07-15T16:20:18.932050+00:00", "symbol": "ADA-USD"}, {"trade_id": 143736992, "side": "buy", "size": "18.36600452", "price": "0.72780000", "time": "2025-07-15T16:16:20.100484Z", "fetched_at": "2025-07-15T16:20:18.932050+00:00", "symbol": "ADA-USD"}, {"trade_id": 143736991, "side": "buy", "size": "1.60000000", "price": "0.72780000", "time": "2025-07-15T16:16:20.100484Z", "fetched_at": "2025-07-15T16:20:18.932050+00:00", "symbol": "ADA-USD"}, {"trade_id": 143736990, "side": "buy", "size": "18.36348137", "price": "0.72790000", "time": "2025-07-15T16:16:19.915333Z", "fetched_at": "2025-07-15T16:20:18.932050+00:00", "symbol": "ADA-USD"}, {"trade_id": 143736989, "side": "buy", "size": "1.60000000", "price": "0.72790000", "time": "2025-07-15T16:16:19.915333Z", "fetched_at": "2025-07-15T16:20:18.932050+00:00", "symbol": "ADA-USD"}, {"trade_id": 143736988, "side": "buy", "size": "18.29742193", "price": "0.72800000", "time": "2025-07-15T16:16:19.828775Z", "fetched_at": "2025-07-15T16:20:18.932050+00:00", "symbol": "ADA-USD"}, {"trade_id": 143736987, "side": "buy", "size": "1.60000000", "price": "0.72800000", "time": "2025-07-15T16:16:19.828775Z", "fetched_at": "2025-07-15T16:20:18.932050+00:00", "symbol": "ADA-USD"}, {"trade_id": 143736986, "side": "buy", "size": "22.16047983", "price": "0.72810000", "time": "2025-07-15T16:16:19.074756Z", "fetched_at": "2025-07-15T16:20:18.932050+00:00", "symbol": "ADA-USD"}, {"trade_id": 143736985, "side": "buy", "size": "1.60000000", "price": "0.72810000", "time": "2025-07-15T16:16:19.074756Z", "fetched_at": "2025-07-15T16:20:18.932050+00:00", "symbol": "ADA-USD"}, {"trade_id": 143736984, "side": "buy", "size": "0.00000220", "price": "0.72830000", "time": "2025-07-15T16:16:17.758803Z", "fetched_at": "2025-07-15T16:20:18.932050+00:00", "symbol": "ADA-USD"}, {"trade_id": 143736983, "side": "buy", "size": "36.21323000", "price": "0.72830000", "time": "2025-07-15T16:16:17.757812Z", "fetched_at": "2025-07-15T16:20:18.932050+00:00", "symbol": "ADA-USD"}, {"trade_id": 143736982, "side": "sell", "size": "1.60000000", "price": "0.72830000", "time": "2025-07-15T16:16:14.759299Z", "fetched_at": "2025-07-15T16:20:18.932050+00:00", "symbol": "ADA-USD"}, {"trade_id": 143736981, "side": "sell", "size": "178.55323000", "price": "0.72820000", "time": "2025-07-15T16:16:13.409296Z", "fetched_at": "2025-07-15T16:20:18.932050+00:00", "symbol": "ADA-USD"}, {"trade_id": 143736980, "side": "sell", "size": "1.60000000", "price": "0.72820000", "time": "2025-07-15T16:16:13.409296Z", "fetched_at": "2025-07-15T16:20:18.932050+00:00", "symbol": "ADA-USD"}, {"trade_id": 143736979, "side": "buy", "size": "82.97543415", "price": "0.72800000", "time": "2025-07-15T16:16:12.969070Z", "fetched_at": "2025-07-15T16:20:18.932050+00:00", "symbol": "ADA-USD"}, {"trade_id": 143736978, "side": "buy", "size": "6.29823685", "price": "0.72810000", "time": "2025-07-15T16:16:12.969070Z", "fetched_at": "2025-07-15T16:20:18.932050+00:00", "symbol": "ADA-USD"}, {"trade_id": 143736977, "side": "sell", "size": "2.21238938", "price": "0.72810000", "time": "2025-07-15T16:16:12.183487Z", "fetched_at": "2025-07-15T16:20:18.932050+00:00", "symbol": "ADA-USD"}, {"trade_id": 143736976, "side": "sell", "size": "532.47796343", "price": "0.72810000", "time": "2025-07-15T16:16:12.183487Z", "fetched_at": "2025-07-15T16:20:18.932050+00:00", "symbol": "ADA-USD"}, {"trade_id": 143736975, "side": "sell", "size": "83.53738300", "price": "0.72810000", "time": "2025-07-15T16:16:11.658143Z", "fetched_at": "2025-07-15T16:20:18.932050+00:00", "symbol": "ADA-USD"}, {"trade_id": 143736974, "side": "buy", "size": "385.50542361", "price": "0.72790000", "time": "2025-07-15T16:16:10.321322Z", "fetched_at": "2025-07-15T16:20:18.932050+00:00", "symbol": "ADA-USD"}, {"trade_id": 143736973, "side": "buy", "size": "500.00000000", "price": "0.72790000", "time": "2025-07-15T16:16:10.321322Z", "fetched_at": "2025-07-15T16:20:18.932050+00:00", "symbol": "ADA-USD"}, {"trade_id": 143736972, "side": "buy", "size": "567.00000000", "price": "0.72790000", "time": "2025-07-15T16:16:10.321322Z", "fetched_at": "2025-07-15T16:20:18.932050+00:00", "symbol": "ADA-USD"}, {"trade_id": 143736971, "side": "buy", "size": "1.60000000", "price": "0.72790000", "time": "2025-07-15T16:16:10.321322Z", "fetched_at": "2025-07-15T16:20:18.932050+00:00", "symbol": "ADA-USD"}, {"trade_id": 143736970, "side": "buy", "size": "5.50303639", "price": "0.72800000", "time": "2025-07-15T16:16:10.321322Z", "fetched_at": "2025-07-15T16:20:18.932050+00:00", "symbol": "ADA-USD"}, {"trade_id": 143736969, "side": "sell", "size": "26.97315197", "price": "0.72800000", "time": "2025-07-15T16:16:10.130834Z", "fetched_at": "2025-07-15T16:20:18.932050+00:00", "symbol": "ADA-USD"}, {"trade_id": 143736968, "side": "sell", "size": "35.93004931", "price": "0.72800000", "time": "2025-07-15T16:16:08.622475Z", "fetched_at": "2025-07-15T16:20:18.932050+00:00", "symbol": "ADA-USD"}, {"trade_id": 143736967, "side": "buy", "size": "130.79478613", "price": "0.72810000", "time": "2025-07-15T16:16:08.572398Z", "fetched_at": "2025-07-15T16:20:18.932050+00:00", "symbol": "ADA-USD"}, {"trade_id": 143736966, "side": "buy", "size": "137.31724000", "price": "0.72820000", "time": "2025-07-15T16:16:08.370480Z", "fetched_at": "2025-07-15T16:20:18.932050+00:00", "symbol": "ADA-USD"}, {"trade_id": 143736965, "side": "buy", "size": "137.31724000", "price": "0.72820000", "time": "2025-07-15T16:16:08.356569Z", "fetched_at": "2025-07-15T16:20:18.932050+00:00", "symbol": "ADA-USD"}, {"trade_id": 143736964, "side": "buy", "size": "3.15978400", "price": "0.72820000", "time": "2025-07-15T16:16:07.855233Z", "fetched_at": "2025-07-15T16:20:18.932050+00:00", "symbol": "ADA-USD"}, {"trade_id": 143736963, "side": "sell", "size": "1.60000000", "price": "0.72820000", "time": "2025-07-15T16:16:06.938324Z", "fetched_at": "2025-07-15T16:20:18.932050+00:00", "symbol": "ADA-USD"}, {"trade_id": 143736962, "side": "sell", "size": "826.71002066", "price": "0.72810000", "time": "2025-07-15T16:16:05.392050Z", "fetched_at": "2025-07-15T16:20:18.932050+00:00", "symbol": "ADA-USD"}, {"trade_id": 143736961, "side": "sell", "size": "118.93041000", "price": "0.72810000", "time": "2025-07-15T16:16:05.388593Z", "fetched_at": "2025-07-15T16:20:18.932050+00:00", "symbol": "ADA-USD"}, {"trade_id": 143736960, "side": "sell", "size": "252.55966000", "price": "0.72810000", "time": "2025-07-15T16:16:05.368305Z", "fetched_at": "2025-07-15T16:20:18.932050+00:00", "symbol": "ADA-USD"}, {"trade_id": 143736959, "side": "sell", "size": "179.01797000", "price": "0.72810000", "time": "2025-07-15T16:16:05.289288Z", "fetched_at": "2025-07-15T16:20:18.932050+00:00", "symbol": "ADA-USD"}, {"trade_id": 143736958, "side": "sell", "size": "1.60000000", "price": "0.72810000", "time": "2025-07-15T16:16:05.289288Z", "fetched_at": "2025-07-15T16:20:18.932050+00:00", "symbol": "ADA-USD"}, {"trade_id": 143736957, "side": "sell", "size": "1.60000000", "price": "0.72800000", "time": "2025-07-15T16:16:03.823659Z", "fetched_at": "2025-07-15T16:20:18.932050+00:00", "symbol": "ADA-USD"}, {"trade_id": 143736956, "side": "sell", "size": "1.60000000", "price": "0.72790000", "time": "2025-07-15T16:16:03.677434Z", "fetched_at": "2025-07-15T16:20:18.932050+00:00", "symbol": "ADA-USD"}, {"trade_id": 143736955, "side": "sell", "size": "1.60000000", "price": "0.72780000", "time": "2025-07-15T16:16:01.284392Z", "fetched_at": "2025-07-15T16:20:18.932050+00:00", "symbol": "ADA-USD"}, {"trade_id": 143736954, "side": "sell", "size": "1.60000000", "price": "0.72770000", "time": "2025-07-15T16:15:55.563967Z", "fetched_at": "2025-07-15T16:20:18.932050+00:00", "symbol": "ADA-USD"}, {"trade_id": 143736953, "side": "sell", "size": "1.60000000", "price": "0.72760000", "time": "2025-07-15T16:15:55.563967Z", "fetched_at": "2025-07-15T16:20:18.932050+00:00", "symbol": "ADA-USD"}, {"trade_id": 143736952, "side": "sell", "size": "2.55900178", "price": "0.72750000", "time": "2025-07-15T16:15:53.554450Z", "fetched_at": "2025-07-15T16:20:18.932050+00:00", "symbol": "ADA-USD"}, {"trade_id": 143736951, "side": "sell", "size": "49.58811000", "price": "0.72750000", "time": "2025-07-15T16:15:50.545740Z", "fetched_at": "2025-07-15T16:20:18.932050+00:00", "symbol": "ADA-USD"}, {"trade_id": 143736950, "side": "sell", "size": "25.14239700", "price": "0.72750000", "time": "2025-07-15T16:15:50.343601Z", "fetched_at": "2025-07-15T16:20:18.932050+00:00", "symbol": "ADA-USD"}, {"trade_id": 143736949, "side": "sell", "size": "1.60000000", "price": "0.72750000", "time": "2025-07-15T16:15:50.343601Z", "fetched_at": "2025-07-15T16:20:18.932050+00:00", "symbol": "ADA-USD"}, {"trade_id": 143736948, "side": "sell", "size": "1.60000000", "price": "0.72740000", "time": "2025-07-15T16:15:49.684388Z", "fetched_at": "2025-07-15T16:20:18.932050+00:00", "symbol": "ADA-USD"}, {"trade_id": 143736947, "side": "buy", "size": "67.84260000", "price": "0.72730000", "time": "2025-07-15T16:15:48.178613Z", "fetched_at": "2025-07-15T16:20:18.932050+00:00", "symbol": "ADA-USD"}, {"trade_id": 143736946, "side": "sell", "size": "1306.65289450", "price": "0.72730000", "time": "2025-07-15T16:15:47.555753Z", "fetched_at": "2025-07-15T16:20:18.932050+00:00", "symbol": "ADA-USD"}, {"trade_id": 143736945, "side": "sell", "size": "983.43325414", "price": "0.72730000", "time": "2025-07-15T16:15:47.555753Z", "fetched_at": "2025-07-15T16:20:18.932050+00:00", "symbol": "ADA-USD"}, {"trade_id": 143736944, "side": "sell", "size": "435.65475091", "price": "0.72730000", "time": "2025-07-15T16:15:47.555753Z", "fetched_at": "2025-07-15T16:20:18.932050+00:00", "symbol": "ADA-USD"}, {"trade_id": 143736943, "side": "sell", "size": "809.02414319", "price": "0.72730000", "time": "2025-07-15T16:15:47.555753Z", "fetched_at": "2025-07-15T16:20:18.932050+00:00", "symbol": "ADA-USD"}, {"trade_id": 143736942, "side": "sell", "size": "0.00000501", "price": "0.72720000", "time": "2025-07-15T16:15:47.555753Z", "fetched_at": "2025-07-15T16:20:18.932050+00:00", "symbol": "ADA-USD"}, {"trade_id": 143736941, "side": "sell", "size": "128.77514000", "price": "0.72720000", "time": "2025-07-15T16:15:47.551157Z", "fetched_at": "2025-07-15T16:20:18.932050+00:00", "symbol": "ADA-USD"}, {"trade_id": 143736940, "side": "sell", "size": "7.75720600", "price": "0.72720000", "time": "2025-07-15T16:15:46.422726Z", "fetched_at": "2025-07-15T16:20:18.932050+00:00", "symbol": "ADA-USD"}, {"trade_id": 143736939, "side": "buy", "size": "60.80760423", "price": "0.72720000", "time": "2025-07-15T16:15:45.086116Z", "fetched_at": "2025-07-15T16:20:18.932050+00:00", "symbol": "ADA-USD"}, {"trade_id": 143736938, "side": "buy", "size": "7.03499577", "price": "0.72720000", "time": "2025-07-15T16:15:45.086116Z", "fetched_at": "2025-07-15T16:20:18.932050+00:00", "symbol": "ADA-USD"}, {"trade_id": 143736937, "side": "buy", "size": "1325.33797998", "price": "0.72730000", "time": "2025-07-15T16:15:45.084810Z", "fetched_at": "2025-07-15T16:20:18.932050+00:00", "symbol": "ADA-USD"}, {"trade_id": 143736936, "side": "buy", "size": "952.53524292", "price": "0.72730000", "time": "2025-07-15T16:15:45.084810Z", "fetched_at": "2025-07-15T16:20:18.932050+00:00", "symbol": "ADA-USD"}, {"trade_id": 143736935, "side": "buy", "size": "809.02414319", "price": "0.72730000", "time": "2025-07-15T16:15:45.084810Z", "fetched_at": "2025-07-15T16:20:18.932050+00:00", "symbol": "ADA-USD"}, {"trade_id": 143736934, "side": "buy", "size": "500.00000000", "price": "0.72730000", "time": "2025-07-15T16:15:45.084810Z", "fetched_at": "2025-07-15T16:20:18.932050+00:00", "symbol": "ADA-USD"}, {"trade_id": 143736933, "side": "buy", "size": "124.00000133", "price": "0.72740000", "time": "2025-07-15T16:15:45.084810Z", "fetched_at": "2025-07-15T16:20:18.932050+00:00", "symbol": "ADA-USD"}, {"trade_id": 143736932, "side": "buy", "size": "34.92557898", "price": "0.72740000", "time": "2025-07-15T16:15:44.895550Z", "fetched_at": "2025-07-15T16:20:18.932050+00:00", "symbol": "ADA-USD"}, {"trade_id": 143736931, "side": "buy", "size": "6.76645702", "price": "0.72740000", "time": "2025-07-15T16:15:44.895550Z", "fetched_at": "2025-07-15T16:20:18.932050+00:00", "symbol": "ADA-USD"}, {"trade_id": 143736930, "side": "sell", "size": "1.60000000", "price": "0.72740000", "time": "2025-07-15T16:15:44.598721Z", "fetched_at": "2025-07-15T16:20:18.932050+00:00", "symbol": "ADA-USD"}, {"trade_id": 143736929, "side": "sell", "size": "1.60000000", "price": "0.72730000", "time": "2025-07-15T16:15:44.467748Z", "fetched_at": "2025-07-15T16:20:18.932050+00:00", "symbol": "ADA-USD"}, {"trade_id": 143736928, "side": "sell", "size": "1.60000000", "price": "0.72720000", "time": "2025-07-15T16:15:44.320411Z", "fetched_at": "2025-07-15T16:20:18.932050+00:00", "symbol": "ADA-USD"}, {"trade_id": 143736927, "side": "sell", "size": "1.60000000", "price": "0.72710000", "time": "2025-07-15T16:15:44.271658Z", "fetched_at": "2025-07-15T16:20:18.932050+00:00", "symbol": "ADA-USD"}, {"trade_id": 143736926, "side": "buy", "size": "7.90570446", "price": "0.72700000", "time": "2025-07-15T16:15:43.917124Z", "fetched_at": "2025-07-15T16:20:18.932050+00:00", "symbol": "ADA-USD"}, {"trade_id": 143736925, "side": "sell", "size": "1128.92440948", "price": "0.72700000", "time": "2025-07-15T16:15:43.898813Z", "fetched_at": "2025-07-15T16:20:18.932050+00:00", "symbol": "ADA-USD"}, {"trade_id": 143736924, "side": "sell", "size": "396.73189895", "price": "0.72700000", "time": "2025-07-15T16:15:43.898813Z", "fetched_at": "2025-07-15T16:20:18.932050+00:00", "symbol": "ADA-USD"}, {"trade_id": 143736923, "side": "sell", "size": "809.02414319", "price": "0.72700000", "time": "2025-07-15T16:15:43.898813Z", "fetched_at": "2025-07-15T16:20:18.932050+00:00", "symbol": "ADA-USD"}, {"trade_id": 143736922, "side": "sell", "size": "1.60000000", "price": "0.72700000", "time": "2025-07-15T16:15:43.898813Z", "fetched_at": "2025-07-15T16:20:18.932050+00:00", "symbol": "ADA-USD"}, {"trade_id": 143736921, "side": "sell", "size": "30.22169842", "price": "0.72690000", "time": "2025-07-15T16:15:43.898813Z", "fetched_at": "2025-07-15T16:20:18.932050+00:00", "symbol": "ADA-USD"}, {"trade_id": 143736920, "side": "sell", "size": "270.75213200", "price": "0.72700000", "time": "2025-07-15T16:15:37.686357Z", "fetched_at": "2025-07-15T16:20:18.932050+00:00", "symbol": "ADA-USD"}, {"trade_id": 143736919, "side": "sell", "size": "1.60000000", "price": "0.72690000", "time": "2025-07-15T16:15:37.686357Z", "fetched_at": "2025-07-15T16:20:18.932050+00:00", "symbol": "ADA-USD"}, {"trade_id": 143736918, "side": "sell", "size": "1.60000000", "price": "0.72680000", "time": "2025-07-15T16:15:37.584600Z", "fetched_at": "2025-07-15T16:20:18.932050+00:00", "symbol": "ADA-USD"}, {"trade_id": 143736917, "side": "sell", "size": "0.00000917", "price": "0.72670000", "time": "2025-07-15T16:15:35.701594Z", "fetched_at": "2025-07-15T16:20:18.932050+00:00", "symbol": "ADA-USD"}, {"trade_id": 143736916, "side": "sell", "size": "117.83362000", "price": "0.72670000", "time": "2025-07-15T16:15:35.425637Z", "fetched_at": "2025-07-15T16:20:18.932050+00:00", "symbol": "ADA-USD"}, {"trade_id": 143736915, "side": "sell", "size": "178.89730000", "price": "0.72660000", "time": "2025-07-15T16:15:34.509806Z", "fetched_at": "2025-07-15T16:20:18.932050+00:00", "symbol": "ADA-USD"}, {"trade_id": 143736914, "side": "buy", "size": "1.60000000", "price": "0.72640000", "time": "2025-07-15T16:15:33.917951Z", "fetched_at": "2025-07-15T16:20:18.932050+00:00", "symbol": "ADA-USD"}, {"trade_id": 143736913, "side": "buy", "size": "7.46747288", "price": "0.72650000", "time": "2025-07-15T16:15:33.915535Z", "fetched_at": "2025-07-15T16:20:18.932050+00:00", "symbol": "ADA-USD"}, {"trade_id": 143736912, "side": "buy", "size": "267.25022458", "price": "0.72650000", "time": "2025-07-15T16:15:33.615529Z", "fetched_at": "2025-07-15T16:20:18.932050+00:00", "symbol": "ADA-USD"}, {"trade_id": 143736911, "side": "buy", "size": "7.89078542", "price": "0.72650000", "time": "2025-07-15T16:15:33.615529Z", "fetched_at": "2025-07-15T16:20:18.932050+00:00", "symbol": "ADA-USD"}, {"trade_id": 143736910, "side": "buy", "size": "26.42559248", "price": "0.72650000", "time": "2025-07-15T16:15:32.295352Z", "fetched_at": "2025-07-15T16:20:18.932050+00:00", "symbol": "ADA-USD"}, {"trade_id": 143736909, "side": "buy", "size": "41.41700752", "price": "0.72650000", "time": "2025-07-15T16:15:32.295352Z", "fetched_at": "2025-07-15T16:20:18.932050+00:00", "symbol": "ADA-USD"}, {"trade_id": 143736908, "side": "buy", "size": "684.87284917", "price": "0.72640000", "time": "2025-07-15T16:15:32.257282Z", "fetched_at": "2025-07-15T16:20:18.932050+00:00", "symbol": "ADA-USD"}, {"trade_id": 143736907, "side": "buy", "size": "567.00000000", "price": "0.72650000", "time": "2025-07-15T16:15:32.257282Z", "fetched_at": "2025-07-15T16:20:18.932050+00:00", "symbol": "ADA-USD"}, {"trade_id": 143736906, "side": "buy", "size": "41.35715083", "price": "0.72650000", "time": "2025-07-15T16:15:32.257282Z", "fetched_at": "2025-07-15T16:20:18.932050+00:00", "symbol": "ADA-USD"}, {"trade_id": 143736905, "side": "buy", "size": "1.60000000", "price": "0.72650000", "time": "2025-07-15T16:15:32.257282Z", "fetched_at": "2025-07-15T16:20:18.932050+00:00", "symbol": "ADA-USD"}, {"trade_id": 143736904, "side": "buy", "size": "664.64290059", "price": "0.72660000", "time": "2025-07-15T16:15:31.775378Z", "fetched_at": "2025-07-15T16:20:18.932050+00:00", "symbol": "ADA-USD"}, {"trade_id": 143736903, "side": "buy", "size": "1.60000000", "price": "0.72660000", "time": "2025-07-15T16:15:31.775378Z", "fetched_at": "2025-07-15T16:20:18.932050+00:00", "symbol": "ADA-USD"}, {"trade_id": 143736902, "side": "buy", "size": "11.19925336", "price": "0.72670000", "time": "2025-07-15T16:15:29.539444Z", "fetched_at": "2025-07-15T16:20:18.932050+00:00", "symbol": "ADA-USD"}, {"trade_id": 143736901, "side": "buy", "size": "1.60000000", "price": "0.72670000", "time": "2025-07-15T16:15:29.539444Z", "fetched_at": "2025-07-15T16:20:18.932050+00:00", "symbol": "ADA-USD"}, {"trade_id": 143736900, "side": "buy", "size": "55.04334664", "price": "0.72670000", "time": "2025-07-15T16:15:29.539444Z", "fetched_at": "2025-07-15T16:20:18.932050+00:00", "symbol": "ADA-USD"}, {"trade_id": 143736899, "side": "buy", "size": "19.23630963", "price": "0.72680000", "time": "2025-07-15T16:15:27.305250Z", "fetched_at": "2025-07-15T16:20:18.932050+00:00", "symbol": "ADA-USD"}, {"trade_id": 143736898, "side": "buy", "size": "1.96374622", "price": "0.72680000", "time": "2025-07-15T16:15:27.305250Z", "fetched_at": "2025-07-15T16:20:18.932050+00:00", "symbol": "ADA-USD"}, {"trade_id": 143736897, "side": "buy", "size": "1.60000000", "price": "0.72680000", "time": "2025-07-15T16:15:27.305250Z", "fetched_at": "2025-07-15T16:20:18.932050+00:00", "symbol": "ADA-USD"}, {"trade_id": 143736896, "side": "sell", "size": "26.73136200", "price": "0.72690000", "time": "2025-07-15T16:15:27.068195Z", "fetched_at": "2025-07-15T16:20:18.932050+00:00", "symbol": "ADA-USD"}, {"trade_id": 143736895, "side": "sell", "size": "1.98894300", "price": "0.72690000", "time": "2025-07-15T16:15:25.426367Z", "fetched_at": "2025-07-15T16:20:18.932050+00:00", "symbol": "ADA-USD"}, {"trade_id": 143736894, "side": "sell", "size": "34.04401700", "price": "0.72700000", "time": "2025-07-15T16:15:23.265263Z", "fetched_at": "2025-07-15T16:20:18.932050+00:00", "symbol": "ADA-USD"}, {"trade_id": 143736893, "side": "buy", "size": "51.00306000", "price": "0.72690000", "time": "2025-07-15T16:15:23.155102Z", "fetched_at": "2025-07-15T16:20:18.932050+00:00", "symbol": "ADA-USD"}, {"trade_id": 143736892, "side": "buy", "size": "37.38416885", "price": "0.72690000", "time": "2025-07-15T16:15:23.155102Z", "fetched_at": "2025-07-15T16:20:18.932050+00:00", "symbol": "ADA-USD"}, {"trade_id": 143736891, "side": "buy", "size": "679.75231679", "price": "0.72690000", "time": "2025-07-15T16:15:23.155102Z", "fetched_at": "2025-07-15T16:20:18.932050+00:00", "symbol": "ADA-USD"}, {"trade_id": 143736890, "side": "buy", "size": "1.60000000", "price": "0.72690000", "time": "2025-07-15T16:15:23.155102Z", "fetched_at": "2025-07-15T16:20:18.932050+00:00", "symbol": "ADA-USD"}, {"trade_id": 143736889, "side": "buy", "size": "3294.97926553", "price": "0.72690000", "time": "2025-07-15T16:15:23.155102Z", "fetched_at": "2025-07-15T16:20:18.932050+00:00", "symbol": "ADA-USD"}, {"trade_id": 143736888, "side": "buy", "size": "67.84260000", "price": "0.72690000", "time": "2025-07-15T16:15:23.153094Z", "fetched_at": "2025-07-15T16:20:18.932050+00:00", "symbol": "ADA-USD"}, {"trade_id": 143736887, "side": "buy", "size": "67.84260000", "price": "0.72710000", "time": "2025-07-15T16:15:21.163603Z", "fetched_at": "2025-07-15T16:20:18.932050+00:00", "symbol": "ADA-USD"}, {"trade_id": 143736886, "side": "sell", "size": "83.16381600", "price": "0.72730000", "time": "2025-07-15T16:15:20.308227Z", "fetched_at": "2025-07-15T16:20:18.932050+00:00", "symbol": "ADA-USD"}, {"trade_id": 143736885, "side": "sell", "size": "1.60000000", "price": "0.72730000", "time": "2025-07-15T16:15:20.308227Z", "fetched_at": "2025-07-15T16:20:18.932050+00:00", "symbol": "ADA-USD"}, {"trade_id": 143736884, "side": "sell", "size": "1.60000000", "price": "0.72720000", "time": "2025-07-15T16:15:18.932646Z", "fetched_at": "2025-07-15T16:20:18.932050+00:00", "symbol": "ADA-USD"}, {"trade_id": 143736883, "side": "sell", "size": "178.79918000", "price": "0.72700000", "time": "2025-07-15T16:15:16.483719Z", "fetched_at": "2025-07-15T16:20:18.932050+00:00", "symbol": "ADA-USD"}, {"trade_id": 143736882, "side": "buy", "size": "53.45764238", "price": "0.72700000", "time": "2025-07-15T16:15:16.282304Z", "fetched_at": "2025-07-15T16:20:18.932050+00:00", "symbol": "ADA-USD"}, {"trade_id": 143736881, "side": "buy", "size": "1.60000000", "price": "0.72700000", "time": "2025-07-15T16:15:16.282304Z", "fetched_at": "2025-07-15T16:20:18.932050+00:00", "symbol": "ADA-USD"}, {"trade_id": 143736880, "side": "buy", "size": "12.78495762", "price": "0.72700000", "time": "2025-07-15T16:15:16.282304Z", "fetched_at": "2025-07-15T16:20:18.932050+00:00", "symbol": "ADA-USD"}, {"trade_id": 143736879, "side": "buy", "size": "19.24607822", "price": "0.72720000", "time": "2025-07-15T16:15:14.955325Z", "fetched_at": "2025-07-15T16:20:18.932050+00:00", "symbol": "ADA-USD"}, {"trade_id": 143736878, "side": "buy", "size": "1.60000000", "price": "0.72720000", "time": "2025-07-15T16:15:14.955325Z", "fetched_at": "2025-07-15T16:20:18.932050+00:00", "symbol": "ADA-USD"}, {"trade_id": 143736877, "side": "buy", "size": "617.27621799", "price": "0.72730000", "time": "2025-07-15T16:15:14.430521Z", "fetched_at": "2025-07-15T16:20:18.932050+00:00", "symbol": "ADA-USD"}, {"trade_id": 143736876, "side": "buy", "size": "809.02414319", "price": "0.72730000", "time": "2025-07-15T16:15:14.430521Z", "fetched_at": "2025-07-15T16:20:18.932050+00:00", "symbol": "ADA-USD"}, {"trade_id": 143736875, "side": "buy", "size": "37.67560645", "price": "0.72740000", "time": "2025-07-15T16:15:14.430521Z", "fetched_at": "2025-07-15T16:20:18.932050+00:00", "symbol": "ADA-USD"}, {"trade_id": 143736874, "side": "buy", "size": "161.68917531", "price": "0.72740000", "time": "2025-07-15T16:15:13.492247Z", "fetched_at": "2025-07-15T16:20:18.932050+00:00", "symbol": "ADA-USD"}, {"trade_id": 143736873, "side": "buy", "size": "67.84260000", "price": "0.72740000", "time": "2025-07-15T16:15:13.015343Z", "fetched_at": "2025-07-15T16:20:18.932050+00:00", "symbol": "ADA-USD"}, {"trade_id": 143736872, "side": "sell", "size": "85.87077000", "price": "0.72710000", "time": "2025-07-15T16:15:12.062212Z", "fetched_at": "2025-07-15T16:20:18.932050+00:00", "symbol": "ADA-USD"}, {"trade_id": 143736871, "side": "sell", "size": "178.72249984", "price": "0.72700000", "time": "2025-07-15T16:15:11.730097Z", "fetched_at": "2025-07-15T16:20:18.932050+00:00", "symbol": "ADA-USD"}, {"trade_id": 143736870, "side": "buy", "size": "67.84260000", "price": "0.72690000", "time": "2025-07-15T16:15:11.686424Z", "fetched_at": "2025-07-15T16:20:18.932050+00:00", "symbol": "ADA-USD"}, {"trade_id": 143736869, "side": "sell", "size": "178.72249000", "price": "0.72700000", "time": "2025-07-15T16:15:11.675700Z", "fetched_at": "2025-07-15T16:20:18.932050+00:00", "symbol": "ADA-USD"}, {"trade_id": 143736868, "side": "buy", "size": "1.60000000", "price": "0.72700000", "time": "2025-07-15T16:15:11.487504Z", "fetched_at": "2025-07-15T16:20:18.932050+00:00", "symbol": "ADA-USD"}, {"trade_id": 143736867, "side": "buy", "size": "1.60000000", "price": "0.72710000", "time": "2025-07-15T16:15:11.391180Z", "fetched_at": "2025-07-15T16:20:18.932050+00:00", "symbol": "ADA-USD"}, {"trade_id": 143736866, "side": "buy", "size": "1.60000000", "price": "0.72720000", "time": "2025-07-15T16:15:11.158583Z", "fetched_at": "2025-07-15T16:20:18.932050+00:00", "symbol": "ADA-USD"}, {"trade_id": 143736865, "side": "buy", "size": "3.89056049", "price": "0.72730000", "time": "2025-07-15T16:15:10.502482Z", "fetched_at": "2025-07-15T16:20:18.932050+00:00", "symbol": "ADA-USD"}, {"trade_id": 143736864, "side": "sell", "size": "11.27039300", "price": "0.72740000", "time": "2025-07-15T16:15:10.151319Z", "fetched_at": "2025-07-15T16:20:18.932050+00:00", "symbol": "ADA-USD"}, {"trade_id": 143736863, "side": "sell", "size": "322.16900126", "price": "0.72750000", "time": "2025-07-15T16:15:09.387902Z", "fetched_at": "2025-07-15T16:20:18.932050+00:00", "symbol": "ADA-USD"}, {"trade_id": 143736862, "side": "sell", "size": "567.00000000", "price": "0.72750000", "time": "2025-07-15T16:15:09.387902Z", "fetched_at": "2025-07-15T16:20:18.932050+00:00", "symbol": "ADA-USD"}, {"trade_id": 143736861, "side": "sell", "size": "178.70080974", "price": "0.72740000", "time": "2025-07-15T16:15:09.387902Z", "fetched_at": "2025-07-15T16:20:18.932050+00:00", "symbol": "ADA-USD"}, {"trade_id": 143736860, "side": "sell", "size": "178.70080974", "price": "0.72740000", "time": "2025-07-15T16:15:09.089061Z", "fetched_at": "2025-07-15T16:20:18.932050+00:00", "symbol": "ADA-USD"}, {"trade_id": 143736859, "side": "sell", "size": "567.00000000", "price": "0.72740000", "time": "2025-07-15T16:15:09.089061Z", "fetched_at": "2025-07-15T16:20:18.932050+00:00", "symbol": "ADA-USD"}, {"trade_id": 143736858, "side": "buy", "size": "172.23860000", "price": "0.72730000", "time": "2025-07-15T16:15:08.546471Z", "fetched_at": "2025-07-15T16:20:18.932050+00:00", "symbol": "ADA-USD"}, {"trade_id": 143736857, "side": "buy", "size": "172.23860000", "price": "0.72730000", "time": "2025-07-15T16:15:08.497523Z", "fetched_at": "2025-07-15T16:20:18.932050+00:00", "symbol": "ADA-USD"}, {"trade_id": 143736856, "side": "buy", "size": "173.79230000", "price": "0.72730000", "time": "2025-07-15T16:15:08.487166Z", "fetched_at": "2025-07-15T16:20:18.932050+00:00", "symbol": "ADA-USD"}, {"trade_id": 143736855, "side": "buy", "size": "1.60000000", "price": "0.72730000", "time": "2025-07-15T16:15:08.487166Z", "fetched_at": "2025-07-15T16:20:18.932050+00:00", "symbol": "ADA-USD"}