[{"trade_id": 143729251, "side": "sell", "size": "1.04865772", "price": "0.71890000", "time": "2025-07-15T15:10:48.277591Z", "fetched_at": "2025-07-15T15:10:50.077718+00:00", "symbol": "ADA-USD"}, {"trade_id": 143729250, "side": "buy", "size": "109.89495042", "price": "0.71860000", "time": "2025-07-15T15:10:47.250986Z", "fetched_at": "2025-07-15T15:10:50.077718+00:00", "symbol": "ADA-USD"}, {"trade_id": 143729249, "side": "buy", "size": "1.60000000", "price": "0.71860000", "time": "2025-07-15T15:10:47.250986Z", "fetched_at": "2025-07-15T15:10:50.077718+00:00", "symbol": "ADA-USD"}, {"trade_id": 143729248, "side": "buy", "size": "1695.59641000", "price": "0.71870000", "time": "2025-07-15T15:10:47.250986Z", "fetched_at": "2025-07-15T15:10:50.077718+00:00", "symbol": "ADA-USD"}, {"trade_id": 143729247, "side": "buy", "size": "527.12866291", "price": "0.71870000", "time": "2025-07-15T15:10:47.250986Z", "fetched_at": "2025-07-15T15:10:50.077718+00:00", "symbol": "ADA-USD"}, {"trade_id": 143729246, "side": "buy", "size": "1.60000000", "price": "0.71870000", "time": "2025-07-15T15:10:47.250986Z", "fetched_at": "2025-07-15T15:10:50.077718+00:00", "symbol": "ADA-USD"}, {"trade_id": 143729245, "side": "buy", "size": "744.47770867", "price": "0.71880000", "time": "2025-07-15T15:10:47.250986Z", "fetched_at": "2025-07-15T15:10:50.077718+00:00", "symbol": "ADA-USD"}, {"trade_id": 143729244, "side": "buy", "size": "301.63940000", "price": "0.71880000", "time": "2025-07-15T15:10:47.250986Z", "fetched_at": "2025-07-15T15:10:50.077718+00:00", "symbol": "ADA-USD"}, {"trade_id": 143729243, "side": "buy", "size": "1.60000000", "price": "0.71880000", "time": "2025-07-15T15:10:47.250986Z", "fetched_at": "2025-07-15T15:10:50.077718+00:00", "symbol": "ADA-USD"}, {"trade_id": 143729242, "side": "buy", "size": "2.11115149", "price": "0.71900000", "time": "2025-07-15T15:10:37.734429Z", "fetched_at": "2025-07-15T15:10:50.077718+00:00", "symbol": "ADA-USD"}, {"trade_id": 143729241, "side": "buy", "size": "2.11115149", "price": "0.71900000", "time": "2025-07-15T15:10:37.719641Z", "fetched_at": "2025-07-15T15:10:50.077718+00:00", "symbol": "ADA-USD"}, {"trade_id": 143729240, "side": "buy", "size": "2.11115149", "price": "0.71900000", "time": "2025-07-15T15:10:37.702775Z", "fetched_at": "2025-07-15T15:10:50.077718+00:00", "symbol": "ADA-USD"}, {"trade_id": 143729239, "side": "buy", "size": "2.09612434", "price": "0.71900000", "time": "2025-07-15T15:10:37.691605Z", "fetched_at": "2025-07-15T15:10:50.077718+00:00", "symbol": "ADA-USD"}, {"trade_id": 143729238, "side": "buy", "size": "225.61531400", "price": "0.71900000", "time": "2025-07-15T15:10:37.403656Z", "fetched_at": "2025-07-15T15:10:50.077718+00:00", "symbol": "ADA-USD"}, {"trade_id": 143729237, "side": "buy", "size": "236.04576889", "price": "0.71880000", "time": "2025-07-15T15:10:36.809256Z", "fetched_at": "2025-07-15T15:10:50.077718+00:00", "symbol": "ADA-USD"}, {"trade_id": 143729236, "side": "buy", "size": "1.60000000", "price": "0.71880000", "time": "2025-07-15T15:10:36.809256Z", "fetched_at": "2025-07-15T15:10:50.077718+00:00", "symbol": "ADA-USD"}, {"trade_id": 143729235, "side": "buy", "size": "301.63940000", "price": "0.71890000", "time": "2025-07-15T15:10:36.809256Z", "fetched_at": "2025-07-15T15:10:50.077718+00:00", "symbol": "ADA-USD"}, {"trade_id": 143729234, "side": "buy", "size": "2.47234611", "price": "0.71890000", "time": "2025-07-15T15:10:36.809256Z", "fetched_at": "2025-07-15T15:10:50.077718+00:00", "symbol": "ADA-USD"}, {"trade_id": 143729233, "side": "sell", "size": "6.87904200", "price": "0.71890000", "time": "2025-07-15T15:10:36.140884Z", "fetched_at": "2025-07-15T15:10:50.077718+00:00", "symbol": "ADA-USD"}, {"trade_id": 143729232, "side": "sell", "size": "67.55067400", "price": "0.71890000", "time": "2025-07-15T15:10:36.024386Z", "fetched_at": "2025-07-15T15:10:50.077718+00:00", "symbol": "ADA-USD"}, {"trade_id": 143729231, "side": "buy", "size": "3.39574670", "price": "0.71890000", "time": "2025-07-15T15:10:33.873868Z", "fetched_at": "2025-07-15T15:10:50.077718+00:00", "symbol": "ADA-USD"}, {"trade_id": 143729230, "side": "buy", "size": "1.60000000", "price": "0.71890000", "time": "2025-07-15T15:10:33.873868Z", "fetched_at": "2025-07-15T15:10:50.077718+00:00", "symbol": "ADA-USD"}, {"trade_id": 143729229, "side": "sell", "size": "2.40825700", "price": "0.71900000", "time": "2025-07-15T15:10:33.633927Z", "fetched_at": "2025-07-15T15:10:50.077718+00:00", "symbol": "ADA-USD"}, {"trade_id": 143729228, "side": "buy", "size": "10.16002598", "price": "0.71900000", "time": "2025-07-15T15:10:33.167938Z", "fetched_at": "2025-07-15T15:10:50.077718+00:00", "symbol": "ADA-USD"}, {"trade_id": 143729227, "side": "sell", "size": "0.00930000", "price": "0.71910000", "time": "2025-07-15T15:10:32.676411Z", "fetched_at": "2025-07-15T15:10:50.077718+00:00", "symbol": "ADA-USD"}, {"trade_id": 143729226, "side": "sell", "size": "15.42015736", "price": "0.71900000", "time": "2025-07-15T15:10:32.308209Z", "fetched_at": "2025-07-15T15:10:50.077718+00:00", "symbol": "ADA-USD"}, {"trade_id": 143729225, "side": "buy", "size": "695.40456613", "price": "0.71900000", "time": "2025-07-15T15:10:32.303317Z", "fetched_at": "2025-07-15T15:10:50.077718+00:00", "symbol": "ADA-USD"}, {"trade_id": 143729224, "side": "buy", "size": "1.60000000", "price": "0.71900000", "time": "2025-07-15T15:10:32.303317Z", "fetched_at": "2025-07-15T15:10:50.077718+00:00", "symbol": "ADA-USD"}, {"trade_id": 143729223, "side": "buy", "size": "301.63940000", "price": "0.71910000", "time": "2025-07-15T15:10:32.297856Z", "fetched_at": "2025-07-15T15:10:50.077718+00:00", "symbol": "ADA-USD"}, {"trade_id": 143729222, "side": "buy", "size": "13.90627173", "price": "0.71910000", "time": "2025-07-15T15:10:32.297856Z", "fetched_at": "2025-07-15T15:10:50.077718+00:00", "symbol": "ADA-USD"}, {"trade_id": 143729221, "side": "sell", "size": "68.78821600", "price": "0.71920000", "time": "2025-07-15T15:10:31.926533Z", "fetched_at": "2025-07-15T15:10:50.077718+00:00", "symbol": "ADA-USD"}, {"trade_id": 143729220, "side": "buy", "size": "678.41441513", "price": "0.71930000", "time": "2025-07-15T15:10:30.364273Z", "fetched_at": "2025-07-15T15:10:50.077718+00:00", "symbol": "ADA-USD"}, {"trade_id": 143729219, "side": "buy", "size": "301.63940000", "price": "0.71930000", "time": "2025-07-15T15:10:30.364273Z", "fetched_at": "2025-07-15T15:10:50.077718+00:00", "symbol": "ADA-USD"}, {"trade_id": 143729218, "side": "sell", "size": "9.41475626", "price": "0.71920000", "time": "2025-07-15T15:10:29.938462Z", "fetched_at": "2025-07-15T15:10:50.077718+00:00", "symbol": "ADA-USD"}, {"trade_id": 143729217, "side": "buy", "size": "190.26968100", "price": "0.71900000", "time": "2025-07-15T15:10:28.925702Z", "fetched_at": "2025-07-15T15:10:50.077718+00:00", "symbol": "ADA-USD"}, {"trade_id": 143729216, "side": "buy", "size": "1.60000000", "price": "0.71900000", "time": "2025-07-15T15:10:28.925702Z", "fetched_at": "2025-07-15T15:10:50.077718+00:00", "symbol": "ADA-USD"}, {"trade_id": 143729215, "side": "buy", "size": "8.88070999", "price": "0.71920000", "time": "2025-07-15T15:10:28.887127Z", "fetched_at": "2025-07-15T15:10:50.077718+00:00", "symbol": "ADA-USD"}, {"trade_id": 143729214, "side": "buy", "size": "301.63940000", "price": "0.71930000", "time": "2025-07-15T15:10:28.687551Z", "fetched_at": "2025-07-15T15:10:50.077718+00:00", "symbol": "ADA-USD"}, {"trade_id": 143729213, "side": "sell", "size": "25.41751700", "price": "0.71940000", "time": "2025-07-15T15:10:28.636820Z", "fetched_at": "2025-07-15T15:10:50.077718+00:00", "symbol": "ADA-USD"}, {"trade_id": 143729212, "side": "sell", "size": "1.60000000", "price": "0.71940000", "time": "2025-07-15T15:10:28.636820Z", "fetched_at": "2025-07-15T15:10:50.077718+00:00", "symbol": "ADA-USD"}, {"trade_id": 143729211, "side": "sell", "size": "9.93780980", "price": "0.71930000", "time": "2025-07-15T15:10:28.381427Z", "fetched_at": "2025-07-15T15:10:50.077718+00:00", "symbol": "ADA-USD"}, {"trade_id": 143729210, "side": "sell", "size": "1.04733976", "price": "0.71930000", "time": "2025-07-15T15:10:28.381427Z", "fetched_at": "2025-07-15T15:10:50.077718+00:00", "symbol": "ADA-USD"}, {"trade_id": 143729209, "side": "sell", "size": "12.74051385", "price": "0.71920000", "time": "2025-07-15T15:10:28.025202Z", "fetched_at": "2025-07-15T15:10:50.077718+00:00", "symbol": "ADA-USD"}, {"trade_id": 143729208, "side": "buy", "size": "377.07418469", "price": "0.71900000", "time": "2025-07-15T15:10:25.971164Z", "fetched_at": "2025-07-15T15:10:50.077718+00:00", "symbol": "ADA-USD"}, {"trade_id": 143729207, "side": "buy", "size": "3.27547431", "price": "0.71900000", "time": "2025-07-15T15:10:25.971164Z", "fetched_at": "2025-07-15T15:10:50.077718+00:00", "symbol": "ADA-USD"}, {"trade_id": 143729206, "side": "buy", "size": "1.60000000", "price": "0.71900000", "time": "2025-07-15T15:10:25.971164Z", "fetched_at": "2025-07-15T15:10:50.077718+00:00", "symbol": "ADA-USD"}, {"trade_id": 143729205, "side": "sell", "size": "218.09676000", "price": "0.71910000", "time": "2025-07-15T15:10:24.438378Z", "fetched_at": "2025-07-15T15:10:50.077718+00:00", "symbol": "ADA-USD"}, {"trade_id": 143729204, "side": "buy", "size": "7.07652181", "price": "0.71920000", "time": "2025-07-15T15:10:24.434243Z", "fetched_at": "2025-07-15T15:10:50.077718+00:00", "symbol": "ADA-USD"}, {"trade_id": 143729203, "side": "sell", "size": "42.03490864", "price": "0.71930000", "time": "2025-07-15T15:10:20.492097Z", "fetched_at": "2025-07-15T15:10:50.077718+00:00", "symbol": "ADA-USD"}, {"trade_id": 143729202, "side": "buy", "size": "695.08279814", "price": "0.71930000", "time": "2025-07-15T15:10:20.483309Z", "fetched_at": "2025-07-15T15:10:50.077718+00:00", "symbol": "ADA-USD"}, {"trade_id": 143729201, "side": "buy", "size": "13.90240512", "price": "0.71930000", "time": "2025-07-15T15:10:20.483309Z", "fetched_at": "2025-07-15T15:10:50.077718+00:00", "symbol": "ADA-USD"}, {"trade_id": 143729200, "side": "buy", "size": "1.60000000", "price": "0.71930000", "time": "2025-07-15T15:10:20.483309Z", "fetched_at": "2025-07-15T15:10:50.077718+00:00", "symbol": "ADA-USD"}, {"trade_id": 143729199, "side": "buy", "size": "301.63940000", "price": "0.71950000", "time": "2025-07-15T15:10:20.426171Z", "fetched_at": "2025-07-15T15:10:50.077718+00:00", "symbol": "ADA-USD"}, {"trade_id": 143729198, "side": "sell", "size": "1.60000000", "price": "0.71950000", "time": "2025-07-15T15:10:19.289510Z", "fetched_at": "2025-07-15T15:10:50.077718+00:00", "symbol": "ADA-USD"}, {"trade_id": 143729197, "side": "sell", "size": "1.60000000", "price": "0.71940000", "time": "2025-07-15T15:10:18.769657Z", "fetched_at": "2025-07-15T15:10:50.077718+00:00", "symbol": "ADA-USD"}, {"trade_id": 143729196, "side": "sell", "size": "218.09676000", "price": "0.71920000", "time": "2025-07-15T15:10:16.146761Z", "fetched_at": "2025-07-15T15:10:50.077718+00:00", "symbol": "ADA-USD"}, {"trade_id": 143729195, "side": "buy", "size": "43.73904803", "price": "0.71930000", "time": "2025-07-15T15:10:15.511953Z", "fetched_at": "2025-07-15T15:10:50.077718+00:00", "symbol": "ADA-USD"}, {"trade_id": 143729194, "side": "sell", "size": "1.60000000", "price": "0.71930000", "time": "2025-07-15T15:10:15.501803Z", "fetched_at": "2025-07-15T15:10:50.077718+00:00", "symbol": "ADA-USD"}, {"trade_id": 143729193, "side": "sell", "size": "5.94997810", "price": "0.71930000", "time": "2025-07-15T15:10:15.479738Z", "fetched_at": "2025-07-15T15:10:50.077718+00:00", "symbol": "ADA-USD"}, {"trade_id": 143729192, "side": "sell", "size": "6.56218650", "price": "0.71920000", "time": "2025-07-15T15:10:15.479738Z", "fetched_at": "2025-07-15T15:10:50.077718+00:00", "symbol": "ADA-USD"}, {"trade_id": 143729191, "side": "sell", "size": "476.73311520", "price": "0.71910000", "time": "2025-07-15T15:10:12.457415Z", "fetched_at": "2025-07-15T15:10:50.077718+00:00", "symbol": "ADA-USD"}, {"trade_id": 143729190, "side": "sell", "size": "218.09676000", "price": "0.71910000", "time": "2025-07-15T15:10:12.354143Z", "fetched_at": "2025-07-15T15:10:50.077718+00:00", "symbol": "ADA-USD"}, {"trade_id": 143729189, "side": "buy", "size": "13.90433816", "price": "0.71920000", "time": "2025-07-15T15:10:12.349249Z", "fetched_at": "2025-07-15T15:10:50.077718+00:00", "symbol": "ADA-USD"}, {"trade_id": 143729188, "side": "buy", "size": "626.87837387", "price": "0.71920000", "time": "2025-07-15T15:10:12.345322Z", "fetched_at": "2025-07-15T15:10:50.077718+00:00", "symbol": "ADA-USD"}, {"trade_id": 143729187, "side": "sell", "size": "62.82900735", "price": "0.71930000", "time": "2025-07-15T15:10:10.607046Z", "fetched_at": "2025-07-15T15:10:50.077718+00:00", "symbol": "ADA-USD"}, {"trade_id": 143729186, "side": "sell", "size": "744.67099265", "price": "0.71930000", "time": "2025-07-15T15:10:10.596028Z", "fetched_at": "2025-07-15T15:10:50.077718+00:00", "symbol": "ADA-USD"}, {"trade_id": 143729185, "side": "sell", "size": "1.60000000", "price": "0.71930000", "time": "2025-07-15T15:10:10.596028Z", "fetched_at": "2025-07-15T15:10:50.077718+00:00", "symbol": "ADA-USD"}, {"trade_id": 143729184, "side": "buy", "size": "67.84260000", "price": "0.71920000", "time": "2025-07-15T15:10:10.320058Z", "fetched_at": "2025-07-15T15:10:50.077718+00:00", "symbol": "ADA-USD"}, {"trade_id": 143729183, "side": "sell", "size": "1.60000000", "price": "0.71920000", "time": "2025-07-15T15:10:10.174491Z", "fetched_at": "2025-07-15T15:10:50.077718+00:00", "symbol": "ADA-USD"}, {"trade_id": 143729182, "side": "buy", "size": "67.84260000", "price": "0.71910000", "time": "2025-07-15T15:10:09.302680Z", "fetched_at": "2025-07-15T15:10:50.077718+00:00", "symbol": "ADA-USD"}, {"trade_id": 143729181, "side": "sell", "size": "50.00000000", "price": "0.71910000", "time": "2025-07-15T15:10:09.291095Z", "fetched_at": "2025-07-15T15:10:50.077718+00:00", "symbol": "ADA-USD"}, {"trade_id": 143729180, "side": "sell", "size": "1.60000000", "price": "0.71910000", "time": "2025-07-15T15:10:09.291095Z", "fetched_at": "2025-07-15T15:10:50.077718+00:00", "symbol": "ADA-USD"}, {"trade_id": 143729179, "side": "sell", "size": "1.26089900", "price": "0.71900000", "time": "2025-07-15T15:10:09.291095Z", "fetched_at": "2025-07-15T15:10:50.077718+00:00", "symbol": "ADA-USD"}, {"trade_id": 143729178, "side": "sell", "size": "3.78597270", "price": "0.71890000", "time": "2025-07-15T15:10:09.090565Z", "fetched_at": "2025-07-15T15:10:50.077718+00:00", "symbol": "ADA-USD"}, {"trade_id": 143729177, "side": "sell", "size": "0.33910100", "price": "0.71900000", "time": "2025-07-15T15:10:07.537962Z", "fetched_at": "2025-07-15T15:10:50.077718+00:00", "symbol": "ADA-USD"}, {"trade_id": 143729176, "side": "sell", "size": "12.37462392", "price": "0.71890000", "time": "2025-07-15T15:10:06.662731Z", "fetched_at": "2025-07-15T15:10:50.077718+00:00", "symbol": "ADA-USD"}, {"trade_id": 143729175, "side": "sell", "size": "1.60000000", "price": "0.71890000", "time": "2025-07-15T15:10:06.662731Z", "fetched_at": "2025-07-15T15:10:50.077718+00:00", "symbol": "ADA-USD"}, {"trade_id": 143729174, "side": "sell", "size": "1.04953820", "price": "0.71890000", "time": "2025-07-15T15:10:06.662731Z", "fetched_at": "2025-07-15T15:10:50.077718+00:00", "symbol": "ADA-USD"}, {"trade_id": 143729173, "side": "sell", "size": "13.92267263", "price": "0.71880000", "time": "2025-07-15T15:10:05.178360Z", "fetched_at": "2025-07-15T15:10:50.077718+00:00", "symbol": "ADA-USD"}, {"trade_id": 143729172, "side": "sell", "size": "1250.86053688", "price": "0.71880000", "time": "2025-07-15T15:10:05.123088Z", "fetched_at": "2025-07-15T15:10:50.077718+00:00", "symbol": "ADA-USD"}, {"trade_id": 143729171, "side": "sell", "size": "746.80528841", "price": "0.71880000", "time": "2025-07-15T15:10:05.123088Z", "fetched_at": "2025-07-15T15:10:50.077718+00:00", "symbol": "ADA-USD"}, {"trade_id": 143729170, "side": "sell", "size": "1.60000000", "price": "0.71880000", "time": "2025-07-15T15:10:05.123088Z", "fetched_at": "2025-07-15T15:10:50.077718+00:00", "symbol": "ADA-USD"}, {"trade_id": 143729169, "side": "sell", "size": "1.60000000", "price": "0.71870000", "time": "2025-07-15T15:10:05.112704Z", "fetched_at": "2025-07-15T15:10:50.077718+00:00", "symbol": "ADA-USD"}, {"trade_id": 143729168, "side": "sell", "size": "100.78961386", "price": "0.71840000", "time": "2025-07-15T15:10:04.353529Z", "fetched_at": "2025-07-15T15:10:50.077718+00:00", "symbol": "ADA-USD"}, {"trade_id": 143729167, "side": "sell", "size": "746.80528841", "price": "0.71840000", "time": "2025-07-15T15:10:04.353529Z", "fetched_at": "2025-07-15T15:10:50.077718+00:00", "symbol": "ADA-USD"}, {"trade_id": 143729166, "side": "sell", "size": "1.04909778", "price": "0.71830000", "time": "2025-07-15T15:10:04.353529Z", "fetched_at": "2025-07-15T15:10:50.077718+00:00", "symbol": "ADA-USD"}, {"trade_id": 143729165, "side": "buy", "size": "1.42682835", "price": "0.71840000", "time": "2025-07-15T15:10:02.109947Z", "fetched_at": "2025-07-15T15:10:50.077718+00:00", "symbol": "ADA-USD"}, {"trade_id": 143729164, "side": "buy", "size": "1.95024435", "price": "0.71830000", "time": "2025-07-15T15:10:01.101202Z", "fetched_at": "2025-07-15T15:10:50.077718+00:00", "symbol": "ADA-USD"}, {"trade_id": 143729163, "side": "buy", "size": "2.41621048", "price": "0.71830000", "time": "2025-07-15T15:10:00.952729Z", "fetched_at": "2025-07-15T15:10:50.077718+00:00", "symbol": "ADA-USD"}, {"trade_id": 143729162, "side": "buy", "size": "73.18428952", "price": "0.71830000", "time": "2025-07-15T15:10:00.952729Z", "fetched_at": "2025-07-15T15:10:50.077718+00:00", "symbol": "ADA-USD"}, {"trade_id": 143729161, "side": "buy", "size": "3.34967690", "price": "0.71840000", "time": "2025-07-15T15:09:59.948960Z", "fetched_at": "2025-07-15T15:10:50.077718+00:00", "symbol": "ADA-USD"}, {"trade_id": 143729160, "side": "buy", "size": "1.60000000", "price": "0.71840000", "time": "2025-07-15T15:09:59.948960Z", "fetched_at": "2025-07-15T15:10:50.077718+00:00", "symbol": "ADA-USD"}, {"trade_id": 143729159, "side": "buy", "size": "1.49980809", "price": "0.71850000", "time": "2025-07-15T15:09:57.976600Z", "fetched_at": "2025-07-15T15:10:50.077718+00:00", "symbol": "ADA-USD"}, {"trade_id": 143729158, "side": "buy", "size": "695.89422407", "price": "0.71850000", "time": "2025-07-15T15:09:57.976600Z", "fetched_at": "2025-07-15T15:10:50.077718+00:00", "symbol": "ADA-USD"}, {"trade_id": 143729157, "side": "buy", "size": "1.60000000", "price": "0.71850000", "time": "2025-07-15T15:09:57.976600Z", "fetched_at": "2025-07-15T15:10:50.077718+00:00", "symbol": "ADA-USD"}, {"trade_id": 143729156, "side": "sell", "size": "664.70893582", "price": "0.71860000", "time": "2025-07-15T15:09:57.784209Z", "fetched_at": "2025-07-15T15:10:50.077718+00:00", "symbol": "ADA-USD"}, {"trade_id": 143729155, "side": "buy", "size": "22.25620916", "price": "0.71860000", "time": "2025-07-15T15:09:56.437880Z", "fetched_at": "2025-07-15T15:10:50.077718+00:00", "symbol": "ADA-USD"}, {"trade_id": 143729154, "side": "buy", "size": "1.60000000", "price": "0.71860000", "time": "2025-07-15T15:09:56.437880Z", "fetched_at": "2025-07-15T15:10:50.077718+00:00", "symbol": "ADA-USD"}, {"trade_id": 143729153, "side": "sell", "size": "6.88743600", "price": "0.71870000", "time": "2025-07-15T15:09:55.637641Z", "fetched_at": "2025-07-15T15:10:50.077718+00:00", "symbol": "ADA-USD"}, {"trade_id": 143729152, "side": "sell", "size": "100.34825900", "price": "0.71870000", "time": "2025-07-15T15:09:54.512684Z", "fetched_at": "2025-07-15T15:10:50.077718+00:00", "symbol": "ADA-USD"}, {"trade_id": 143729151, "side": "buy", "size": "13.91207569", "price": "0.71880000", "time": "2025-07-15T15:09:53.753290Z", "fetched_at": "2025-07-15T15:10:50.077718+00:00", "symbol": "ADA-USD"}, {"trade_id": 143729150, "side": "buy", "size": "1289.22653028", "price": "0.71870000", "time": "2025-07-15T15:09:52.640419Z", "fetched_at": "2025-07-15T15:10:50.077718+00:00", "symbol": "ADA-USD"}, {"trade_id": 143729149, "side": "buy", "size": "626.75141295", "price": "0.71870000", "time": "2025-07-15T15:09:52.640419Z", "fetched_at": "2025-07-15T15:10:50.077718+00:00", "symbol": "ADA-USD"}, {"trade_id": 143729148, "side": "buy", "size": "13.91207569", "price": "0.71880000", "time": "2025-07-15T15:09:52.640419Z", "fetched_at": "2025-07-15T15:10:50.077718+00:00", "symbol": "ADA-USD"}, {"trade_id": 143729147, "side": "buy", "size": "662.01723208", "price": "0.71880000", "time": "2025-07-15T15:09:52.640419Z", "fetched_at": "2025-07-15T15:10:50.077718+00:00", "symbol": "ADA-USD"}, {"trade_id": 143729146, "side": "sell", "size": "99.88120300", "price": "0.71890000", "time": "2025-07-15T15:09:50.054858Z", "fetched_at": "2025-07-15T15:10:50.077718+00:00", "symbol": "ADA-USD"}, {"trade_id": 143729145, "side": "sell", "size": "1.60000000", "price": "0.71890000", "time": "2025-07-15T15:09:50.054858Z", "fetched_at": "2025-07-15T15:10:50.077718+00:00", "symbol": "ADA-USD"}, {"trade_id": 143729144, "side": "buy", "size": "33.58655200", "price": "0.71880000", "time": "2025-07-15T15:09:47.666482Z", "fetched_at": "2025-07-15T15:10:50.077718+00:00", "symbol": "ADA-USD"}, {"trade_id": 143729143, "side": "sell", "size": "668.66939679", "price": "0.71880000", "time": "2025-07-15T15:09:47.179645Z", "fetched_at": "2025-07-15T15:10:50.077718+00:00", "symbol": "ADA-USD"}, {"trade_id": 143729142, "side": "sell", "size": "1.60000000", "price": "0.71880000", "time": "2025-07-15T15:09:47.179645Z", "fetched_at": "2025-07-15T15:10:50.077718+00:00", "symbol": "ADA-USD"}, {"trade_id": 143729141, "side": "sell", "size": "145.39784000", "price": "0.71870000", "time": "2025-07-15T15:09:45.996712Z", "fetched_at": "2025-07-15T15:10:50.077718+00:00", "symbol": "ADA-USD"}, {"trade_id": 143729140, "side": "sell", "size": "1.26778000", "price": "0.71870000", "time": "2025-07-15T15:09:45.925238Z", "fetched_at": "2025-07-15T15:10:50.077718+00:00", "symbol": "ADA-USD"}, {"trade_id": 143729139, "side": "sell", "size": "0.33222000", "price": "0.71870000", "time": "2025-07-15T15:09:41.612876Z", "fetched_at": "2025-07-15T15:10:50.077718+00:00", "symbol": "ADA-USD"}, {"trade_id": 143729138, "side": "sell", "size": "1.60000000", "price": "0.71860000", "time": "2025-07-15T15:09:40.788073Z", "fetched_at": "2025-07-15T15:10:50.077718+00:00", "symbol": "ADA-USD"}, {"trade_id": 143729137, "side": "buy", "size": "52.34242300", "price": "0.71850000", "time": "2025-07-15T15:09:40.582554Z", "fetched_at": "2025-07-15T15:10:50.077718+00:00", "symbol": "ADA-USD"}, {"trade_id": 143729136, "side": "sell", "size": "1.60000000", "price": "0.71850000", "time": "2025-07-15T15:09:40.397569Z", "fetched_at": "2025-07-15T15:10:50.077718+00:00", "symbol": "ADA-USD"}, {"trade_id": 143729135, "side": "sell", "size": "1.60000000", "price": "0.71840000", "time": "2025-07-15T15:09:40.386355Z", "fetched_at": "2025-07-15T15:10:50.077718+00:00", "symbol": "ADA-USD"}, {"trade_id": 143729134, "side": "sell", "size": "737.66641297", "price": "0.71840000", "time": "2025-07-15T15:09:40.376051Z", "fetched_at": "2025-07-15T15:10:50.077718+00:00", "symbol": "ADA-USD"}, {"trade_id": 143729133, "side": "sell", "size": "413.51000352", "price": "0.71820000", "time": "2025-07-15T15:09:40.066177Z", "fetched_at": "2025-07-15T15:10:50.077718+00:00", "symbol": "ADA-USD"}, {"trade_id": 143729132, "side": "sell", "size": "218.09676000", "price": "0.71820000", "time": "2025-07-15T15:09:39.499119Z", "fetched_at": "2025-07-15T15:10:50.077718+00:00", "symbol": "ADA-USD"}, {"trade_id": 143729131, "side": "buy", "size": "696.08798552", "price": "0.71830000", "time": "2025-07-15T15:09:39.492253Z", "fetched_at": "2025-07-15T15:10:50.077718+00:00", "symbol": "ADA-USD"}, {"trade_id": 143729130, "side": "buy", "size": "301.63940000", "price": "0.71830000", "time": "2025-07-15T15:09:39.492253Z", "fetched_at": "2025-07-15T15:10:50.077718+00:00", "symbol": "ADA-USD"}, {"trade_id": 143729129, "side": "sell", "size": "99.11766761", "price": "0.71820000", "time": "2025-07-15T15:09:37.533743Z", "fetched_at": "2025-07-15T15:10:50.077718+00:00", "symbol": "ADA-USD"}, {"trade_id": 143729128, "side": "sell", "size": "1.03311500", "price": "0.71820000", "time": "2025-07-15T15:09:34.781828Z", "fetched_at": "2025-07-15T15:10:50.077718+00:00", "symbol": "ADA-USD"}, {"trade_id": 143729127, "side": "buy", "size": "696.18490671", "price": "0.71820000", "time": "2025-07-15T15:09:31.748313Z", "fetched_at": "2025-07-15T15:10:50.077718+00:00", "symbol": "ADA-USD"}, {"trade_id": 143729126, "side": "buy", "size": "1.60000000", "price": "0.71820000", "time": "2025-07-15T15:09:31.748313Z", "fetched_at": "2025-07-15T15:10:50.077718+00:00", "symbol": "ADA-USD"}, {"trade_id": 143729125, "side": "sell", "size": "13.43050000", "price": "0.71830000", "time": "2025-07-15T15:09:31.003810Z", "fetched_at": "2025-07-15T15:10:50.077718+00:00", "symbol": "ADA-USD"}, {"trade_id": 143729124, "side": "sell", "size": "7.97250471", "price": "0.71830000", "time": "2025-07-15T15:09:30.191941Z", "fetched_at": "2025-07-15T15:10:50.077718+00:00", "symbol": "ADA-USD"}, {"trade_id": 143729123, "side": "sell", "size": "22.32378129", "price": "0.71830000", "time": "2025-07-15T15:09:30.191941Z", "fetched_at": "2025-07-15T15:10:50.077718+00:00", "symbol": "ADA-USD"}, {"trade_id": 143729122, "side": "sell", "size": "13.77487100", "price": "0.71830000", "time": "2025-07-15T15:09:29.724461Z", "fetched_at": "2025-07-15T15:10:50.077718+00:00", "symbol": "ADA-USD"}, {"trade_id": 143729121, "side": "buy", "size": "1.60000000", "price": "0.71830000", "time": "2025-07-15T15:09:29.099637Z", "fetched_at": "2025-07-15T15:10:50.077718+00:00", "symbol": "ADA-USD"}, {"trade_id": 143729120, "side": "sell", "size": "69.77787250", "price": "0.71840000", "time": "2025-07-15T15:09:28.187601Z", "fetched_at": "2025-07-15T15:10:50.077718+00:00", "symbol": "ADA-USD"}, {"trade_id": 143729119, "side": "sell", "size": "30.22212750", "price": "0.71840000", "time": "2025-07-15T15:09:28.187601Z", "fetched_at": "2025-07-15T15:10:50.077718+00:00", "symbol": "ADA-USD"}, {"trade_id": 143729118, "side": "sell", "size": "12.38140222", "price": "0.71850000", "time": "2025-07-15T15:09:28.054576Z", "fetched_at": "2025-07-15T15:10:50.077718+00:00", "symbol": "ADA-USD"}, {"trade_id": 143729117, "side": "sell", "size": "1.04909778", "price": "0.71840000", "time": "2025-07-15T15:09:28.054576Z", "fetched_at": "2025-07-15T15:10:50.077718+00:00", "symbol": "ADA-USD"}, {"trade_id": 143729116, "side": "sell", "size": "9.29803800", "price": "0.71850000", "time": "2025-07-15T15:09:27.473257Z", "fetched_at": "2025-07-15T15:10:50.077718+00:00", "symbol": "ADA-USD"}, {"trade_id": 143729115, "side": "sell", "size": "14.07876740", "price": "0.71840000", "time": "2025-07-15T15:09:26.960591Z", "fetched_at": "2025-07-15T15:10:50.077718+00:00", "symbol": "ADA-USD"}, {"trade_id": 143729114, "side": "sell", "size": "273.30629284", "price": "0.71840000", "time": "2025-07-15T15:09:26.896057Z", "fetched_at": "2025-07-15T15:10:50.077718+00:00", "symbol": "ADA-USD"}, {"trade_id": 143729113, "side": "sell", "size": "698.43830706", "price": "0.71840000", "time": "2025-07-15T15:09:26.831827Z", "fetched_at": "2025-07-15T15:10:50.077718+00:00", "symbol": "ADA-USD"}, {"trade_id": 143729112, "side": "sell", "size": "649.07872455", "price": "0.71840000", "time": "2025-07-15T15:09:26.779632Z", "fetched_at": "2025-07-15T15:10:50.077718+00:00", "symbol": "ADA-USD"}, {"trade_id": 143729111, "side": "sell", "size": "40.29617000", "price": "0.71840000", "time": "2025-07-15T15:09:26.707715Z", "fetched_at": "2025-07-15T15:10:50.077718+00:00", "symbol": "ADA-USD"}, {"trade_id": 143729110, "side": "sell", "size": "68.87435600", "price": "0.71850000", "time": "2025-07-15T15:09:26.663780Z", "fetched_at": "2025-07-15T15:10:50.077718+00:00", "symbol": "ADA-USD"}, {"trade_id": 143729109, "side": "sell", "size": "86.99034396", "price": "0.71840000", "time": "2025-07-15T15:09:26.112495Z", "fetched_at": "2025-07-15T15:10:50.077718+00:00", "symbol": "ADA-USD"}, {"trade_id": 143729108, "side": "sell", "size": "15.67813418", "price": "0.71840000", "time": "2025-07-15T15:09:26.100242Z", "fetched_at": "2025-07-15T15:10:50.077718+00:00", "symbol": "ADA-USD"}, {"trade_id": 143729107, "side": "sell", "size": "64.14256652", "price": "0.71840000", "time": "2025-07-15T15:09:26.100242Z", "fetched_at": "2025-07-15T15:10:50.077718+00:00", "symbol": "ADA-USD"}, {"trade_id": 143729106, "side": "sell", "size": "680.25401400", "price": "0.71840000", "time": "2025-07-15T15:09:26.055611Z", "fetched_at": "2025-07-15T15:10:50.077718+00:00", "symbol": "ADA-USD"}, {"trade_id": 143729105, "side": "sell", "size": "669.75827528", "price": "0.71840000", "time": "2025-07-15T15:09:26.006668Z", "fetched_at": "2025-07-15T15:10:50.077718+00:00", "symbol": "ADA-USD"}, {"trade_id": 143729104, "side": "sell", "size": "36.22178943", "price": "0.71840000", "time": "2025-07-15T15:09:25.751843Z", "fetched_at": "2025-07-15T15:10:50.077718+00:00", "symbol": "ADA-USD"}, {"trade_id": 143729103, "side": "sell", "size": "139.04205078", "price": "0.71840000", "time": "2025-07-15T15:09:25.712181Z", "fetched_at": "2025-07-15T15:10:50.077718+00:00", "symbol": "ADA-USD"}, {"trade_id": 143729102, "side": "sell", "size": "98.46703973", "price": "0.71840000", "time": "2025-07-15T15:09:25.692107Z", "fetched_at": "2025-07-15T15:10:50.077718+00:00", "symbol": "ADA-USD"}, {"trade_id": 143729101, "side": "sell", "size": "421.00075526", "price": "0.71840000", "time": "2025-07-15T15:09:25.678646Z", "fetched_at": "2025-07-15T15:10:50.077718+00:00", "symbol": "ADA-USD"}, {"trade_id": 143729100, "side": "sell", "size": "636.10108285", "price": "0.71840000", "time": "2025-07-15T15:09:25.622625Z", "fetched_at": "2025-07-15T15:10:50.077718+00:00", "symbol": "ADA-USD"}, {"trade_id": 143729099, "side": "sell", "size": "569.70245042", "price": "0.71840000", "time": "2025-07-15T15:09:25.551585Z", "fetched_at": "2025-07-15T15:10:50.077718+00:00", "symbol": "ADA-USD"}, {"trade_id": 143729098, "side": "sell", "size": "67.84260000", "price": "0.71840000", "time": "2025-07-15T15:09:25.551283Z", "fetched_at": "2025-07-15T15:10:50.077718+00:00", "symbol": "ADA-USD"}, {"trade_id": 143729097, "side": "sell", "size": "17.33041304", "price": "0.71850000", "time": "2025-07-15T15:09:24.840006Z", "fetched_at": "2025-07-15T15:10:50.077718+00:00", "symbol": "ADA-USD"}, {"trade_id": 143729096, "side": "sell", "size": "460.65764081", "price": "0.71850000", "time": "2025-07-15T15:09:24.791718Z", "fetched_at": "2025-07-15T15:10:50.077718+00:00", "symbol": "ADA-USD"}, {"trade_id": 143729095, "side": "sell", "size": "9.43862647", "price": "0.71850000", "time": "2025-07-15T15:09:24.779016Z", "fetched_at": "2025-07-15T15:10:50.077718+00:00", "symbol": "ADA-USD"}, {"trade_id": 143729094, "side": "sell", "size": "727.55491932", "price": "0.71850000", "time": "2025-07-15T15:09:24.768183Z", "fetched_at": "2025-07-15T15:10:50.077718+00:00", "symbol": "ADA-USD"}, {"trade_id": 143729093, "side": "sell", "size": "218.09676000", "price": "0.71850000", "time": "2025-07-15T15:09:24.668304Z", "fetched_at": "2025-07-15T15:10:50.077718+00:00", "symbol": "ADA-USD"}, {"trade_id": 143729092, "side": "sell", "size": "733.14368931", "price": "0.71860000", "time": "2025-07-15T15:09:24.481016Z", "fetched_at": "2025-07-15T15:10:50.077718+00:00", "symbol": "ADA-USD"}, {"trade_id": 143729091, "side": "buy", "size": "319.16011984", "price": "0.71840000", "time": "2025-07-15T15:09:24.466727Z", "fetched_at": "2025-07-15T15:10:50.077718+00:00", "symbol": "ADA-USD"}, {"trade_id": 143729090, "side": "buy", "size": "746.80528841", "price": "0.71840000", "time": "2025-07-15T15:09:24.466727Z", "fetched_at": "2025-07-15T15:10:50.077718+00:00", "symbol": "ADA-USD"}, {"trade_id": 143729089, "side": "buy", "size": "1696.54041000", "price": "0.71840000", "time": "2025-07-15T15:09:24.466727Z", "fetched_at": "2025-07-15T15:10:50.077718+00:00", "symbol": "ADA-USD"}, {"trade_id": 143729088, "side": "buy", "size": "82.26093035", "price": "0.71840000", "time": "2025-07-15T15:09:24.466727Z", "fetched_at": "2025-07-15T15:10:50.077718+00:00", "symbol": "ADA-USD"}, {"trade_id": 143729087, "side": "buy", "size": "400.00000000", "price": "0.71840000", "time": "2025-07-15T15:09:24.466727Z", "fetched_at": "2025-07-15T15:10:50.077718+00:00", "symbol": "ADA-USD"}, {"trade_id": 143729086, "side": "buy", "size": "823.41049257", "price": "0.71850000", "time": "2025-07-15T15:09:24.466727Z", "fetched_at": "2025-07-15T15:10:50.077718+00:00", "symbol": "ADA-USD"}, {"trade_id": 143729085, "side": "buy", "size": "527.12866291", "price": "0.71850000", "time": "2025-07-15T15:09:24.466727Z", "fetched_at": "2025-07-15T15:10:50.077718+00:00", "symbol": "ADA-USD"}, {"trade_id": 143729084, "side": "buy", "size": "1557.89841000", "price": "0.71850000", "time": "2025-07-15T15:09:24.466727Z", "fetched_at": "2025-07-15T15:10:50.077718+00:00", "symbol": "ADA-USD"}, {"trade_id": 143729083, "side": "buy", "size": "1696.54041000", "price": "0.71850000", "time": "2025-07-15T15:09:24.466727Z", "fetched_at": "2025-07-15T15:10:50.077718+00:00", "symbol": "ADA-USD"}, {"trade_id": 143729082, "side": "buy", "size": "822.06703616", "price": "0.71850000", "time": "2025-07-15T15:09:24.466727Z", "fetched_at": "2025-07-15T15:10:50.077718+00:00", "symbol": "ADA-USD"}, {"trade_id": 143729081, "side": "buy", "size": "695.77190400", "price": "0.71860000", "time": "2025-07-15T15:09:24.466727Z", "fetched_at": "2025-07-15T15:10:50.077718+00:00", "symbol": "ADA-USD"}, {"trade_id": 143729080, "side": "buy", "size": "61.69569776", "price": "0.71860000", "time": "2025-07-15T15:09:24.466727Z", "fetched_at": "2025-07-15T15:10:50.077718+00:00", "symbol": "ADA-USD"}, {"trade_id": 143729079, "side": "buy", "size": "301.63940000", "price": "0.71870000", "time": "2025-07-15T15:09:24.466727Z", "fetched_at": "2025-07-15T15:10:50.077718+00:00", "symbol": "ADA-USD"}, {"trade_id": 143729078, "side": "sell", "size": "678.98353562", "price": "0.71870000", "time": "2025-07-15T15:09:24.324993Z", "fetched_at": "2025-07-15T15:10:50.077718+00:00", "symbol": "ADA-USD"}, {"trade_id": 143729077, "side": "sell", "size": "1570.40315239", "price": "0.71850000", "time": "2025-07-15T15:09:23.867833Z", "fetched_at": "2025-07-15T15:10:50.077718+00:00", "symbol": "ADA-USD"}, {"trade_id": 143729076, "side": "sell", "size": "845.58591763", "price": "0.71850000", "time": "2025-07-15T15:09:23.855702Z", "fetched_at": "2025-07-15T15:10:50.077718+00:00", "symbol": "ADA-USD"}, {"trade_id": 143729075, "side": "sell", "size": "746.80528841", "price": "0.71850000", "time": "2025-07-15T15:09:23.855702Z", "fetched_at": "2025-07-15T15:10:50.077718+00:00", "symbol": "ADA-USD"}, {"trade_id": 143729074, "side": "sell", "size": "567.00000000", "price": "0.71850000", "time": "2025-07-15T15:09:23.855702Z", "fetched_at": "2025-07-15T15:10:50.077718+00:00", "symbol": "ADA-USD"}, {"trade_id": 143729073, "side": "sell", "size": "18.01454093", "price": "0.71840000", "time": "2025-07-15T15:09:23.855702Z", "fetched_at": "2025-07-15T15:10:50.077718+00:00", "symbol": "ADA-USD"}, {"trade_id": 143729072, "side": "buy", "size": "1.60000000", "price": "0.71840000", "time": "2025-07-15T15:09:23.566888Z", "fetched_at": "2025-07-15T15:10:50.077718+00:00", "symbol": "ADA-USD"}, {"trade_id": 143729071, "side": "buy", "size": "1.60000000", "price": "0.71850000", "time": "2025-07-15T15:09:22.921505Z", "fetched_at": "2025-07-15T15:10:50.077718+00:00", "symbol": "ADA-USD"}, {"trade_id": 143729070, "side": "buy", "size": "1.60000000", "price": "0.71860000", "time": "2025-07-15T15:09:22.105588Z", "fetched_at": "2025-07-15T15:10:50.077718+00:00", "symbol": "ADA-USD"}, {"trade_id": 143729069, "side": "sell", "size": "17.14040622", "price": "0.71870000", "time": "2025-07-15T15:09:16.122094Z", "fetched_at": "2025-07-15T15:10:50.077718+00:00", "symbol": "ADA-USD"}, {"trade_id": 143729068, "side": "sell", "size": "3.11929078", "price": "0.71870000", "time": "2025-07-15T15:09:16.122094Z", "fetched_at": "2025-07-15T15:10:50.077718+00:00", "symbol": "ADA-USD"}, {"trade_id": 143729067, "side": "sell", "size": "19.43091693", "price": "0.71870000", "time": "2025-07-15T15:09:15.257996Z", "fetched_at": "2025-07-15T15:10:50.077718+00:00", "symbol": "ADA-USD"}, {"trade_id": 143729066, "side": "buy", "size": "1.60000000", "price": "0.71870000", "time": "2025-07-15T15:09:14.096384Z", "fetched_at": "2025-07-15T15:10:50.077718+00:00", "symbol": "ADA-USD"}, {"trade_id": 143729065, "side": "buy", "size": "0.00005386", "price": "0.71880000", "time": "2025-07-15T15:09:13.356069Z", "fetched_at": "2025-07-15T15:10:50.077718+00:00", "symbol": "ADA-USD"}, {"trade_id": 143729064, "side": "buy", "size": "68.72560000", "price": "0.71880000", "time": "2025-07-15T15:09:13.355822Z", "fetched_at": "2025-07-15T15:10:50.077718+00:00", "symbol": "ADA-USD"}, {"trade_id": 143729063, "side": "buy", "size": "1.60000000", "price": "0.71880000", "time": "2025-07-15T15:09:13.355822Z", "fetched_at": "2025-07-15T15:10:50.077718+00:00", "symbol": "ADA-USD"}, {"trade_id": 143729062, "side": "buy", "size": "1.60000000", "price": "0.71890000", "time": "2025-07-15T15:09:12.757080Z", "fetched_at": "2025-07-15T15:10:50.077718+00:00", "symbol": "ADA-USD"}, {"trade_id": 143729061, "side": "sell", "size": "28.42692850", "price": "0.71900000", "time": "2025-07-15T15:09:11.073471Z", "fetched_at": "2025-07-15T15:10:50.077718+00:00", "symbol": "ADA-USD"}, {"trade_id": 143729060, "side": "buy", "size": "50.00000000", "price": "0.71900000", "time": "2025-07-15T15:09:11.064811Z", "fetched_at": "2025-07-15T15:10:50.077718+00:00", "symbol": "ADA-USD"}, {"trade_id": 143729059, "side": "buy", "size": "5589.10000000", "price": "0.71900000", "time": "2025-07-15T15:09:11.064811Z", "fetched_at": "2025-07-15T15:10:50.077718+00:00", "symbol": "ADA-USD"}, {"trade_id": 143729058, "side": "buy", "size": "1.60000000", "price": "0.71900000", "time": "2025-07-15T15:09:11.064811Z", "fetched_at": "2025-07-15T15:10:50.077718+00:00", "symbol": "ADA-USD"}, {"trade_id": 143729057, "side": "buy", "size": "301.63940000", "price": "0.71910000", "time": "2025-07-15T15:09:10.940766Z", "fetched_at": "2025-07-15T15:10:50.077718+00:00", "symbol": "ADA-USD"}, {"trade_id": 143729056, "side": "sell", "size": "50.00000000", "price": "0.71910000", "time": "2025-07-15T15:09:10.616318Z", "fetched_at": "2025-07-15T15:10:50.077718+00:00", "symbol": "ADA-USD"}, {"trade_id": 143729055, "side": "buy", "size": "301.63940000", "price": "0.71920000", "time": "2025-07-15T15:09:10.560008Z", "fetched_at": "2025-07-15T15:10:50.077718+00:00", "symbol": "ADA-USD"}, {"trade_id": 143729054, "side": "buy", "size": "1.60000000", "price": "0.71920000", "time": "2025-07-15T15:09:10.560008Z", "fetched_at": "2025-07-15T15:10:50.077718+00:00", "symbol": "ADA-USD"}, {"trade_id": 143729053, "side": "buy", "size": "301.63940000", "price": "0.71930000", "time": "2025-07-15T15:09:10.381110Z", "fetched_at": "2025-07-15T15:10:50.077718+00:00", "symbol": "ADA-USD"}, {"trade_id": 143729052, "side": "buy", "size": "301.63940000", "price": "0.71940000", "time": "2025-07-15T15:09:09.818260Z", "fetched_at": "2025-07-15T15:10:50.077718+00:00", "symbol": "ADA-USD"}, {"trade_id": 143729051, "side": "buy", "size": "301.63940000", "price": "0.71950000", "time": "2025-07-15T15:09:09.720043Z", "fetched_at": "2025-07-15T15:10:50.077718+00:00", "symbol": "ADA-USD"}, {"trade_id": 143729050, "side": "sell", "size": "756.79694000", "price": "0.71960000", "time": "2025-07-15T15:09:09.163175Z", "fetched_at": "2025-07-15T15:10:50.077718+00:00", "symbol": "ADA-USD"}, {"trade_id": 143729049, "side": "sell", "size": "51.00306000", "price": "0.71960000", "time": "2025-07-15T15:09:09.138972Z", "fetched_at": "2025-07-15T15:10:50.077718+00:00", "symbol": "ADA-USD"}, {"trade_id": 143729048, "side": "sell", "size": "7739.29396038", "price": "0.71960000", "time": "2025-07-15T15:09:09.102513Z", "fetched_at": "2025-07-15T15:10:50.077718+00:00", "symbol": "ADA-USD"}, {"trade_id": 143729047, "side": "sell", "size": "702.46112037", "price": "0.71960000", "time": "2025-07-15T15:09:09.102513Z", "fetched_at": "2025-07-15T15:10:50.077718+00:00", "symbol": "ADA-USD"}, {"trade_id": 143729046, "side": "sell", "size": "1.60000000", "price": "0.71960000", "time": "2025-07-15T15:09:09.102513Z", "fetched_at": "2025-07-15T15:10:50.077718+00:00", "symbol": "ADA-USD"}, {"trade_id": 143729045, "side": "sell", "size": "1694.18227000", "price": "0.71960000", "time": "2025-07-15T15:09:09.102513Z", "fetched_at": "2025-07-15T15:10:50.077718+00:00", "symbol": "ADA-USD"}, {"trade_id": 143729044, "side": "sell", "size": "694.95928141", "price": "0.71950000", "time": "2025-07-15T15:09:09.095039Z", "fetched_at": "2025-07-15T15:10:50.077718+00:00", "symbol": "ADA-USD"}, {"trade_id": 143729043, "side": "sell", "size": "750.68131027", "price": "0.71950000", "time": "2025-07-15T15:09:09.095039Z", "fetched_at": "2025-07-15T15:10:50.077718+00:00", "symbol": "ADA-USD"}, {"trade_id": 143729042, "side": "sell", "size": "1.60000000", "price": "0.71950000", "time": "2025-07-15T15:09:09.095039Z", "fetched_at": "2025-07-15T15:10:50.077718+00:00", "symbol": "ADA-USD"}, {"trade_id": 143729041, "side": "sell", "size": "1694.30003000", "price": "0.71950000", "time": "2025-07-15T15:09:09.095039Z", "fetched_at": "2025-07-15T15:10:50.077718+00:00", "symbol": "ADA-USD"}, {"trade_id": 143729040, "side": "sell", "size": "133.65977038", "price": "0.71940000", "time": "2025-07-15T15:09:09.091433Z", "fetched_at": "2025-07-15T15:10:50.077718+00:00", "symbol": "ADA-USD"}, {"trade_id": 143729039, "side": "sell", "size": "1737.76207000", "price": "0.71940000", "time": "2025-07-15T15:09:09.091433Z", "fetched_at": "2025-07-15T15:10:50.077718+00:00", "symbol": "ADA-USD"}, {"trade_id": 143729038, "side": "sell", "size": "109.19714641", "price": "0.71940000", "time": "2025-07-15T15:09:09.091433Z", "fetched_at": "2025-07-15T15:10:50.077718+00:00", "symbol": "ADA-USD"}, {"trade_id": 143729037, "side": "sell", "size": "1585.92758359", "price": "0.71940000", "time": "2025-07-15T15:09:09.087908Z", "fetched_at": "2025-07-15T15:10:50.077718+00:00", "symbol": "ADA-USD"}, {"trade_id": 143729036, "side": "sell", "size": "1.60000000", "price": "0.71940000", "time": "2025-07-15T15:09:09.087908Z", "fetched_at": "2025-07-15T15:10:50.077718+00:00", "symbol": "ADA-USD"}, {"trade_id": 143729035, "side": "sell", "size": "5589.70000000", "price": "0.71930000", "time": "2025-07-15T15:09:09.087908Z", "fetched_at": "2025-07-15T15:10:50.077718+00:00", "symbol": "ADA-USD"}, {"trade_id": 143729034, "side": "sell", "size": "500.00000000", "price": "0.71930000", "time": "2025-07-15T15:09:09.087908Z", "fetched_at": "2025-07-15T15:10:50.077718+00:00", "symbol": "ADA-USD"}, {"trade_id": 143729033, "side": "buy", "size": "103.14664000", "price": "0.71920000", "time": "2025-07-15T15:09:08.140941Z", "fetched_at": "2025-07-15T15:10:50.077718+00:00", "symbol": "ADA-USD"}, {"trade_id": 143729032, "side": "buy", "size": "301.63940000", "price": "0.71920000", "time": "2025-07-15T15:09:07.969356Z", "fetched_at": "2025-07-15T15:10:50.077718+00:00", "symbol": "ADA-USD"}, {"trade_id": 143729031, "side": "sell", "size": "8.30807729", "price": "0.71930000", "time": "2025-07-15T15:09:07.470948Z", "fetched_at": "2025-07-15T15:10:50.077718+00:00", "symbol": "ADA-USD"}, {"trade_id": 143729030, "side": "sell", "size": "529.54230800", "price": "0.71920000", "time": "2025-07-15T15:09:04.889952Z", "fetched_at": "2025-07-15T15:10:50.077718+00:00", "symbol": "ADA-USD"}, {"trade_id": 143729029, "side": "sell", "size": "145.39784000", "price": "0.71920000", "time": "2025-07-15T15:09:04.889952Z", "fetched_at": "2025-07-15T15:10:50.077718+00:00", "symbol": "ADA-USD"}, {"trade_id": 143729028, "side": "sell", "size": "20.27675200", "price": "0.71920000", "time": "2025-07-15T15:09:04.889952Z", "fetched_at": "2025-07-15T15:10:50.077718+00:00", "symbol": "ADA-USD"}, {"trade_id": 143729027, "side": "sell", "size": "30.72630800", "price": "0.71920000", "time": "2025-07-15T15:09:04.753223Z", "fetched_at": "2025-07-15T15:10:50.077718+00:00", "symbol": "ADA-USD"}, {"trade_id": 143729026, "side": "sell", "size": "1213.74844250", "price": "0.71930000", "time": "2025-07-15T15:09:04.569024Z", "fetched_at": "2025-07-15T15:10:50.077718+00:00", "symbol": "ADA-USD"}, {"trade_id": 143729025, "side": "sell", "size": "500.00000000", "price": "0.71930000", "time": "2025-07-15T15:09:04.569024Z", "fetched_at": "2025-07-15T15:10:50.077718+00:00", "symbol": "ADA-USD"}, {"trade_id": 143729024, "side": "sell", "size": "567.00000000", "price": "0.71930000", "time": "2025-07-15T15:09:04.569024Z", "fetched_at": "2025-07-15T15:10:50.077718+00:00", "symbol": "ADA-USD"}, {"trade_id": 143729023, "side": "sell", "size": "51.00306000", "price": "0.71920000", "time": "2025-07-15T15:09:04.569024Z", "fetched_at": "2025-07-15T15:10:50.077718+00:00", "symbol": "ADA-USD"}, {"trade_id": 143729022, "side": "sell", "size": "567.00000000", "price": "0.71920000", "time": "2025-07-15T15:09:04.569024Z", "fetched_at": "2025-07-15T15:10:50.077718+00:00", "symbol": "ADA-USD"}, {"trade_id": 143729021, "side": "buy", "size": "177.61921120", "price": "0.71920000", "time": "2025-07-15T15:09:03.743297Z", "fetched_at": "2025-07-15T15:10:50.077718+00:00", "symbol": "ADA-USD"}, {"trade_id": 143729020, "side": "buy", "size": "67.84260000", "price": "0.71920000", "time": "2025-07-15T15:09:02.358827Z", "fetched_at": "2025-07-15T15:10:50.077718+00:00", "symbol": "ADA-USD"}, {"trade_id": 143729019, "side": "sell", "size": "38.83495550", "price": "0.71920000", "time": "2025-07-15T15:09:02.320193Z", "fetched_at": "2025-07-15T15:10:50.077718+00:00", "symbol": "ADA-USD"}, {"trade_id": 143729018, "side": "sell", "size": "32.29568209", "price": "0.71910000", "time": "2025-07-15T15:09:02.314268Z", "fetched_at": "2025-07-15T15:10:50.077718+00:00", "symbol": "ADA-USD"}, {"trade_id": 143729017, "side": "buy", "size": "1.60000000", "price": "0.71900000", "time": "2025-07-15T15:09:00.881112Z", "fetched_at": "2025-07-15T15:10:50.077718+00:00", "symbol": "ADA-USD"}, {"trade_id": 143729016, "side": "buy", "size": "1.60000000", "price": "0.71910000", "time": "2025-07-15T15:09:00.695723Z", "fetched_at": "2025-07-15T15:10:50.077718+00:00", "symbol": "ADA-USD"}, {"trade_id": 143729015, "side": "buy", "size": "1.60000000", "price": "0.71920000", "time": "2025-07-15T15:08:59.245809Z", "fetched_at": "2025-07-15T15:10:50.077718+00:00", "symbol": "ADA-USD"}, {"trade_id": 143729014, "side": "buy", "size": "639.33154148", "price": "0.71920000", "time": "2025-07-15T15:08:59.245809Z", "fetched_at": "2025-07-15T15:10:50.077718+00:00", "symbol": "ADA-USD"}, {"trade_id": 143729013, "side": "buy", "size": "67.84260000", "price": "0.71920000", "time": "2025-07-15T15:08:59.035449Z", "fetched_at": "2025-07-15T15:10:50.077718+00:00", "symbol": "ADA-USD"}, {"trade_id": 143729012, "side": "sell", "size": "51.23383845", "price": "0.71930000", "time": "2025-07-15T15:08:58.592125Z", "fetched_at": "2025-07-15T15:10:50.077718+00:00", "symbol": "ADA-USD"}, {"trade_id": 143729011, "side": "buy", "size": "1543.09397186", "price": "0.71920000", "time": "2025-07-15T15:08:58.433084Z", "fetched_at": "2025-07-15T15:10:50.077718+00:00", "symbol": "ADA-USD"}, {"trade_id": 143729010, "side": "buy", "size": "4014.78131908", "price": "0.71920000", "time": "2025-07-15T15:08:58.425039Z", "fetched_at": "2025-07-15T15:10:50.077718+00:00", "symbol": "ADA-USD"}, {"trade_id": 143729009, "side": "buy", "size": "685.66996703", "price": "0.71920000", "time": "2025-07-15T15:08:58.419560Z", "fetched_at": "2025-07-15T15:10:50.077718+00:00", "symbol": "ADA-USD"}, {"trade_id": 143729008, "side": "buy", "size": "1.60000000", "price": "0.71930000", "time": "2025-07-15T15:08:54.939414Z", "fetched_at": "2025-07-15T15:10:50.077718+00:00", "symbol": "ADA-USD"}, {"trade_id": 143729007, "side": "sell", "size": "203.82735613", "price": "0.71940000", "time": "2025-07-15T15:08:54.925906Z", "fetched_at": "2025-07-15T15:10:50.077718+00:00", "symbol": "ADA-USD"}, {"trade_id": 143729006, "side": "sell", "size": "16.55629691", "price": "0.71940000", "time": "2025-07-15T15:08:54.522315Z", "fetched_at": "2025-07-15T15:10:50.077718+00:00", "symbol": "ADA-USD"}, {"trade_id": 143729005, "side": "sell", "size": "67.84260000", "price": "0.71950000", "time": "2025-07-15T15:08:52.609057Z", "fetched_at": "2025-07-15T15:10:50.077718+00:00", "symbol": "ADA-USD"}, {"trade_id": 143729004, "side": "buy", "size": "423.64132267", "price": "0.71930000", "time": "2025-07-15T15:08:50.330737Z", "fetched_at": "2025-07-15T15:10:50.077718+00:00", "symbol": "ADA-USD"}, {"trade_id": 143729003, "side": "buy", "size": "695.08356599", "price": "0.71930000", "time": "2025-07-15T15:08:50.330737Z", "fetched_at": "2025-07-15T15:10:50.077718+00:00", "symbol": "ADA-USD"}, {"trade_id": 143729002, "side": "buy", "size": "527.12866291", "price": "0.71930000", "time": "2025-07-15T15:08:50.330737Z", "fetched_at": "2025-07-15T15:10:50.077718+00:00", "symbol": "ADA-USD"}, {"trade_id": 143729001, "side": "buy", "size": "5601.10000000", "price": "0.71930000", "time": "2025-07-15T15:08:50.330737Z", "fetched_at": "2025-07-15T15:10:50.077718+00:00", "symbol": "ADA-USD"}, {"trade_id": 143729000, "side": "buy", "size": "602.31868443", "price": "0.71940000", "time": "2025-07-15T15:08:50.330737Z", "fetched_at": "2025-07-15T15:10:50.077718+00:00", "symbol": "ADA-USD"}, {"trade_id": 143728999, "side": "buy", "size": "644.15613458", "price": "0.71940000", "time": "2025-07-15T15:08:50.330737Z", "fetched_at": "2025-07-15T15:10:50.077718+00:00", "symbol": "ADA-USD"}, {"trade_id": 143728998, "side": "buy", "size": "685.66996703", "price": "0.71940000", "time": "2025-07-15T15:08:50.330737Z", "fetched_at": "2025-07-15T15:10:50.077718+00:00", "symbol": "ADA-USD"}, {"trade_id": 143728997, "side": "buy", "size": "25.07998239", "price": "0.71940000", "time": "2025-07-15T15:08:50.330737Z", "fetched_at": "2025-07-15T15:10:50.077718+00:00", "symbol": "ADA-USD"}, {"trade_id": 143728996, "side": "buy", "size": "301.63940000", "price": "0.71950000", "time": "2025-07-15T15:08:50.330737Z", "fetched_at": "2025-07-15T15:10:50.077718+00:00", "symbol": "ADA-USD"}, {"trade_id": 143728995, "side": "sell", "size": "1.60000000", "price": "0.71960000", "time": "2025-07-15T15:08:48.727951Z", "fetched_at": "2025-07-15T15:10:50.077718+00:00", "symbol": "ADA-USD"}, {"trade_id": 143728994, "side": "sell", "size": "24.20736288", "price": "0.71960000", "time": "2025-07-15T15:08:48.727951Z", "fetched_at": "2025-07-15T15:10:50.077718+00:00", "symbol": "ADA-USD"}, {"trade_id": 143728993, "side": "sell", "size": "9.56094823", "price": "0.71960000", "time": "2025-07-15T15:08:48.727951Z", "fetched_at": "2025-07-15T15:10:50.077718+00:00", "symbol": "ADA-USD"}, {"trade_id": 143728992, "side": "sell", "size": "1.60000000", "price": "0.71950000", "time": "2025-07-15T15:08:48.654823Z", "fetched_at": "2025-07-15T15:10:50.077718+00:00", "symbol": "ADA-USD"}, {"trade_id": 143728991, "side": "sell", "size": "6.21848923", "price": "0.71950000", "time": "2025-07-15T15:08:48.654823Z", "fetched_at": "2025-07-15T15:10:50.077718+00:00", "symbol": "ADA-USD"}, {"trade_id": 143728990, "side": "sell", "size": "1.60000000", "price": "0.71940000", "time": "2025-07-15T15:08:48.232031Z", "fetched_at": "2025-07-15T15:10:50.077718+00:00", "symbol": "ADA-USD"}, {"trade_id": 143728989, "side": "sell", "size": "49.51461293", "price": "0.71940000", "time": "2025-07-15T15:08:48.232031Z", "fetched_at": "2025-07-15T15:10:50.077718+00:00", "symbol": "ADA-USD"}, {"trade_id": 143728988, "side": "sell", "size": "67.84260000", "price": "0.71930000", "time": "2025-07-15T15:08:46.636278Z", "fetched_at": "2025-07-15T15:10:50.077718+00:00", "symbol": "ADA-USD"}, {"trade_id": 143728987, "side": "sell", "size": "109.34174892", "price": "0.71930000", "time": "2025-07-15T15:08:35.870507Z", "fetched_at": "2025-07-15T15:10:50.077718+00:00", "symbol": "ADA-USD"}, {"trade_id": 143728986, "side": "sell", "size": "1.60000000", "price": "0.71930000", "time": "2025-07-15T15:08:35.870507Z", "fetched_at": "2025-07-15T15:10:50.077718+00:00", "symbol": "ADA-USD"}, {"trade_id": 143728985, "side": "sell", "size": "24.78898200", "price": "0.71930000", "time": "2025-07-15T15:08:34.755524Z", "fetched_at": "2025-07-15T15:10:50.077718+00:00", "symbol": "ADA-USD"}, {"trade_id": 143728984, "side": "sell", "size": "1.60000000", "price": "0.71930000", "time": "2025-07-15T15:08:34.755524Z", "fetched_at": "2025-07-15T15:10:50.077718+00:00", "symbol": "ADA-USD"}, {"trade_id": 143728983, "side": "sell", "size": "1.60000000", "price": "0.71920000", "time": "2025-07-15T15:08:32.921427Z", "fetched_at": "2025-07-15T15:10:50.077718+00:00", "symbol": "ADA-USD"}, {"trade_id": 143728982, "side": "sell", "size": "612.47978699", "price": "0.71900000", "time": "2025-07-15T15:08:32.268761Z", "fetched_at": "2025-07-15T15:10:50.077718+00:00", "symbol": "ADA-USD"}, {"trade_id": 143728981, "side": "buy", "size": "390.24754060", "price": "0.71900000", "time": "2025-07-15T15:08:29.508147Z", "fetched_at": "2025-07-15T15:10:50.077718+00:00", "symbol": "ADA-USD"}, {"trade_id": 143728980, "side": "buy", "size": "638.60547103", "price": "0.71900000", "time": "2025-07-15T15:08:29.508147Z", "fetched_at": "2025-07-15T15:10:50.077718+00:00", "symbol": "ADA-USD"}, {"trade_id": 143728979, "side": "buy", "size": "44.58663537", "price": "0.71910000", "time": "2025-07-15T15:08:29.508147Z", "fetched_at": "2025-07-15T15:10:50.077718+00:00", "symbol": "ADA-USD"}, {"trade_id": 143728978, "side": "buy", "size": "8.39375284", "price": "0.71910000", "time": "2025-07-15T15:08:28.682045Z", "fetched_at": "2025-07-15T15:10:50.077718+00:00", "symbol": "ADA-USD"}, {"trade_id": 143728977, "side": "buy", "size": "59.44884716", "price": "0.71910000", "time": "2025-07-15T15:08:28.682045Z", "fetched_at": "2025-07-15T15:10:50.077718+00:00", "symbol": "ADA-USD"}, {"trade_id": 143728976, "side": "buy", "size": "463.10107267", "price": "0.71930000", "time": "2025-07-15T15:08:27.812596Z", "fetched_at": "2025-07-15T15:10:50.077718+00:00", "symbol": "ADA-USD"}, {"trade_id": 143728975, "side": "sell", "size": "1.20478109", "price": "0.71940000", "time": "2025-07-15T15:08:26.425042Z", "fetched_at": "2025-07-15T15:10:50.077718+00:00", "symbol": "ADA-USD"}, {"trade_id": 143728974, "side": "sell", "size": "1.60000000", "price": "0.71940000", "time": "2025-07-15T15:08:26.425042Z", "fetched_at": "2025-07-15T15:10:50.077718+00:00", "symbol": "ADA-USD"}, {"trade_id": 143728973, "side": "sell", "size": "10.84773489", "price": "0.71940000", "time": "2025-07-15T15:08:26.425042Z", "fetched_at": "2025-07-15T15:10:50.077718+00:00", "symbol": "ADA-USD"}, {"trade_id": 143728972, "side": "sell", "size": "1.60000000", "price": "0.71930000", "time": "2025-07-15T15:08:26.425042Z", "fetched_at": "2025-07-15T15:10:50.077718+00:00", "symbol": "ADA-USD"}, {"trade_id": 143728971, "side": "buy", "size": "123.21683529", "price": "0.71920000", "time": "2025-07-15T15:08:26.027564Z", "fetched_at": "2025-07-15T15:10:50.077718+00:00", "symbol": "ADA-USD"}, {"trade_id": 143728970, "side": "buy", "size": "684.98316471", "price": "0.71920000", "time": "2025-07-15T15:08:26.027564Z", "fetched_at": "2025-07-15T15:10:50.077718+00:00", "symbol": "ADA-USD"}, {"trade_id": 143728969, "side": "sell", "size": "311.60971176", "price": "0.71920000", "time": "2025-07-15T15:08:25.610942Z", "fetched_at": "2025-07-15T15:10:50.077718+00:00", "symbol": "ADA-USD"}, {"trade_id": 143728968, "side": "sell", "size": "1.60000000", "price": "0.71920000", "time": "2025-07-15T15:08:25.610942Z", "fetched_at": "2025-07-15T15:10:50.077718+00:00", "symbol": "ADA-USD"}, {"trade_id": 143728967, "side": "sell", "size": "54.06820377", "price": "0.71910000", "time": "2025-07-15T15:08:25.565579Z", "fetched_at": "2025-07-15T15:10:50.077718+00:00", "symbol": "ADA-USD"}, {"trade_id": 143728966, "side": "sell", "size": "13.43050000", "price": "0.71910000", "time": "2025-07-15T15:08:25.344974Z", "fetched_at": "2025-07-15T15:10:50.077718+00:00", "symbol": "ADA-USD"}, {"trade_id": 143728965, "side": "sell", "size": "300.00000000", "price": "0.71900000", "time": "2025-07-15T15:08:24.518381Z", "fetched_at": "2025-07-15T15:10:50.077718+00:00", "symbol": "ADA-USD"}, {"trade_id": 143728964, "side": "sell", "size": "137.67209000", "price": "0.71910000", "time": "2025-07-15T15:08:23.264427Z", "fetched_at": "2025-07-15T15:10:50.077718+00:00", "symbol": "ADA-USD"}, {"trade_id": 143728963, "side": "sell", "size": "25.44759900", "price": "0.71910000", "time": "2025-07-15T15:08:23.133368Z", "fetched_at": "2025-07-15T15:10:50.077718+00:00", "symbol": "ADA-USD"}, {"trade_id": 143728962, "side": "sell", "size": "1.60000000", "price": "0.71910000", "time": "2025-07-15T15:08:23.133368Z", "fetched_at": "2025-07-15T15:10:50.077718+00:00", "symbol": "ADA-USD"}, {"trade_id": 143728961, "side": "sell", "size": "702.63331672", "price": "0.71870000", "time": "2025-07-15T15:08:14.627861Z", "fetched_at": "2025-07-15T15:10:50.077718+00:00", "symbol": "ADA-USD"}, {"trade_id": 143728960, "side": "sell", "size": "18.02273459", "price": "0.71870000", "time": "2025-07-15T15:08:14.627861Z", "fetched_at": "2025-07-15T15:10:50.077718+00:00", "symbol": "ADA-USD"}, {"trade_id": 143728959, "side": "sell", "size": "54.06820377", "price": "0.71870000", "time": "2025-07-15T15:08:14.627861Z", "fetched_at": "2025-07-15T15:10:50.077718+00:00", "symbol": "ADA-USD"}, {"trade_id": 143728958, "side": "buy", "size": "1.60000000", "price": "0.71860000", "time": "2025-07-15T15:08:12.993777Z", "fetched_at": "2025-07-15T15:10:50.077718+00:00", "symbol": "ADA-USD"}, {"trade_id": 143728957, "side": "buy", "size": "2500.00000000", "price": "0.71860000", "time": "2025-07-15T15:08:12.993777Z", "fetched_at": "2025-07-15T15:10:50.077718+00:00", "symbol": "ADA-USD"}, {"trade_id": 143728956, "side": "buy", "size": "1.60000000", "price": "0.71870000", "time": "2025-07-15T15:08:12.610352Z", "fetched_at": "2025-07-15T15:10:50.077718+00:00", "symbol": "ADA-USD"}, {"trade_id": 143728955, "side": "buy", "size": "1.60000000", "price": "0.71880000", "time": "2025-07-15T15:08:12.335428Z", "fetched_at": "2025-07-15T15:10:50.077718+00:00", "symbol": "ADA-USD"}, {"trade_id": 143728954, "side": "sell", "size": "67.84260000", "price": "0.71890000", "time": "2025-07-15T15:08:12.088370Z", "fetched_at": "2025-07-15T15:10:50.077718+00:00", "symbol": "ADA-USD"}, {"trade_id": 143728953, "side": "buy", "size": "301.63940000", "price": "0.71890000", "time": "2025-07-15T15:08:12.003517Z", "fetched_at": "2025-07-15T15:10:50.077718+00:00", "symbol": "ADA-USD"}, {"trade_id": 143728952, "side": "buy", "size": "301.63940000", "price": "0.71900000", "time": "2025-07-15T15:08:11.841010Z", "fetched_at": "2025-07-15T15:10:50.077718+00:00", "symbol": "ADA-USD"}, {"trade_id": 143728951, "side": "sell", "size": "981.50000000", "price": "0.71890000", "time": "2025-07-15T15:08:11.312331Z", "fetched_at": "2025-07-15T15:10:50.077718+00:00", "symbol": "ADA-USD"}, {"trade_id": 143728950, "side": "sell", "size": "1.60000000", "price": "0.71920000", "time": "2025-07-15T15:08:09.275896Z", "fetched_at": "2025-07-15T15:10:50.077718+00:00", "symbol": "ADA-USD"}, {"trade_id": 143728949, "side": "sell", "size": "1.60000000", "price": "0.71910000", "time": "2025-07-15T15:08:09.179805Z", "fetched_at": "2025-07-15T15:10:50.077718+00:00", "symbol": "ADA-USD"}, {"trade_id": 143728948, "side": "buy", "size": "506.86060000", "price": "0.71900000", "time": "2025-07-15T15:08:08.786780Z", "fetched_at": "2025-07-15T15:10:50.077718+00:00", "symbol": "ADA-USD"}, {"trade_id": 143728947, "side": "buy", "size": "301.63940000", "price": "0.71900000", "time": "2025-07-15T15:08:08.786780Z", "fetched_at": "2025-07-15T15:10:50.077718+00:00", "symbol": "ADA-USD"}, {"trade_id": 143728946, "side": "sell", "size": "60.39500771", "price": "0.71900000", "time": "2025-07-15T15:08:08.066252Z", "fetched_at": "2025-07-15T15:10:50.077718+00:00", "symbol": "ADA-USD"}, {"trade_id": 143728945, "side": "sell", "size": "1.60000000", "price": "0.71900000", "time": "2025-07-15T15:08:08.066252Z", "fetched_at": "2025-07-15T15:10:50.077718+00:00", "symbol": "ADA-USD"}, {"trade_id": 143728944, "side": "sell", "size": "5.84759229", "price": "0.71900000", "time": "2025-07-15T15:08:08.066252Z", "fetched_at": "2025-07-15T15:10:50.077718+00:00", "symbol": "ADA-USD"}, {"trade_id": 143728943, "side": "buy", "size": "289.26342537", "price": "0.71880000", "time": "2025-07-15T15:08:07.002774Z", "fetched_at": "2025-07-15T15:10:50.077718+00:00", "symbol": "ADA-USD"}, {"trade_id": 143728942, "side": "buy", "size": "400.00000000", "price": "0.71880000", "time": "2025-07-15T15:08:07.002774Z", "fetched_at": "2025-07-15T15:10:50.077718+00:00", "symbol": "ADA-USD"}, {"trade_id": 143728941, "side": "buy", "size": "730.43700288", "price": "0.71880000", "time": "2025-07-15T15:08:07.002774Z", "fetched_at": "2025-07-15T15:10:50.077718+00:00", "symbol": "ADA-USD"}, {"trade_id": 143728940, "side": "buy", "size": "275.69095044", "price": "0.71880000", "time": "2025-07-15T15:08:07.002774Z", "fetched_at": "2025-07-15T15:10:50.077718+00:00", "symbol": "ADA-USD"}, {"trade_id": 143728939, "side": "buy", "size": "673.70933031", "price": "0.71890000", "time": "2025-07-15T15:08:07.002774Z", "fetched_at": "2025-07-15T15:10:50.077718+00:00", "symbol": "ADA-USD"}, {"trade_id": 143728938, "side": "buy", "size": "400.00000000", "price": "0.71890000", "time": "2025-07-15T15:08:07.002774Z", "fetched_at": "2025-07-15T15:10:50.077718+00:00", "symbol": "ADA-USD"}, {"trade_id": 143728937, "side": "buy", "size": "51.00306000", "price": "0.71890000", "time": "2025-07-15T15:08:07.002774Z", "fetched_at": "2025-07-15T15:10:50.077718+00:00", "symbol": "ADA-USD"}, {"trade_id": 143728936, "side": "buy", "size": "301.63940000", "price": "0.71890000", "time": "2025-07-15T15:08:07.002774Z", "fetched_at": "2025-07-15T15:10:50.077718+00:00", "symbol": "ADA-USD"}, {"trade_id": 143728935, "side": "buy", "size": "25.76221073", "price": "0.71890000", "time": "2025-07-15T15:08:06.478839Z", "fetched_at": "2025-07-15T15:10:50.077718+00:00", "symbol": "ADA-USD"}, {"trade_id": 143728934, "side": "sell", "size": "1.60000000", "price": "0.71890000", "time": "2025-07-15T15:08:06.467375Z", "fetched_at": "2025-07-15T15:10:50.077718+00:00", "symbol": "ADA-USD"}, {"trade_id": 143728933, "side": "sell", "size": "692.81355500", "price": "0.71890000", "time": "2025-07-15T15:08:06.467375Z", "fetched_at": "2025-07-15T15:10:50.077718+00:00", "symbol": "ADA-USD"}, {"trade_id": 143728932, "side": "sell", "size": "23.02723640", "price": "0.71890000", "time": "2025-07-15T15:08:06.467375Z", "fetched_at": "2025-07-15T15:10:50.077718+00:00", "symbol": "ADA-USD"}, {"trade_id": 143728931, "side": "sell", "size": "1.60000000", "price": "0.71880000", "time": "2025-07-15T15:08:05.899364Z", "fetched_at": "2025-07-15T15:10:50.077718+00:00", "symbol": "ADA-USD"}, {"trade_id": 143728930, "side": "sell", "size": "767.08274332", "price": "0.71860000", "time": "2025-07-15T15:08:05.237536Z", "fetched_at": "2025-07-15T15:10:50.077718+00:00", "symbol": "ADA-USD"}, {"trade_id": 143728929, "side": "buy", "size": "236.30904956", "price": "0.71860000", "time": "2025-07-15T15:08:04.796481Z", "fetched_at": "2025-07-15T15:10:50.077718+00:00", "symbol": "ADA-USD"}, {"trade_id": 143728928, "side": "buy", "size": "275.69095044", "price": "0.71860000", "time": "2025-07-15T15:08:04.796481Z", "fetched_at": "2025-07-15T15:10:50.077718+00:00", "symbol": "ADA-USD"}, {"trade_id": 143728927, "side": "sell", "size": "897.12207078", "price": "0.71860000", "time": "2025-07-15T15:08:02.694323Z", "fetched_at": "2025-07-15T15:10:50.077718+00:00", "symbol": "ADA-USD"}, {"trade_id": 143728926, "side": "buy", "size": "210.36060000", "price": "0.71850000", "time": "2025-07-15T15:08:02.120093Z", "fetched_at": "2025-07-15T15:10:50.077718+00:00", "symbol": "ADA-USD"}, {"trade_id": 143728925, "side": "buy", "size": "301.63940000", "price": "0.71860000", "time": "2025-07-15T15:08:02.120093Z", "fetched_at": "2025-07-15T15:10:50.077718+00:00", "symbol": "ADA-USD"}, {"trade_id": 143728924, "side": "buy", "size": "236.30904956", "price": "0.71850000", "time": "2025-07-15T15:08:00.618894Z", "fetched_at": "2025-07-15T15:10:50.077718+00:00", "symbol": "ADA-USD"}, {"trade_id": 143728923, "side": "buy", "size": "275.69095044", "price": "0.71860000", "time": "2025-07-15T15:08:00.618894Z", "fetched_at": "2025-07-15T15:10:50.077718+00:00", "symbol": "ADA-USD"}, {"trade_id": 143728922, "side": "sell", "size": "13.91701059", "price": "0.71870000", "time": "2025-07-15T15:08:00.442132Z", "fetched_at": "2025-07-15T15:10:50.077718+00:00", "symbol": "ADA-USD"}, {"trade_id": 143728921, "side": "sell", "size": "1.60000000", "price": "0.71870000", "time": "2025-07-15T15:08:00.442132Z", "fetched_at": "2025-07-15T15:10:50.077718+00:00", "symbol": "ADA-USD"}, {"trade_id": 143728920, "side": "sell", "size": "13.92268906", "price": "0.71860000", "time": "2025-07-15T15:08:00.201038Z", "fetched_at": "2025-07-15T15:10:50.077718+00:00", "symbol": "ADA-USD"}, {"trade_id": 143728919, "side": "sell", "size": "1.37940600", "price": "0.71860000", "time": "2025-07-15T15:07:58.737109Z", "fetched_at": "2025-07-15T15:10:50.077718+00:00", "symbol": "ADA-USD"}, {"trade_id": 143728918, "side": "sell", "size": "6.07731094", "price": "0.71860000", "time": "2025-07-15T15:07:58.228218Z", "fetched_at": "2025-07-15T15:10:50.077718+00:00", "symbol": "ADA-USD"}, {"trade_id": 143728917, "side": "sell", "size": "13.92268906", "price": "0.71860000", "time": "2025-07-15T15:07:58.228218Z", "fetched_at": "2025-07-15T15:10:50.077718+00:00", "symbol": "ADA-USD"}, {"trade_id": 143728916, "side": "sell", "size": "798.47380274", "price": "0.71830000", "time": "2025-07-15T15:07:57.476657Z", "fetched_at": "2025-07-15T15:10:50.077718+00:00", "symbol": "ADA-USD"}, {"trade_id": 143728915, "side": "sell", "size": "67.84260000", "price": "0.71830000", "time": "2025-07-15T15:07:57.228313Z", "fetched_at": "2025-07-15T15:10:50.077718+00:00", "symbol": "ADA-USD"}, {"trade_id": 143728914, "side": "sell", "size": "125.06806600", "price": "0.71830000", "time": "2025-07-15T15:07:56.635346Z", "fetched_at": "2025-07-15T15:10:50.077718+00:00", "symbol": "ADA-USD"}, {"trade_id": 143728913, "side": "sell", "size": "145.39784000", "price": "0.71830000", "time": "2025-07-15T15:07:56.635346Z", "fetched_at": "2025-07-15T15:10:50.077718+00:00", "symbol": "ADA-USD"}, {"trade_id": 143728912, "side": "buy", "size": "51.00306000", "price": "0.71840000", "time": "2025-07-15T15:07:56.187145Z", "fetched_at": "2025-07-15T15:10:50.077718+00:00", "symbol": "ADA-USD"}, {"trade_id": 143728911, "side": "buy", "size": "500.00000000", "price": "0.71840000", "time": "2025-07-15T15:07:56.178920Z", "fetched_at": "2025-07-15T15:10:50.077718+00:00", "symbol": "ADA-USD"}, {"trade_id": 143728910, "side": "buy", "size": "581.50954000", "price": "0.71840000", "time": "2025-07-15T15:07:56.178783Z", "fetched_at": "2025-07-15T15:10:50.077718+00:00", "symbol": "ADA-USD"}, {"trade_id": 143728909, "side": "buy", "size": "2191.13339556", "price": "0.71840000", "time": "2025-07-15T15:07:56.068375Z", "fetched_at": "2025-07-15T15:10:50.077718+00:00", "symbol": "ADA-USD"}, {"trade_id": 143728908, "side": "buy", "size": "6000.00000000", "price": "0.71850000", "time": "2025-07-15T15:07:55.928763Z", "fetched_at": "2025-07-15T15:10:50.077718+00:00", "symbol": "ADA-USD"}, {"trade_id": 143728907, "side": "sell", "size": "101.99826360", "price": "0.71860000", "time": "2025-07-15T15:07:55.468623Z", "fetched_at": "2025-07-15T15:10:50.077718+00:00", "symbol": "ADA-USD"}, {"trade_id": 143728906, "side": "sell", "size": "457.46060000", "price": "0.71860000", "time": "2025-07-15T15:07:55.424405Z", "fetched_at": "2025-07-15T15:10:50.077718+00:00", "symbol": "ADA-USD"}, {"trade_id": 143728905, "side": "buy", "size": "50.00000000", "price": "0.71860000", "time": "2025-07-15T15:07:55.419872Z", "fetched_at": "2025-07-15T15:10:50.077718+00:00", "symbol": "ADA-USD"}, {"trade_id": 143728904, "side": "buy", "size": "301.63940000", "price": "0.71860000", "time": "2025-07-15T15:07:55.419872Z", "fetched_at": "2025-07-15T15:10:50.077718+00:00", "symbol": "ADA-USD"}, {"trade_id": 143728903, "side": "sell", "size": "853.62194563", "price": "0.71860000", "time": "2025-07-15T15:07:55.401048Z", "fetched_at": "2025-07-15T15:10:50.077718+00:00", "symbol": "ADA-USD"}, {"trade_id": 143728902, "side": "buy", "size": "236.30904956", "price": "0.71850000", "time": "2025-07-15T15:07:55.284960Z", "fetched_at": "2025-07-15T15:10:50.077718+00:00", "symbol": "ADA-USD"}, {"trade_id": 143728901, "side": "buy", "size": "275.69095044", "price": "0.71850000", "time": "2025-07-15T15:07:55.284960Z", "fetched_at": "2025-07-15T15:10:50.077718+00:00", "symbol": "ADA-USD"}, {"trade_id": 143728900, "side": "buy", "size": "301.63940000", "price": "0.71870000", "time": "2025-07-15T15:07:55.254847Z", "fetched_at": "2025-07-15T15:10:50.077718+00:00", "symbol": "ADA-USD"}, {"trade_id": 143728899, "side": "buy", "size": "275.69095044", "price": "0.71870000", "time": "2025-07-15T15:07:55.254847Z", "fetched_at": "2025-07-15T15:10:50.077718+00:00", "symbol": "ADA-USD"}, {"trade_id": 143728898, "side": "buy", "size": "0.11219200", "price": "0.71860000", "time": "2025-07-15T15:07:53.965629Z", "fetched_at": "2025-07-15T15:10:50.077718+00:00", "symbol": "ADA-USD"}, {"trade_id": 143728897, "side": "buy", "size": "67.84260000", "price": "0.71870000", "time": "2025-07-15T15:07:53.250042Z", "fetched_at": "2025-07-15T15:10:50.077718+00:00", "symbol": "ADA-USD"}, {"trade_id": 143728896, "side": "sell", "size": "699.35491197", "price": "0.71870000", "time": "2025-07-15T15:07:52.482819Z", "fetched_at": "2025-07-15T15:10:50.077718+00:00", "symbol": "ADA-USD"}, {"trade_id": 143728895, "side": "sell", "size": "746.80528841", "price": "0.71870000", "time": "2025-07-15T15:07:52.482819Z", "fetched_at": "2025-07-15T15:10:50.077718+00:00", "symbol": "ADA-USD"}, {"trade_id": 143728894, "side": "sell", "size": "5645.80000000", "price": "0.71870000", "time": "2025-07-15T15:07:52.482819Z", "fetched_at": "2025-07-15T15:10:50.077718+00:00", "symbol": "ADA-USD"}, {"trade_id": 143728893, "side": "sell", "size": "1696.30425000", "price": "0.71870000", "time": "2025-07-15T15:07:52.482819Z", "fetched_at": "2025-07-15T15:10:50.077718+00:00", "symbol": "ADA-USD"}, {"trade_id": 143728892, "side": "sell", "size": "1.60000000", "price": "0.71870000", "time": "2025-07-15T15:07:52.482819Z", "fetched_at": "2025-07-15T15:10:50.077718+00:00", "symbol": "ADA-USD"}, {"trade_id": 143728891, "side": "sell", "size": "567.00000000", "price": "0.71870000", "time": "2025-07-15T15:07:52.482819Z", "fetched_at": "2025-07-15T15:10:50.077718+00:00", "symbol": "ADA-USD"}, {"trade_id": 143728890, "side": "sell", "size": "1266.24750803", "price": "0.71860000", "time": "2025-07-15T15:07:52.482819Z", "fetched_at": "2025-07-15T15:10:50.077718+00:00", "symbol": "ADA-USD"}, {"trade_id": 143728889, "side": "sell", "size": "20.28804159", "price": "0.71860000", "time": "2025-07-15T15:07:52.482819Z", "fetched_at": "2025-07-15T15:10:50.077718+00:00", "symbol": "ADA-USD"}, {"trade_id": 143728888, "side": "sell", "size": "1.60000000", "price": "0.71860000", "time": "2025-07-15T15:07:52.482819Z", "fetched_at": "2025-07-15T15:10:50.077718+00:00", "symbol": "ADA-USD"}, {"trade_id": 143728887, "side": "sell", "size": "567.00000000", "price": "0.71860000", "time": "2025-07-15T15:07:52.482819Z", "fetched_at": "2025-07-15T15:10:50.077718+00:00", "symbol": "ADA-USD"}, {"trade_id": 143728886, "side": "buy", "size": "37.47423300", "price": "0.71850000", "time": "2025-07-15T15:07:51.150919Z", "fetched_at": "2025-07-15T15:10:50.077718+00:00", "symbol": "ADA-USD"}, {"trade_id": 143728885, "side": "sell", "size": "2.41328900", "price": "0.71840000", "time": "2025-07-15T15:07:50.070791Z", "fetched_at": "2025-07-15T15:10:50.077718+00:00", "symbol": "ADA-USD"}, {"trade_id": 143728884, "side": "buy", "size": "695.97817790", "price": "0.71840000", "time": "2025-07-15T15:07:49.783626Z", "fetched_at": "2025-07-15T15:10:50.077718+00:00", "symbol": "ADA-USD"}, {"trade_id": 143728883, "side": "buy", "size": "37.67025421", "price": "0.71840000", "time": "2025-07-15T15:07:49.783626Z", "fetched_at": "2025-07-15T15:10:50.077718+00:00", "symbol": "ADA-USD"}, {"trade_id": 143728882, "side": "buy", "size": "901.99498752", "price": "0.71850000", "time": "2025-07-15T15:07:49.782034Z", "fetched_at": "2025-07-15T15:10:50.077718+00:00", "symbol": "ADA-USD"}, {"trade_id": 143728881, "side": "buy", "size": "28.25260000", "price": "0.71850000", "time": "2025-07-15T15:07:46.945486Z", "fetched_at": "2025-07-15T15:10:50.077718+00:00", "symbol": "ADA-USD"}, {"trade_id": 143728880, "side": "sell", "size": "156.23732056", "price": "0.71850000", "time": "2025-07-15T15:07:46.929764Z", "fetched_at": "2025-07-15T15:10:50.077718+00:00", "symbol": "ADA-USD"}, {"trade_id": 143728879, "side": "sell", "size": "800.00000000", "price": "0.71850000", "time": "2025-07-15T15:07:46.929764Z", "fetched_at": "2025-07-15T15:10:50.077718+00:00", "symbol": "ADA-USD"}, {"trade_id": 143728878, "side": "sell", "size": "695.90411683", "price": "0.71850000", "time": "2025-07-15T15:07:46.929764Z", "fetched_at": "2025-07-15T15:10:50.077718+00:00", "symbol": "ADA-USD"}, {"trade_id": 143728877, "side": "sell", "size": "499.15740000", "price": "0.71850000", "time": "2025-07-15T15:07:46.929764Z", "fetched_at": "2025-07-15T15:10:50.077718+00:00", "symbol": "ADA-USD"}, {"trade_id": 143728876, "side": "sell", "size": "67.84260000", "price": "0.71850000", "time": "2025-07-15T15:07:46.928881Z", "fetched_at": "2025-07-15T15:10:50.077718+00:00", "symbol": "ADA-USD"}, {"trade_id": 143728875, "side": "sell", "size": "1285.74008087", "price": "0.71840000", "time": "2025-07-15T15:07:46.927445Z", "fetched_at": "2025-07-15T15:10:50.077718+00:00", "symbol": "ADA-USD"}, {"trade_id": 143728874, "side": "sell", "size": "1569.57476000", "price": "0.71840000", "time": "2025-07-15T15:07:46.927445Z", "fetched_at": "2025-07-15T15:10:50.077718+00:00", "symbol": "ADA-USD"}, {"trade_id": 143728873, "side": "sell", "size": "1696.77657000", "price": "0.71840000", "time": "2025-07-15T15:07:46.927445Z", "fetched_at": "2025-07-15T15:10:50.077718+00:00", "symbol": "ADA-USD"}, {"trade_id": 143728872, "side": "sell", "size": "746.80528841", "price": "0.71840000", "time": "2025-07-15T15:07:46.927445Z", "fetched_at": "2025-07-15T15:10:50.077718+00:00", "symbol": "ADA-USD"}, {"trade_id": 143728871, "side": "sell", "size": "145.39784000", "price": "0.71840000", "time": "2025-07-15T15:07:46.927445Z", "fetched_at": "2025-07-15T15:10:50.077718+00:00", "symbol": "ADA-USD"}, {"trade_id": 143728870, "side": "sell", "size": "567.00000000", "price": "0.71840000", "time": "2025-07-15T15:07:46.927445Z", "fetched_at": "2025-07-15T15:10:50.077718+00:00", "symbol": "ADA-USD"}, {"trade_id": 143728869, "side": "sell", "size": "51.00306000", "price": "0.71830000", "time": "2025-07-15T15:07:46.927445Z", "fetched_at": "2025-07-15T15:10:50.077718+00:00", "symbol": "ADA-USD"}, {"trade_id": 143728868, "side": "sell", "size": "50.00000000", "price": "0.71830000", "time": "2025-07-15T15:07:46.927445Z", "fetched_at": "2025-07-15T15:10:50.077718+00:00", "symbol": "ADA-USD"}, {"trade_id": 143728867, "side": "sell", "size": "567.00000000", "price": "0.71830000", "time": "2025-07-15T15:07:46.927445Z", "fetched_at": "2025-07-15T15:10:50.077718+00:00", "symbol": "ADA-USD"}, {"trade_id": 143728866, "side": "sell", "size": "145.39784000", "price": "0.71830000", "time": "2025-07-15T15:07:46.927445Z", "fetched_at": "2025-07-15T15:10:50.077718+00:00", "symbol": "ADA-USD"}, {"trade_id": 143728865, "side": "buy", "size": "334.88756700", "price": "0.71830000", "time": "2025-07-15T15:07:45.672736Z", "fetched_at": "2025-07-15T15:10:50.077718+00:00", "symbol": "ADA-USD"}, {"trade_id": 143728864, "side": "buy", "size": "51.00306000", "price": "0.71840000", "time": "2025-07-15T15:07:45.540814Z", "fetched_at": "2025-07-15T15:10:50.077718+00:00", "symbol": "ADA-USD"}, {"trade_id": 143728863, "side": "buy", "size": "207.84835044", "price": "0.71860000", "time": "2025-07-15T15:07:45.292448Z", "fetched_at": "2025-07-15T15:10:50.077718+00:00", "symbol": "ADA-USD"}, {"trade_id": 143728862, "side": "buy", "size": "67.84260000", "price": "0.71860000", "time": "2025-07-15T15:07:44.868464Z", "fetched_at": "2025-07-15T15:10:50.077718+00:00", "symbol": "ADA-USD"}, {"trade_id": 143728861, "side": "buy", "size": "1.94535478", "price": "0.71860000", "time": "2025-07-15T15:07:44.124120Z", "fetched_at": "2025-07-15T15:10:50.077718+00:00", "symbol": "ADA-USD"}, {"trade_id": 143728860, "side": "buy", "size": "2.40687847", "price": "0.71870000", "time": "2025-07-15T15:07:43.955306Z", "fetched_at": "2025-07-15T15:10:50.077718+00:00", "symbol": "ADA-USD"}, {"trade_id": 143728859, "side": "buy", "size": "3.75033866", "price": "0.71870000", "time": "2025-07-15T15:07:43.571562Z", "fetched_at": "2025-07-15T15:10:50.077718+00:00", "symbol": "ADA-USD"}, {"trade_id": 143728858, "side": "sell", "size": "567.00000000", "price": "0.71870000", "time": "2025-07-15T15:07:42.921751Z", "fetched_at": "2025-07-15T15:10:50.077718+00:00", "symbol": "ADA-USD"}, {"trade_id": 143728857, "side": "sell", "size": "1.60000000", "price": "0.71870000", "time": "2025-07-15T15:07:42.921751Z", "fetched_at": "2025-07-15T15:10:50.077718+00:00", "symbol": "ADA-USD"}, {"trade_id": 143728856, "side": "sell", "size": "1.60000000", "price": "0.71860000", "time": "2025-07-15T15:07:42.652790Z", "fetched_at": "2025-07-15T15:10:50.077718+00:00", "symbol": "ADA-USD"}, {"trade_id": 143728855, "side": "sell", "size": "66.24260000", "price": "0.71850000", "time": "2025-07-15T15:07:42.070505Z", "fetched_at": "2025-07-15T15:10:50.077718+00:00", "symbol": "ADA-USD"}, {"trade_id": 143728854, "side": "sell", "size": "1.60000000", "price": "0.71850000", "time": "2025-07-15T15:07:42.070505Z", "fetched_at": "2025-07-15T15:10:50.077718+00:00", "symbol": "ADA-USD"}, {"trade_id": 143728853, "side": "sell", "size": "13.92660507", "price": "0.71840000", "time": "2025-07-15T15:07:41.103029Z", "fetched_at": "2025-07-15T15:10:50.077718+00:00", "symbol": "ADA-USD"}, {"trade_id": 143728852, "side": "sell", "size": "1.60000000", "price": "0.71840000", "time": "2025-07-15T15:07:41.103029Z", "fetched_at": "2025-07-15T15:10:50.077718+00:00", "symbol": "ADA-USD"}, {"trade_id": 143728851, "side": "buy", "size": "33.67243700", "price": "0.71820000", "time": "2025-07-15T15:07:40.655901Z", "fetched_at": "2025-07-15T15:10:50.077718+00:00", "symbol": "ADA-USD"}, {"trade_id": 143728850, "side": "buy", "size": "51.00306000", "price": "0.71830000", "time": "2025-07-15T15:07:40.655901Z", "fetched_at": "2025-07-15T15:10:50.077718+00:00", "symbol": "ADA-USD"}, {"trade_id": 143728849, "side": "buy", "size": "301.63940000", "price": "0.71830000", "time": "2025-07-15T15:07:40.655901Z", "fetched_at": "2025-07-15T15:10:50.077718+00:00", "symbol": "ADA-USD"}, {"trade_id": 143728848, "side": "buy", "size": "66.96934081", "price": "0.71830000", "time": "2025-07-15T15:07:40.638754Z", "fetched_at": "2025-07-15T15:10:50.077718+00:00", "symbol": "ADA-USD"}, {"trade_id": 143728847, "side": "sell", "size": "1.60000000", "price": "0.71830000", "time": "2025-07-15T15:07:40.629424Z", "fetched_at": "2025-07-15T15:10:50.077718+00:00", "symbol": "ADA-USD"}, {"trade_id": 143728846, "side": "sell", "size": "567.00000000", "price": "0.71820000", "time": "2025-07-15T15:07:40.486642Z", "fetched_at": "2025-07-15T15:10:50.077718+00:00", "symbol": "ADA-USD"}, {"trade_id": 143728845, "side": "sell", "size": "1.60000000", "price": "0.71820000", "time": "2025-07-15T15:07:40.486642Z", "fetched_at": "2025-07-15T15:10:50.077718+00:00", "symbol": "ADA-USD"}, {"trade_id": 143728844, "side": "sell", "size": "0.63188206", "price": "0.71820000", "time": "2025-07-15T15:07:40.486642Z", "fetched_at": "2025-07-15T15:10:50.077718+00:00", "symbol": "ADA-USD"}, {"trade_id": 143728843, "side": "sell", "size": "1.60000000", "price": "0.71810000", "time": "2025-07-15T15:07:39.253707Z", "fetched_at": "2025-07-15T15:10:50.077718+00:00", "symbol": "ADA-USD"}, {"trade_id": 143728842, "side": "sell", "size": "1.60000000", "price": "0.71800000", "time": "2025-07-15T15:07:38.320925Z", "fetched_at": "2025-07-15T15:10:50.077718+00:00", "symbol": "ADA-USD"}, {"trade_id": 143728841, "side": "sell", "size": "567.00000000", "price": "0.71790000", "time": "2025-07-15T15:07:37.100461Z", "fetched_at": "2025-07-15T15:10:50.077718+00:00", "symbol": "ADA-USD"}, {"trade_id": 143728840, "side": "sell", "size": "67.67753500", "price": "0.71770000", "time": "2025-07-15T15:07:35.740327Z", "fetched_at": "2025-07-15T15:10:50.077718+00:00", "symbol": "ADA-USD"}, {"trade_id": 143728839, "side": "sell", "size": "136.35986600", "price": "0.71770000", "time": "2025-07-15T15:07:35.265636Z", "fetched_at": "2025-07-15T15:10:50.077718+00:00", "symbol": "ADA-USD"}, {"trade_id": 143728838, "side": "sell", "size": "1.60000000", "price": "0.71770000", "time": "2025-07-15T15:07:35.265636Z", "fetched_at": "2025-07-15T15:10:50.077718+00:00", "symbol": "ADA-USD"}, {"trade_id": 143728837, "side": "buy", "size": "1.63784296", "price": "0.71740000", "time": "2025-07-15T15:07:31.226200Z", "fetched_at": "2025-07-15T15:10:50.077718+00:00", "symbol": "ADA-USD"}, {"trade_id": 143728836, "side": "buy", "size": "118.09388000", "price": "0.71740000", "time": "2025-07-15T15:07:31.133354Z", "fetched_at": "2025-07-15T15:10:50.077718+00:00", "symbol": "ADA-USD"}, {"trade_id": 143728835, "side": "buy", "size": "284.38047000", "price": "0.71740000", "time": "2025-07-15T15:07:31.066451Z", "fetched_at": "2025-07-15T15:10:50.077718+00:00", "symbol": "ADA-USD"}, {"trade_id": 143728834, "side": "buy", "size": "49.40306000", "price": "0.71740000", "time": "2025-07-15T15:07:31.064571Z", "fetched_at": "2025-07-15T15:10:50.077718+00:00", "symbol": "ADA-USD"}, {"trade_id": 143728833, "side": "buy", "size": "1.60000000", "price": "0.71740000", "time": "2025-07-15T15:07:31.064571Z", "fetched_at": "2025-07-15T15:10:50.077718+00:00", "symbol": "ADA-USD"}, {"trade_id": 143728832, "side": "buy", "size": "527.12866291", "price": "0.71750000", "time": "2025-07-15T15:07:31.032068Z", "fetched_at": "2025-07-15T15:10:50.077718+00:00", "symbol": "ADA-USD"}, {"trade_id": 143728831, "side": "buy", "size": "1100.00000000", "price": "0.71750000", "time": "2025-07-15T15:07:31.032068Z", "fetched_at": "2025-07-15T15:10:50.077718+00:00", "symbol": "ADA-USD"}, {"trade_id": 143728830, "side": "buy", "size": "1.60000000", "price": "0.71750000", "time": "2025-07-15T15:07:31.032068Z", "fetched_at": "2025-07-15T15:10:50.077718+00:00", "symbol": "ADA-USD"}, {"trade_id": 143728829, "side": "buy", "size": "172.66316825", "price": "0.71760000", "time": "2025-07-15T15:07:31.027958Z", "fetched_at": "2025-07-15T15:10:50.077718+00:00", "symbol": "ADA-USD"}, {"trade_id": 143728828, "side": "buy", "size": "524.07925595", "price": "0.71760000", "time": "2025-07-15T15:07:31.022622Z", "fetched_at": "2025-07-15T15:10:50.077718+00:00", "symbol": "ADA-USD"}, {"trade_id": 143728827, "side": "buy", "size": "2894.76077972", "price": "0.71760000", "time": "2025-07-15T15:07:31.022622Z", "fetched_at": "2025-07-15T15:10:50.077718+00:00", "symbol": "ADA-USD"}, {"trade_id": 143728826, "side": "buy", "size": "2770.53922028", "price": "0.71760000", "time": "2025-07-15T15:07:31.018209Z", "fetched_at": "2025-07-15T15:10:50.077718+00:00", "symbol": "ADA-USD"}, {"trade_id": 143728825, "side": "buy", "size": "1.60000000", "price": "0.71760000", "time": "2025-07-15T15:07:31.018209Z", "fetched_at": "2025-07-15T15:10:50.077718+00:00", "symbol": "ADA-USD"}, {"trade_id": 143728824, "side": "buy", "size": "275.69095044", "price": "0.71760000", "time": "2025-07-15T15:07:31.018209Z", "fetched_at": "2025-07-15T15:10:50.077718+00:00", "symbol": "ADA-USD"}, {"trade_id": 143728823, "side": "buy", "size": "1266.24750803", "price": "0.71770000", "time": "2025-07-15T15:07:31.015445Z", "fetched_at": "2025-07-15T15:10:50.077718+00:00", "symbol": "ADA-USD"}, {"trade_id": 143728822, "side": "buy", "size": "1.60000000", "price": "0.71770000", "time": "2025-07-15T15:07:31.015445Z", "fetched_at": "2025-07-15T15:10:50.077718+00:00", "symbol": "ADA-USD"}, {"trade_id": 143728821, "side": "buy", "size": "1.80426987", "price": "0.71780000", "time": "2025-07-15T15:07:31.015445Z", "fetched_at": "2025-07-15T15:10:50.077718+00:00", "symbol": "ADA-USD"}, {"trade_id": 143728820, "side": "buy", "size": "5.67163099", "price": "0.71780000", "time": "2025-07-15T15:07:28.407401Z", "fetched_at": "2025-07-15T15:10:50.077718+00:00", "symbol": "ADA-USD"}, {"trade_id": 143728819, "side": "buy", "size": "1.60000000", "price": "0.71780000", "time": "2025-07-15T15:07:28.387608Z", "fetched_at": "2025-07-15T15:10:50.077718+00:00", "symbol": "ADA-USD"}, {"trade_id": 143728818, "side": "buy", "size": "5.63430210", "price": "0.71790000", "time": "2025-07-15T15:07:28.364157Z", "fetched_at": "2025-07-15T15:10:50.077718+00:00", "symbol": "ADA-USD"}, {"trade_id": 143728817, "side": "sell", "size": "13.92954119", "price": "0.71810000", "time": "2025-07-15T15:07:24.644437Z", "fetched_at": "2025-07-15T15:10:50.077718+00:00", "symbol": "ADA-USD"}, {"trade_id": 143728816, "side": "sell", "size": "696.30805570", "price": "0.71810000", "time": "2025-07-15T15:07:24.644437Z", "fetched_at": "2025-07-15T15:10:50.077718+00:00", "symbol": "ADA-USD"}, {"trade_id": 143728815, "side": "sell", "size": "567.00000000", "price": "0.71810000", "time": "2025-07-15T15:07:24.644437Z", "fetched_at": "2025-07-15T15:10:50.077718+00:00", "symbol": "ADA-USD"}, {"trade_id": 143728814, "side": "sell", "size": "1.60000000", "price": "0.71810000", "time": "2025-07-15T15:07:24.644437Z", "fetched_at": "2025-07-15T15:10:50.077718+00:00", "symbol": "ADA-USD"}, {"trade_id": 143728813, "side": "sell", "size": "543.19827890", "price": "0.71800000", "time": "2025-07-15T15:07:24.643686Z", "fetched_at": "2025-07-15T15:10:50.077718+00:00", "symbol": "ADA-USD"}, {"trade_id": 143728812, "side": "sell", "size": "23.80172110", "price": "0.71800000", "time": "2025-07-15T15:07:24.643599Z", "fetched_at": "2025-07-15T15:10:50.077718+00:00", "symbol": "ADA-USD"}, {"trade_id": 143728811, "side": "sell", "size": "44.04087890", "price": "0.71800000", "time": "2025-07-15T15:07:24.643599Z", "fetched_at": "2025-07-15T15:10:50.077718+00:00", "symbol": "ADA-USD"}, {"trade_id": 143728810, "side": "buy", "size": "142.11994400", "price": "0.71800000", "time": "2025-07-15T15:07:22.912303Z", "fetched_at": "2025-07-15T15:10:50.077718+00:00", "symbol": "ADA-USD"}, {"trade_id": 143728809, "side": "buy", "size": "33.13446540", "price": "0.71800000", "time": "2025-07-15T15:07:22.872730Z", "fetched_at": "2025-07-15T15:10:50.077718+00:00", "symbol": "ADA-USD"}, {"trade_id": 143728808, "side": "buy", "size": "579.54778416", "price": "0.71800000", "time": "2025-07-15T15:07:22.872730Z", "fetched_at": "2025-07-15T15:10:50.077718+00:00", "symbol": "ADA-USD"}, {"trade_id": 143728807, "side": "buy", "size": "301.63940000", "price": "0.71800000", "time": "2025-07-15T15:07:22.872730Z", "fetched_at": "2025-07-15T15:10:50.077718+00:00", "symbol": "ADA-USD"}, {"trade_id": 143728806, "side": "buy", "size": "207.84835044", "price": "0.71800000", "time": "2025-07-15T15:07:22.872730Z", "fetched_at": "2025-07-15T15:10:50.077718+00:00", "symbol": "ADA-USD"}, {"trade_id": 143728805, "side": "buy", "size": "67.84260000", "price": "0.71800000", "time": "2025-07-15T15:07:22.576370Z", "fetched_at": "2025-07-15T15:10:50.077718+00:00", "symbol": "ADA-USD"}, {"trade_id": 143728804, "side": "sell", "size": "567.00000000", "price": "0.71800000", "time": "2025-07-15T15:07:22.500899Z", "fetched_at": "2025-07-15T15:10:50.077718+00:00", "symbol": "ADA-USD"}, {"trade_id": 143728803, "side": "sell", "size": "1.60000000", "price": "0.71800000", "time": "2025-07-15T15:07:22.500899Z", "fetched_at": "2025-07-15T15:10:50.077718+00:00", "symbol": "ADA-USD"}, {"trade_id": 143728802, "side": "sell", "size": "27.00394300", "price": "0.71790000", "time": "2025-07-15T15:07:19.631184Z", "fetched_at": "2025-07-15T15:10:50.077718+00:00", "symbol": "ADA-USD"}, {"trade_id": 143728801, "side": "sell", "size": "145.39784000", "price": "0.71790000", "time": "2025-07-15T15:07:19.631184Z", "fetched_at": "2025-07-15T15:10:50.077718+00:00", "symbol": "ADA-USD"}, {"trade_id": 143728800, "side": "buy", "size": "256.26154667", "price": "0.71780000", "time": "2025-07-15T15:07:17.888208Z", "fetched_at": "2025-07-15T15:10:50.077718+00:00", "symbol": "ADA-USD"}, {"trade_id": 143728799, "side": "buy", "size": "1.52165533", "price": "0.71780000", "time": "2025-07-15T15:07:17.888208Z", "fetched_at": "2025-07-15T15:10:50.077718+00:00", "symbol": "ADA-USD"}, {"trade_id": 143728798, "side": "buy", "size": "1.67767558", "price": "0.71790000", "time": "2025-07-15T15:07:17.049024Z", "fetched_at": "2025-07-15T15:10:50.077718+00:00", "symbol": "ADA-USD"}, {"trade_id": 143728797, "side": "buy", "size": "66.25108129", "price": "0.71790000", "time": "2025-07-15T15:07:16.378909Z", "fetched_at": "2025-07-15T15:10:50.077718+00:00", "symbol": "ADA-USD"}, {"trade_id": 143728796, "side": "buy", "size": "1.59151871", "price": "0.71790000", "time": "2025-07-15T15:07:16.378909Z", "fetched_at": "2025-07-15T15:10:50.077718+00:00", "symbol": "ADA-USD"}, {"trade_id": 143728795, "side": "sell", "size": "618.64540113", "price": "0.71790000", "time": "2025-07-15T15:07:14.701106Z", "fetched_at": "2025-07-15T15:10:50.077718+00:00", "symbol": "ADA-USD"}, {"trade_id": 143728794, "side": "sell", "size": "13.75960937", "price": "0.71790000", "time": "2025-07-15T15:07:14.701106Z", "fetched_at": "2025-07-15T15:10:50.077718+00:00", "symbol": "ADA-USD"}, {"trade_id": 143728793, "side": "sell", "size": "44.96156250", "price": "0.71790000", "time": "2025-07-15T15:07:14.701106Z", "fetched_at": "2025-07-15T15:10:50.077718+00:00", "symbol": "ADA-USD"}, {"trade_id": 143728792, "side": "buy", "size": "0.21346521", "price": "0.71770000", "time": "2025-07-15T15:07:12.658282Z", "fetched_at": "2025-07-15T15:10:50.077718+00:00", "symbol": "ADA-USD"}, {"trade_id": 143728791, "side": "buy", "size": "1.99230815", "price": "0.71770000", "time": "2025-07-15T15:07:12.657946Z", "fetched_at": "2025-07-15T15:10:50.077718+00:00", "symbol": "ADA-USD"}, {"trade_id": 143728790, "side": "buy", "size": "55.03843749", "price": "0.71770000", "time": "2025-07-15T15:07:12.657946Z", "fetched_at": "2025-07-15T15:10:50.077718+00:00", "symbol": "ADA-USD"}, {"trade_id": 143728789, "side": "buy", "size": "51.00306000", "price": "0.71780000", "time": "2025-07-15T15:07:12.657946Z", "fetched_at": "2025-07-15T15:10:50.077718+00:00", "symbol": "ADA-USD"}, {"trade_id": 143728788, "side": "buy", "size": "275.69095044", "price": "0.71780000", "time": "2025-07-15T15:07:12.657946Z", "fetched_at": "2025-07-15T15:10:50.077718+00:00", "symbol": "ADA-USD"}, {"trade_id": 143728787, "side": "sell", "size": "1.17475971", "price": "0.71790000", "time": "2025-07-15T15:07:12.523135Z", "fetched_at": "2025-07-15T15:10:50.077718+00:00", "symbol": "ADA-USD"}, {"trade_id": 143728786, "side": "sell", "size": "1.60000000", "price": "0.71790000", "time": "2025-07-15T15:07:12.523135Z", "fetched_at": "2025-07-15T15:10:50.077718+00:00", "symbol": "ADA-USD"}, {"trade_id": 143728785, "side": "sell", "size": "1.60000000", "price": "0.71780000", "time": "2025-07-15T15:07:12.100582Z", "fetched_at": "2025-07-15T15:10:50.077718+00:00", "symbol": "ADA-USD"}, {"trade_id": 143728784, "side": "sell", "size": "4.86353352", "price": "0.71780000", "time": "2025-07-15T15:07:12.100582Z", "fetched_at": "2025-07-15T15:10:50.077718+00:00", "symbol": "ADA-USD"}, {"trade_id": 143728783, "side": "sell", "size": "148.61514695", "price": "0.71770000", "time": "2025-07-15T15:07:11.965111Z", "fetched_at": "2025-07-15T15:10:50.077718+00:00", "symbol": "ADA-USD"}, {"trade_id": 143728782, "side": "sell", "size": "84.27021016", "price": "0.71770000", "time": "2025-07-15T15:07:11.948449Z", "fetched_at": "2025-07-15T15:10:50.077718+00:00", "symbol": "ADA-USD"}, {"trade_id": 143728781, "side": "sell", "size": "6.19974299", "price": "0.71770000", "time": "2025-07-15T15:07:11.936123Z", "fetched_at": "2025-07-15T15:10:50.077718+00:00", "symbol": "ADA-USD"}, {"trade_id": 143728780, "side": "sell", "size": "466.39260317", "price": "0.71770000", "time": "2025-07-15T15:07:11.912532Z", "fetched_at": "2025-07-15T15:10:50.077718+00:00", "symbol": "ADA-USD"}, {"trade_id": 143728779, "side": "sell", "size": "160.56376000", "price": "0.71770000", "time": "2025-07-15T15:07:11.346535Z", "fetched_at": "2025-07-15T15:10:50.077718+00:00", "symbol": "ADA-USD"}, {"trade_id": 143728778, "side": "sell", "size": "620.04939489", "price": "0.71760000", "time": "2025-07-15T15:07:11.134581Z", "fetched_at": "2025-07-15T15:10:50.077718+00:00", "symbol": "ADA-USD"}, {"trade_id": 143728777, "side": "sell", "size": "1.60000000", "price": "0.71760000", "time": "2025-07-15T15:07:11.134581Z", "fetched_at": "2025-07-15T15:10:50.077718+00:00", "symbol": "ADA-USD"}, {"trade_id": 143728776, "side": "buy", "size": "13.93922498", "price": "0.71740000", "time": "2025-07-15T15:07:08.625859Z", "fetched_at": "2025-07-15T15:10:50.077718+00:00", "symbol": "ADA-USD"}, {"trade_id": 143728775, "side": "buy", "size": "301.63940000", "price": "0.71750000", "time": "2025-07-15T15:07:08.377485Z", "fetched_at": "2025-07-15T15:10:50.077718+00:00", "symbol": "ADA-USD"}, {"trade_id": 143728774, "side": "sell", "size": "41.50298077", "price": "0.71750000", "time": "2025-07-15T15:07:08.266546Z", "fetched_at": "2025-07-15T15:10:50.077718+00:00", "symbol": "ADA-USD"}, {"trade_id": 143728773, "side": "buy", "size": "7390.80670244", "price": "0.71760000", "time": "2025-07-15T15:07:08.246934Z", "fetched_at": "2025-07-15T15:10:50.077718+00:00", "symbol": "ADA-USD"}, {"trade_id": 143728772, "side": "buy", "size": "51.00306000", "price": "0.71760000", "time": "2025-07-15T15:07:08.203968Z", "fetched_at": "2025-07-15T15:10:50.077718+00:00", "symbol": "ADA-USD"}, {"trade_id": 143728771, "side": "buy", "size": "6490.61796309", "price": "0.71760000", "time": "2025-07-15T15:07:08.194091Z", "fetched_at": "2025-07-15T15:10:50.077718+00:00", "symbol": "ADA-USD"}, {"trade_id": 143728770, "side": "sell", "size": "1.32570800", "price": "0.71780000", "time": "2025-07-15T15:07:06.905239Z", "fetched_at": "2025-07-15T15:10:50.077718+00:00", "symbol": "ADA-USD"}, {"trade_id": 143728769, "side": "sell", "size": "1.60000000", "price": "0.71770000", "time": "2025-07-15T15:07:06.670683Z", "fetched_at": "2025-07-15T15:10:50.077718+00:00", "symbol": "ADA-USD"}, {"trade_id": 143728768, "side": "sell", "size": "8.97053680", "price": "0.71770000", "time": "2025-07-15T15:07:06.670683Z", "fetched_at": "2025-07-15T15:10:50.077718+00:00", "symbol": "ADA-USD"}, {"trade_id": 143728767, "side": "sell", "size": "1.60000000", "price": "0.71760000", "time": "2025-07-15T15:07:06.329189Z", "fetched_at": "2025-07-15T15:10:50.077718+00:00", "symbol": "ADA-USD"}, {"trade_id": 143728766, "side": "sell", "size": "22.85360036", "price": "0.71760000", "time": "2025-07-15T15:07:06.329189Z", "fetched_at": "2025-07-15T15:10:50.077718+00:00", "symbol": "ADA-USD"}, {"trade_id": 143728765, "side": "sell", "size": "25.44686874", "price": "0.71760000", "time": "2025-07-15T15:07:06.329189Z", "fetched_at": "2025-07-15T15:10:50.077718+00:00", "symbol": "ADA-USD"}, {"trade_id": 143728764, "side": "sell", "size": "2.76630434", "price": "0.71760000", "time": "2025-07-15T15:07:06.244688Z", "fetched_at": "2025-07-15T15:10:50.077718+00:00", "symbol": "ADA-USD"}, {"trade_id": 143728763, "side": "sell", "size": "5.53260869", "price": "0.71760000", "time": "2025-07-15T15:07:06.058305Z", "fetched_at": "2025-07-15T15:10:50.077718+00:00", "symbol": "ADA-USD"}, {"trade_id": 143728762, "side": "sell", "size": "1.60000000", "price": "0.71750000", "time": "2025-07-15T15:07:05.842380Z", "fetched_at": "2025-07-15T15:10:50.077718+00:00", "symbol": "ADA-USD"}, {"trade_id": 143728761, "side": "sell", "size": "24.35742847", "price": "0.71750000", "time": "2025-07-15T15:07:05.842380Z", "fetched_at": "2025-07-15T15:10:50.077718+00:00", "symbol": "ADA-USD"}, {"trade_id": 143728760, "side": "sell", "size": "13.94224477", "price": "0.71740000", "time": "2025-07-15T15:07:05.640062Z", "fetched_at": "2025-07-15T15:10:50.077718+00:00", "symbol": "ADA-USD"}, {"trade_id": 143728759, "side": "sell", "size": "1.60000000", "price": "0.71740000", "time": "2025-07-15T15:07:05.640062Z", "fetched_at": "2025-07-15T15:10:50.077718+00:00", "symbol": "ADA-USD"}, {"trade_id": 143728758, "side": "sell", "size": "53.59008942", "price": "0.71740000", "time": "2025-07-15T15:07:05.640062Z", "fetched_at": "2025-07-15T15:10:50.077718+00:00", "symbol": "ADA-USD"}, {"trade_id": 143728757, "side": "buy", "size": "41.22710059", "price": "0.71730000", "time": "2025-07-15T15:07:05.087694Z", "fetched_at": "2025-07-15T15:10:50.077718+00:00", "symbol": "ADA-USD"}, {"trade_id": 143728756, "side": "buy", "size": "93.71596644", "price": "0.71700000", "time": "2025-07-15T15:07:04.315305Z", "fetched_at": "2025-07-15T15:10:50.077718+00:00", "symbol": "ADA-USD"}, {"trade_id": 143728755, "side": "buy", "size": "207.84835044", "price": "0.71700000", "time": "2025-07-15T15:07:04.315305Z", "fetched_at": "2025-07-15T15:10:50.077718+00:00", "symbol": "ADA-USD"}, {"trade_id": 143728754, "side": "buy", "size": "6.20748312", "price": "0.71710000", "time": "2025-07-15T15:07:04.315305Z", "fetched_at": "2025-07-15T15:10:50.077718+00:00", "symbol": "ADA-USD"}, {"trade_id": 143728753, "side": "buy", "size": "275.69095044", "price": "0.71720000", "time": "2025-07-15T15:07:04.313727Z", "fetched_at": "2025-07-15T15:10:50.077718+00:00", "symbol": "ADA-USD"}, {"trade_id": 143728752, "side": "sell", "size": "652.96080395", "price": "0.71730000", "time": "2025-07-15T15:07:04.294470Z", "fetched_at": "2025-07-15T15:10:50.077718+00:00", "symbol": "ADA-USD"}, {"trade_id": 143728751, "side": "sell", "size": "1.60000000", "price": "0.71730000", "time": "2025-07-15T15:07:04.294470Z", "fetched_at": "2025-07-15T15:10:50.077718+00:00", "symbol": "ADA-USD"}, {"trade_id": 143728750, "side": "sell", "size": "42.49759605", "price": "0.71730000", "time": "2025-07-15T15:07:04.294470Z", "fetched_at": "2025-07-15T15:10:50.077718+00:00", "symbol": "ADA-USD"}, {"trade_id": 143728749, "side": "buy", "size": "227.69007456", "price": "0.71720000", "time": "2025-07-15T15:07:04.098876Z", "fetched_at": "2025-07-15T15:10:50.077718+00:00", "symbol": "ADA-USD"}, {"trade_id": 143728748, "side": "buy", "size": "275.69095044", "price": "0.71720000", "time": "2025-07-15T15:07:04.098876Z", "fetched_at": "2025-07-15T15:10:50.077718+00:00", "symbol": "ADA-USD"}, {"trade_id": 143728747, "side": "sell", "size": "13.95970700", "price": "0.71720000", "time": "2025-07-15T15:07:02.826052Z", "fetched_at": "2025-07-15T15:10:50.077718+00:00", "symbol": "ADA-USD"}, {"trade_id": 143728746, "side": "sell", "size": "1.60000000", "price": "0.71720000", "time": "2025-07-15T15:07:02.826052Z", "fetched_at": "2025-07-15T15:10:50.077718+00:00", "symbol": "ADA-USD"}, {"trade_id": 143728745, "side": "sell", "size": "42.49311620", "price": "0.71720000", "time": "2025-07-15T15:07:02.826052Z", "fetched_at": "2025-07-15T15:10:50.077718+00:00", "symbol": "ADA-USD"}, {"trade_id": 143728744, "side": "sell", "size": "1060.47318870", "price": "0.71710000", "time": "2025-07-15T15:07:02.565651Z", "fetched_at": "2025-07-15T15:10:50.077718+00:00", "symbol": "ADA-USD"}