[{"trade_id": 143719489, "side": "sell", "size": "1.93597942", "price": "0.73290000", "time": "2025-07-15T14:20:20.087661Z", "fetched_at": "2025-07-15T14:20:22.307108+00:00", "symbol": "ADA-USD"}, {"trade_id": 143719488, "side": "sell", "size": "691.01694898", "price": "0.73290000", "time": "2025-07-15T14:20:20.076928Z", "fetched_at": "2025-07-15T14:20:22.307108+00:00", "symbol": "ADA-USD"}, {"trade_id": 143719487, "side": "sell", "size": "1.35098300", "price": "0.73280000", "time": "2025-07-15T14:20:19.888149Z", "fetched_at": "2025-07-15T14:20:22.307108+00:00", "symbol": "ADA-USD"}, {"trade_id": 143719486, "side": "sell", "size": "12.07687356", "price": "0.73280000", "time": "2025-07-15T14:20:19.504042Z", "fetched_at": "2025-07-15T14:20:22.307108+00:00", "symbol": "ADA-USD"}, {"trade_id": 143719485, "side": "sell", "size": "1.82687731", "price": "0.73280000", "time": "2025-07-15T14:20:19.504042Z", "fetched_at": "2025-07-15T14:20:22.307108+00:00", "symbol": "ADA-USD"}, {"trade_id": 143719484, "side": "sell", "size": "5.40393000", "price": "0.73270000", "time": "2025-07-15T14:20:19.049175Z", "fetched_at": "2025-07-15T14:20:22.307108+00:00", "symbol": "ADA-USD"}, {"trade_id": 143719483, "side": "sell", "size": "2.36421900", "price": "0.73270000", "time": "2025-07-15T14:20:18.864120Z", "fetched_at": "2025-07-15T14:20:22.307108+00:00", "symbol": "ADA-USD"}, {"trade_id": 143719482, "side": "buy", "size": "13.64628821", "price": "0.73280000", "time": "2025-07-15T14:20:18.667662Z", "fetched_at": "2025-07-15T14:20:22.307108+00:00", "symbol": "ADA-USD"}, {"trade_id": 143719481, "side": "buy", "size": "500.00000000", "price": "0.73280000", "time": "2025-07-15T14:20:18.667662Z", "fetched_at": "2025-07-15T14:20:22.307108+00:00", "symbol": "ADA-USD"}, {"trade_id": 143719480, "side": "sell", "size": "67.84260000", "price": "0.73290000", "time": "2025-07-15T14:20:18.253839Z", "fetched_at": "2025-07-15T14:20:22.307108+00:00", "symbol": "ADA-USD"}, {"trade_id": 143719479, "side": "sell", "size": "26.53134760", "price": "0.73300000", "time": "2025-07-15T14:20:16.576628Z", "fetched_at": "2025-07-15T14:20:22.307108+00:00", "symbol": "ADA-USD"}, {"trade_id": 143719478, "side": "sell", "size": "1.60000000", "price": "0.73300000", "time": "2025-07-15T14:20:16.576628Z", "fetched_at": "2025-07-15T14:20:22.307108+00:00", "symbol": "ADA-USD"}, {"trade_id": 143719477, "side": "sell", "size": "2.43583641", "price": "0.73290000", "time": "2025-07-15T14:20:15.398454Z", "fetched_at": "2025-07-15T14:20:22.307108+00:00", "symbol": "ADA-USD"}, {"trade_id": 143719476, "side": "sell", "size": "3.24778188", "price": "0.73290000", "time": "2025-07-15T14:20:14.685936Z", "fetched_at": "2025-07-15T14:20:22.307108+00:00", "symbol": "ADA-USD"}, {"trade_id": 143719475, "side": "sell", "size": "4.33037585", "price": "0.73290000", "time": "2025-07-15T14:20:14.642391Z", "fetched_at": "2025-07-15T14:20:22.307108+00:00", "symbol": "ADA-USD"}, {"trade_id": 143719474, "side": "sell", "size": "5.77383446", "price": "0.73290000", "time": "2025-07-15T14:20:14.597982Z", "fetched_at": "2025-07-15T14:20:22.307108+00:00", "symbol": "ADA-USD"}, {"trade_id": 143719473, "side": "sell", "size": "1.60000000", "price": "0.73290000", "time": "2025-07-15T14:20:14.579691Z", "fetched_at": "2025-07-15T14:20:22.307108+00:00", "symbol": "ADA-USD"}, {"trade_id": 143719472, "side": "sell", "size": "30.65765619", "price": "0.73290000", "time": "2025-07-15T14:20:14.579691Z", "fetched_at": "2025-07-15T14:20:22.307108+00:00", "symbol": "ADA-USD"}, {"trade_id": 143719471, "side": "buy", "size": "474.75262500", "price": "0.73270000", "time": "2025-07-15T14:20:14.188215Z", "fetched_at": "2025-07-15T14:20:22.307108+00:00", "symbol": "ADA-USD"}, {"trade_id": 143719470, "side": "sell", "size": "7.69844595", "price": "0.73280000", "time": "2025-07-15T14:20:13.246337Z", "fetched_at": "2025-07-15T14:20:22.307108+00:00", "symbol": "ADA-USD"}, {"trade_id": 143719469, "side": "sell", "size": "10.26459460", "price": "0.73280000", "time": "2025-07-15T14:20:12.620029Z", "fetched_at": "2025-07-15T14:20:22.307108+00:00", "symbol": "ADA-USD"}, {"trade_id": 143719468, "side": "sell", "size": "13.68612613", "price": "0.73280000", "time": "2025-07-15T14:20:12.577124Z", "fetched_at": "2025-07-15T14:20:22.307108+00:00", "symbol": "ADA-USD"}, {"trade_id": 143719467, "side": "sell", "size": "10.10683386", "price": "0.73280000", "time": "2025-07-15T14:20:12.556754Z", "fetched_at": "2025-07-15T14:20:22.307108+00:00", "symbol": "ADA-USD"}, {"trade_id": 143719466, "side": "sell", "size": "1.60000000", "price": "0.73280000", "time": "2025-07-15T14:20:12.556754Z", "fetched_at": "2025-07-15T14:20:22.307108+00:00", "symbol": "ADA-USD"}, {"trade_id": 143719465, "side": "sell", "size": "18.24816818", "price": "0.73280000", "time": "2025-07-15T14:20:12.556754Z", "fetched_at": "2025-07-15T14:20:22.307108+00:00", "symbol": "ADA-USD"}, {"trade_id": 143719464, "side": "sell", "size": "202.44064000", "price": "0.73270000", "time": "2025-07-15T14:20:10.769819Z", "fetched_at": "2025-07-15T14:20:22.307108+00:00", "symbol": "ADA-USD"}, {"trade_id": 143719463, "side": "buy", "size": "500.00000000", "price": "0.73270000", "time": "2025-07-15T14:20:10.762880Z", "fetched_at": "2025-07-15T14:20:22.307108+00:00", "symbol": "ADA-USD"}, {"trade_id": 143719462, "side": "buy", "size": "9.99592280", "price": "0.73270000", "time": "2025-07-15T14:20:10.762880Z", "fetched_at": "2025-07-15T14:20:22.307108+00:00", "symbol": "ADA-USD"}, {"trade_id": 143719461, "side": "sell", "size": "24.33089090", "price": "0.73280000", "time": "2025-07-15T14:20:09.851189Z", "fetched_at": "2025-07-15T14:20:22.307108+00:00", "symbol": "ADA-USD"}, {"trade_id": 143719460, "side": "sell", "size": "32.44118787", "price": "0.73280000", "time": "2025-07-15T14:20:09.835953Z", "fetched_at": "2025-07-15T14:20:22.307108+00:00", "symbol": "ADA-USD"}, {"trade_id": 143719459, "side": "sell", "size": "13.56954806", "price": "0.73280000", "time": "2025-07-15T14:20:09.818276Z", "fetched_at": "2025-07-15T14:20:22.307108+00:00", "symbol": "ADA-USD"}, {"trade_id": 143719458, "side": "sell", "size": "43.25491716", "price": "0.73280000", "time": "2025-07-15T14:20:09.818276Z", "fetched_at": "2025-07-15T14:20:22.307108+00:00", "symbol": "ADA-USD"}, {"trade_id": 143719457, "side": "buy", "size": "0.02729257", "price": "0.73280000", "time": "2025-07-15T14:20:08.136795Z", "fetched_at": "2025-07-15T14:20:22.307108+00:00", "symbol": "ADA-USD"}, {"trade_id": 143719456, "side": "buy", "size": "13.64628820", "price": "0.73280000", "time": "2025-07-15T14:20:08.117241Z", "fetched_at": "2025-07-15T14:20:22.307108+00:00", "symbol": "ADA-USD"}, {"trade_id": 143719455, "side": "sell", "size": "1.60000000", "price": "0.73280000", "time": "2025-07-15T14:20:06.891485Z", "fetched_at": "2025-07-15T14:20:22.307108+00:00", "symbol": "ADA-USD"}, {"trade_id": 143719454, "side": "sell", "size": "10.16125726", "price": "0.73280000", "time": "2025-07-15T14:20:06.891485Z", "fetched_at": "2025-07-15T14:20:22.307108+00:00", "symbol": "ADA-USD"}, {"trade_id": 143719453, "side": "sell", "size": "1.60000000", "price": "0.73270000", "time": "2025-07-15T14:20:06.490500Z", "fetched_at": "2025-07-15T14:20:22.307108+00:00", "symbol": "ADA-USD"}, {"trade_id": 143719452, "side": "sell", "size": "30.62221029", "price": "0.73270000", "time": "2025-07-15T14:20:06.490500Z", "fetched_at": "2025-07-15T14:20:22.307108+00:00", "symbol": "ADA-USD"}, {"trade_id": 143719451, "side": "sell", "size": "175.26622842", "price": "0.73260000", "time": "2025-07-15T14:20:06.267783Z", "fetched_at": "2025-07-15T14:20:22.307108+00:00", "symbol": "ADA-USD"}, {"trade_id": 143719450, "side": "sell", "size": "1.60000000", "price": "0.73260000", "time": "2025-07-15T14:20:06.267783Z", "fetched_at": "2025-07-15T14:20:22.307108+00:00", "symbol": "ADA-USD"}, {"trade_id": 143719449, "side": "sell", "size": "10.54736554", "price": "0.73250000", "time": "2025-07-15T14:20:05.993308Z", "fetched_at": "2025-07-15T14:20:22.307108+00:00", "symbol": "ADA-USD"}, {"trade_id": 143719448, "side": "sell", "size": "2.55546300", "price": "0.73250000", "time": "2025-07-15T14:20:05.318518Z", "fetched_at": "2025-07-15T14:20:22.307108+00:00", "symbol": "ADA-USD"}, {"trade_id": 143719447, "side": "sell", "size": "1.60000000", "price": "0.73250000", "time": "2025-07-15T14:20:02.579087Z", "fetched_at": "2025-07-15T14:20:22.307108+00:00", "symbol": "ADA-USD"}, {"trade_id": 143719446, "side": "sell", "size": "32.05139278", "price": "0.73250000", "time": "2025-07-15T14:20:02.579087Z", "fetched_at": "2025-07-15T14:20:22.307108+00:00", "symbol": "ADA-USD"}, {"trade_id": 143719445, "side": "sell", "size": "13.65461306", "price": "0.73240000", "time": "2025-07-15T14:20:02.449260Z", "fetched_at": "2025-07-15T14:20:22.307108+00:00", "symbol": "ADA-USD"}, {"trade_id": 143719444, "side": "sell", "size": "1.60000000", "price": "0.73240000", "time": "2025-07-15T14:20:02.449260Z", "fetched_at": "2025-07-15T14:20:22.307108+00:00", "symbol": "ADA-USD"}, {"trade_id": 143719443, "side": "buy", "size": "73.63801208", "price": "0.73220000", "time": "2025-07-15T14:20:01.821957Z", "fetched_at": "2025-07-15T14:20:22.307108+00:00", "symbol": "ADA-USD"}, {"trade_id": 143719442, "side": "buy", "size": "51.00306000", "price": "0.73230000", "time": "2025-07-15T14:20:01.821957Z", "fetched_at": "2025-07-15T14:20:22.307108+00:00", "symbol": "ADA-USD"}, {"trade_id": 143719441, "side": "buy", "size": "12.00828592", "price": "0.73230000", "time": "2025-07-15T14:20:01.821957Z", "fetched_at": "2025-07-15T14:20:22.307108+00:00", "symbol": "ADA-USD"}, {"trade_id": 143719440, "side": "buy", "size": "270.62668306", "price": "0.73210000", "time": "2025-07-15T14:20:01.207565Z", "fetched_at": "2025-07-15T14:20:22.307108+00:00", "symbol": "ADA-USD"}, {"trade_id": 143719439, "side": "buy", "size": "12.07026494", "price": "0.73210000", "time": "2025-07-15T14:20:01.207565Z", "fetched_at": "2025-07-15T14:20:22.307108+00:00", "symbol": "ADA-USD"}, {"trade_id": 143719438, "side": "sell", "size": "134.96043000", "price": "0.73220000", "time": "2025-07-15T14:20:01.069237Z", "fetched_at": "2025-07-15T14:20:22.307108+00:00", "symbol": "ADA-USD"}, {"trade_id": 143719437, "side": "sell", "size": "202.44064000", "price": "0.73220000", "time": "2025-07-15T14:20:01.052594Z", "fetched_at": "2025-07-15T14:20:22.307108+00:00", "symbol": "ADA-USD"}, {"trade_id": 143719436, "side": "sell", "size": "134.96043000", "price": "0.73220000", "time": "2025-07-15T14:20:01.038811Z", "fetched_at": "2025-07-15T14:20:22.307108+00:00", "symbol": "ADA-USD"}, {"trade_id": 143719435, "side": "sell", "size": "4.25093366", "price": "0.73240000", "time": "2025-07-15T14:20:00.512543Z", "fetched_at": "2025-07-15T14:20:22.307108+00:00", "symbol": "ADA-USD"}, {"trade_id": 143719434, "side": "sell", "size": "1.32266000", "price": "0.73240000", "time": "2025-07-15T14:20:00.512543Z", "fetched_at": "2025-07-15T14:20:22.307108+00:00", "symbol": "ADA-USD"}, {"trade_id": 143719433, "side": "sell", "size": "0.27734000", "price": "0.73240000", "time": "2025-07-15T14:19:58.246727Z", "fetched_at": "2025-07-15T14:20:22.307108+00:00", "symbol": "ADA-USD"}, {"trade_id": 143719432, "side": "sell", "size": "51.71722672", "price": "0.73230000", "time": "2025-07-15T14:19:58.197741Z", "fetched_at": "2025-07-15T14:20:22.307108+00:00", "symbol": "ADA-USD"}, {"trade_id": 143719431, "side": "sell", "size": "1.60000000", "price": "0.73230000", "time": "2025-07-15T14:19:58.197741Z", "fetched_at": "2025-07-15T14:20:22.307108+00:00", "symbol": "ADA-USD"}, {"trade_id": 143719430, "side": "sell", "size": "98.71263251", "price": "0.73220000", "time": "2025-07-15T14:19:57.883903Z", "fetched_at": "2025-07-15T14:20:22.307108+00:00", "symbol": "ADA-USD"}, {"trade_id": 143719429, "side": "sell", "size": "58.52504388", "price": "0.73210000", "time": "2025-07-15T14:19:56.803079Z", "fetched_at": "2025-07-15T14:20:22.307108+00:00", "symbol": "ADA-USD"}, {"trade_id": 143719428, "side": "sell", "size": "359.16399840", "price": "0.73220000", "time": "2025-07-15T14:19:56.719936Z", "fetched_at": "2025-07-15T14:20:22.307108+00:00", "symbol": "ADA-USD"}, {"trade_id": 143719427, "side": "sell", "size": "567.00000000", "price": "0.73220000", "time": "2025-07-15T14:19:56.719936Z", "fetched_at": "2025-07-15T14:20:22.307108+00:00", "symbol": "ADA-USD"}, {"trade_id": 143719426, "side": "sell", "size": "1.60000000", "price": "0.73220000", "time": "2025-07-15T14:19:56.719936Z", "fetched_at": "2025-07-15T14:20:22.307108+00:00", "symbol": "ADA-USD"}, {"trade_id": 143719425, "side": "sell", "size": "570.63600160", "price": "0.73210000", "time": "2025-07-15T14:19:56.719936Z", "fetched_at": "2025-07-15T14:20:22.307108+00:00", "symbol": "ADA-USD"}, {"trade_id": 143719424, "side": "sell", "size": "1.60000000", "price": "0.73210000", "time": "2025-07-15T14:19:56.719936Z", "fetched_at": "2025-07-15T14:20:22.307108+00:00", "symbol": "ADA-USD"}, {"trade_id": 143719423, "side": "sell", "size": "13.37086289", "price": "0.73190000", "time": "2025-07-15T14:19:53.136914Z", "fetched_at": "2025-07-15T14:20:22.307108+00:00", "symbol": "ADA-USD"}, {"trade_id": 143719422, "side": "sell", "size": "70.39691035", "price": "0.73190000", "time": "2025-07-15T14:19:53.136914Z", "fetched_at": "2025-07-15T14:20:22.307108+00:00", "symbol": "ADA-USD"}, {"trade_id": 143719421, "side": "sell", "size": "140.82681410", "price": "0.73180000", "time": "2025-07-15T14:19:47.433293Z", "fetched_at": "2025-07-15T14:20:22.307108+00:00", "symbol": "ADA-USD"}, {"trade_id": 143719420, "side": "buy", "size": "140.82681410", "price": "0.73160000", "time": "2025-07-15T14:19:45.913456Z", "fetched_at": "2025-07-15T14:20:22.307108+00:00", "symbol": "ADA-USD"}, {"trade_id": 143719419, "side": "buy", "size": "590.15759901", "price": "0.73160000", "time": "2025-07-15T14:19:45.913456Z", "fetched_at": "2025-07-15T14:20:22.307108+00:00", "symbol": "ADA-USD"}, {"trade_id": 143719418, "side": "buy", "size": "1.60000000", "price": "0.73160000", "time": "2025-07-15T14:19:45.913456Z", "fetched_at": "2025-07-15T14:20:22.307108+00:00", "symbol": "ADA-USD"}, {"trade_id": 143719417, "side": "buy", "size": "670.48495453", "price": "0.73170000", "time": "2025-07-15T14:19:45.913456Z", "fetched_at": "2025-07-15T14:20:22.307108+00:00", "symbol": "ADA-USD"}, {"trade_id": 143719416, "side": "buy", "size": "1.60000000", "price": "0.73170000", "time": "2025-07-15T14:19:45.913456Z", "fetched_at": "2025-07-15T14:20:22.307108+00:00", "symbol": "ADA-USD"}, {"trade_id": 143719415, "side": "buy", "size": "13.66493578", "price": "0.73180000", "time": "2025-07-15T14:19:45.913456Z", "fetched_at": "2025-07-15T14:20:22.307108+00:00", "symbol": "ADA-USD"}, {"trade_id": 143719414, "side": "sell", "size": "67.84260000", "price": "0.73190000", "time": "2025-07-15T14:19:44.952092Z", "fetched_at": "2025-07-15T14:20:22.307108+00:00", "symbol": "ADA-USD"}, {"trade_id": 143719413, "side": "sell", "size": "1.60000000", "price": "0.73200000", "time": "2025-07-15T14:19:44.201501Z", "fetched_at": "2025-07-15T14:20:22.307108+00:00", "symbol": "ADA-USD"}, {"trade_id": 143719412, "side": "sell", "size": "1.60000000", "price": "0.73190000", "time": "2025-07-15T14:19:44.045848Z", "fetched_at": "2025-07-15T14:20:22.307108+00:00", "symbol": "ADA-USD"}, {"trade_id": 143719411, "side": "sell", "size": "683.62075272", "price": "0.73180000", "time": "2025-07-15T14:19:43.551002Z", "fetched_at": "2025-07-15T14:20:22.307108+00:00", "symbol": "ADA-USD"}, {"trade_id": 143719410, "side": "sell", "size": "7.88161077", "price": "0.73180000", "time": "2025-07-15T14:19:35.850980Z", "fetched_at": "2025-07-15T14:20:22.307108+00:00", "symbol": "ADA-USD"}, {"trade_id": 143719409, "side": "buy", "size": "372.38212281", "price": "0.73150000", "time": "2025-07-15T14:19:34.235383Z", "fetched_at": "2025-07-15T14:20:22.307108+00:00", "symbol": "ADA-USD"}, {"trade_id": 143719408, "side": "buy", "size": "51.00306000", "price": "0.73160000", "time": "2025-07-15T14:19:34.235383Z", "fetched_at": "2025-07-15T14:20:22.307108+00:00", "symbol": "ADA-USD"}, {"trade_id": 143719407, "side": "buy", "size": "500.00000000", "price": "0.73160000", "time": "2025-07-15T14:19:34.235383Z", "fetched_at": "2025-07-15T14:20:22.307108+00:00", "symbol": "ADA-USD"}, {"trade_id": 143719406, "side": "buy", "size": "7.91481719", "price": "0.73160000", "time": "2025-07-15T14:19:34.235383Z", "fetched_at": "2025-07-15T14:20:22.307108+00:00", "symbol": "ADA-USD"}, {"trade_id": 143719405, "side": "sell", "size": "11.78202300", "price": "0.73180000", "time": "2025-07-15T14:19:33.434912Z", "fetched_at": "2025-07-15T14:20:22.307108+00:00", "symbol": "ADA-USD"}, {"trade_id": 143719404, "side": "sell", "size": "1.60000000", "price": "0.73180000", "time": "2025-07-15T14:19:33.434912Z", "fetched_at": "2025-07-15T14:20:22.307108+00:00", "symbol": "ADA-USD"}, {"trade_id": 143719403, "side": "sell", "size": "1.60000000", "price": "0.73170000", "time": "2025-07-15T14:19:33.143002Z", "fetched_at": "2025-07-15T14:20:22.307108+00:00", "symbol": "ADA-USD"}, {"trade_id": 143719402, "side": "buy", "size": "220.49956000", "price": "0.73150000", "time": "2025-07-15T14:19:32.574391Z", "fetched_at": "2025-07-15T14:20:22.307108+00:00", "symbol": "ADA-USD"}, {"trade_id": 143719401, "side": "buy", "size": "49.03957000", "price": "0.73150000", "time": "2025-07-15T14:19:32.574391Z", "fetched_at": "2025-07-15T14:20:22.307108+00:00", "symbol": "ADA-USD"}, {"trade_id": 143719400, "side": "buy", "size": "51.00306000", "price": "0.73150000", "time": "2025-07-15T14:19:32.574391Z", "fetched_at": "2025-07-15T14:20:22.307108+00:00", "symbol": "ADA-USD"}, {"trade_id": 143719399, "side": "sell", "size": "117.96352147", "price": "0.73160000", "time": "2025-07-15T14:19:32.291508Z", "fetched_at": "2025-07-15T14:20:22.307108+00:00", "symbol": "ADA-USD"}, {"trade_id": 143719398, "side": "sell", "size": "19.53996233", "price": "0.73160000", "time": "2025-07-15T14:19:32.291508Z", "fetched_at": "2025-07-15T14:20:22.307108+00:00", "symbol": "ADA-USD"}, {"trade_id": 143719397, "side": "sell", "size": "687.10432452", "price": "0.73160000", "time": "2025-07-15T14:19:32.281008Z", "fetched_at": "2025-07-15T14:20:22.307108+00:00", "symbol": "ADA-USD"}, {"trade_id": 143719396, "side": "sell", "size": "1.60000000", "price": "0.73160000", "time": "2025-07-15T14:19:32.281008Z", "fetched_at": "2025-07-15T14:20:22.307108+00:00", "symbol": "ADA-USD"}, {"trade_id": 143719395, "side": "sell", "size": "160.26197712", "price": "0.73150000", "time": "2025-07-15T14:19:32.120645Z", "fetched_at": "2025-07-15T14:20:22.307108+00:00", "symbol": "ADA-USD"}, {"trade_id": 143719394, "side": "sell", "size": "29.08816850", "price": "0.73150000", "time": "2025-07-15T14:19:32.120645Z", "fetched_at": "2025-07-15T14:20:22.307108+00:00", "symbol": "ADA-USD"}, {"trade_id": 143719393, "side": "sell", "size": "1.60000000", "price": "0.73150000", "time": "2025-07-15T14:19:32.120645Z", "fetched_at": "2025-07-15T14:20:22.307108+00:00", "symbol": "ADA-USD"}, {"trade_id": 143719392, "side": "sell", "size": "697.49906841", "price": "0.73140000", "time": "2025-07-15T14:19:31.954570Z", "fetched_at": "2025-07-15T14:20:22.307108+00:00", "symbol": "ADA-USD"}, {"trade_id": 143719391, "side": "sell", "size": "1.60000000", "price": "0.73130000", "time": "2025-07-15T14:19:30.850446Z", "fetched_at": "2025-07-15T14:20:22.307108+00:00", "symbol": "ADA-USD"}, {"trade_id": 143719390, "side": "sell", "size": "7.26206268", "price": "0.73120000", "time": "2025-07-15T14:19:30.206434Z", "fetched_at": "2025-07-15T14:20:22.307108+00:00", "symbol": "ADA-USD"}, {"trade_id": 143719389, "side": "sell", "size": "13.67885578", "price": "0.73120000", "time": "2025-07-15T14:19:27.429666Z", "fetched_at": "2025-07-15T14:20:22.307108+00:00", "symbol": "ADA-USD"}, {"trade_id": 143719388, "side": "buy", "size": "252.21351044", "price": "0.73100000", "time": "2025-07-15T14:19:27.191750Z", "fetched_at": "2025-07-15T14:20:22.307108+00:00", "symbol": "ADA-USD"}, {"trade_id": 143719387, "side": "buy", "size": "1.60000000", "price": "0.73100000", "time": "2025-07-15T14:19:27.191750Z", "fetched_at": "2025-07-15T14:20:22.307108+00:00", "symbol": "ADA-USD"}, {"trade_id": 143719386, "side": "buy", "size": "50.00000000", "price": "0.73110000", "time": "2025-07-15T14:19:27.191750Z", "fetched_at": "2025-07-15T14:20:22.307108+00:00", "symbol": "ADA-USD"}, {"trade_id": 143719385, "side": "buy", "size": "7.10974608", "price": "0.73110000", "time": "2025-07-15T14:19:27.191750Z", "fetched_at": "2025-07-15T14:20:22.307108+00:00", "symbol": "ADA-USD"}, {"trade_id": 143719384, "side": "buy", "size": "51.00306000", "price": "0.73110000", "time": "2025-07-15T14:19:27.191750Z", "fetched_at": "2025-07-15T14:20:22.307108+00:00", "symbol": "ADA-USD"}, {"trade_id": 143719383, "side": "buy", "size": "55.29994148", "price": "0.73110000", "time": "2025-07-15T14:19:27.191750Z", "fetched_at": "2025-07-15T14:20:22.307108+00:00", "symbol": "ADA-USD"}, {"trade_id": 143719382, "side": "sell", "size": "13.67883374", "price": "0.73110000", "time": "2025-07-15T14:19:27.151058Z", "fetched_at": "2025-07-15T14:20:22.307108+00:00", "symbol": "ADA-USD"}, {"trade_id": 143719381, "side": "sell", "size": "132.90262600", "price": "0.73110000", "time": "2025-07-15T14:19:23.005221Z", "fetched_at": "2025-07-15T14:20:22.307108+00:00", "symbol": "ADA-USD"}, {"trade_id": 143719380, "side": "buy", "size": "5045.82753375", "price": "0.73110000", "time": "2025-07-15T14:19:21.771937Z", "fetched_at": "2025-07-15T14:20:22.307108+00:00", "symbol": "ADA-USD"}, {"trade_id": 143719379, "side": "buy", "size": "1.60000000", "price": "0.73110000", "time": "2025-07-15T14:19:21.771937Z", "fetched_at": "2025-07-15T14:20:22.307108+00:00", "symbol": "ADA-USD"}, {"trade_id": 143719378, "side": "buy", "size": "13.67614880", "price": "0.73120000", "time": "2025-07-15T14:19:21.771937Z", "fetched_at": "2025-07-15T14:20:22.307108+00:00", "symbol": "ADA-USD"}, {"trade_id": 143719377, "side": "buy", "size": "1.60000000", "price": "0.73120000", "time": "2025-07-15T14:19:21.771937Z", "fetched_at": "2025-07-15T14:20:22.307108+00:00", "symbol": "ADA-USD"}, {"trade_id": 143719376, "side": "buy", "size": "13.67427869", "price": "0.73130000", "time": "2025-07-15T14:19:21.703514Z", "fetched_at": "2025-07-15T14:20:22.307108+00:00", "symbol": "ADA-USD"}, {"trade_id": 143719375, "side": "sell", "size": "67.84260000", "price": "0.73140000", "time": "2025-07-15T14:19:21.178008Z", "fetched_at": "2025-07-15T14:20:22.307108+00:00", "symbol": "ADA-USD"}, {"trade_id": 143719374, "side": "sell", "size": "11.37036081", "price": "0.73130000", "time": "2025-07-15T14:19:19.645423Z", "fetched_at": "2025-07-15T14:20:22.307108+00:00", "symbol": "ADA-USD"}, {"trade_id": 143719373, "side": "buy", "size": "20.91789012", "price": "0.73120000", "time": "2025-07-15T14:19:18.165124Z", "fetched_at": "2025-07-15T14:20:22.307108+00:00", "symbol": "ADA-USD"}, {"trade_id": 143719372, "side": "buy", "size": "621.96893540", "price": "0.73120000", "time": "2025-07-15T14:19:18.165124Z", "fetched_at": "2025-07-15T14:20:22.307108+00:00", "symbol": "ADA-USD"}, {"trade_id": 143719371, "side": "buy", "size": "11.58591348", "price": "0.73120000", "time": "2025-07-15T14:19:18.165124Z", "fetched_at": "2025-07-15T14:20:22.307108+00:00", "symbol": "ADA-USD"}, {"trade_id": 143719370, "side": "sell", "size": "5.99113792", "price": "0.73130000", "time": "2025-07-15T14:19:15.951564Z", "fetched_at": "2025-07-15T14:20:22.307108+00:00", "symbol": "ADA-USD"}, {"trade_id": 143719369, "side": "sell", "size": "13.67522608", "price": "0.73130000", "time": "2025-07-15T14:19:15.127773Z", "fetched_at": "2025-07-15T14:20:22.307108+00:00", "symbol": "ADA-USD"}, {"trade_id": 143719368, "side": "sell", "size": "13.67522608", "price": "0.73130000", "time": "2025-07-15T14:19:15.118720Z", "fetched_at": "2025-07-15T14:20:22.307108+00:00", "symbol": "ADA-USD"}, {"trade_id": 143719367, "side": "sell", "size": "155.04137224", "price": "0.73130000", "time": "2025-07-15T14:19:15.118720Z", "fetched_at": "2025-07-15T14:20:22.307108+00:00", "symbol": "ADA-USD"}, {"trade_id": 143719366, "side": "sell", "size": "202.44064000", "price": "0.73130000", "time": "2025-07-15T14:19:15.118720Z", "fetched_at": "2025-07-15T14:20:22.307108+00:00", "symbol": "ADA-USD"}, {"trade_id": 143719365, "side": "sell", "size": "13.66970269", "price": "0.73120000", "time": "2025-07-15T14:19:14.996369Z", "fetched_at": "2025-07-15T14:20:22.307108+00:00", "symbol": "ADA-USD"}, {"trade_id": 143719364, "side": "sell", "size": "13.66970269", "price": "0.73120000", "time": "2025-07-15T14:19:14.981382Z", "fetched_at": "2025-07-15T14:20:22.307108+00:00", "symbol": "ADA-USD"}, {"trade_id": 143719363, "side": "sell", "size": "0.10000000", "price": "0.73120000", "time": "2025-07-15T14:19:14.458182Z", "fetched_at": "2025-07-15T14:20:22.307108+00:00", "symbol": "ADA-USD"}, {"trade_id": 143719362, "side": "buy", "size": "2.06267689", "price": "0.73120000", "time": "2025-07-15T14:19:13.861097Z", "fetched_at": "2025-07-15T14:20:22.307108+00:00", "symbol": "ADA-USD"}, {"trade_id": 143719361, "side": "buy", "size": "1.60000000", "price": "0.73120000", "time": "2025-07-15T14:19:13.861097Z", "fetched_at": "2025-07-15T14:20:22.307108+00:00", "symbol": "ADA-USD"}, {"trade_id": 143719360, "side": "buy", "size": "0.00009839", "price": "0.73140000", "time": "2025-07-15T14:19:13.511045Z", "fetched_at": "2025-07-15T14:20:22.307108+00:00", "symbol": "ADA-USD"}, {"trade_id": 143719359, "side": "buy", "size": "3.80740265", "price": "0.73140000", "time": "2025-07-15T14:19:13.508707Z", "fetched_at": "2025-07-15T14:20:22.307108+00:00", "symbol": "ADA-USD"}, {"trade_id": 143719358, "side": "buy", "size": "21.14639735", "price": "0.73140000", "time": "2025-07-15T14:19:13.508707Z", "fetched_at": "2025-07-15T14:20:22.307108+00:00", "symbol": "ADA-USD"}, {"trade_id": 143719357, "side": "buy", "size": "13.67053999", "price": "0.73150000", "time": "2025-07-15T14:19:13.226507Z", "fetched_at": "2025-07-15T14:20:22.307108+00:00", "symbol": "ADA-USD"}, {"trade_id": 143719356, "side": "sell", "size": "117.16606819", "price": "0.73160000", "time": "2025-07-15T14:19:13.139200Z", "fetched_at": "2025-07-15T14:20:22.307108+00:00", "symbol": "ADA-USD"}, {"trade_id": 143719355, "side": "sell", "size": "834.62827480", "price": "0.73160000", "time": "2025-07-15T14:19:13.139200Z", "fetched_at": "2025-07-15T14:20:22.307108+00:00", "symbol": "ADA-USD"}, {"trade_id": 143719354, "side": "sell", "size": "59.60007801", "price": "0.73160000", "time": "2025-07-15T14:19:13.139200Z", "fetched_at": "2025-07-15T14:20:22.307108+00:00", "symbol": "ADA-USD"}, {"trade_id": 143719353, "side": "sell", "size": "134.96043000", "price": "0.73150000", "time": "2025-07-15T14:19:13.139200Z", "fetched_at": "2025-07-15T14:20:22.307108+00:00", "symbol": "ADA-USD"}, {"trade_id": 143719352, "side": "sell", "size": "216.08372000", "price": "0.73150000", "time": "2025-07-15T14:19:13.139200Z", "fetched_at": "2025-07-15T14:20:22.307108+00:00", "symbol": "ADA-USD"}, {"trade_id": 143719351, "side": "buy", "size": "13.66867141", "price": "0.73160000", "time": "2025-07-15T14:19:12.996897Z", "fetched_at": "2025-07-15T14:20:22.307108+00:00", "symbol": "ADA-USD"}, {"trade_id": 143719350, "side": "buy", "size": "13.66867141", "price": "0.73160000", "time": "2025-07-15T14:19:12.992359Z", "fetched_at": "2025-07-15T14:20:22.307108+00:00", "symbol": "ADA-USD"}, {"trade_id": 143719349, "side": "sell", "size": "134.96043000", "price": "0.73170000", "time": "2025-07-15T14:19:09.523934Z", "fetched_at": "2025-07-15T14:20:22.307108+00:00", "symbol": "ADA-USD"}, {"trade_id": 143719348, "side": "buy", "size": "13.66680334", "price": "0.73170000", "time": "2025-07-15T14:19:09.513841Z", "fetched_at": "2025-07-15T14:20:22.307108+00:00", "symbol": "ADA-USD"}, {"trade_id": 143719347, "side": "buy", "size": "33.82319049", "price": "0.73170000", "time": "2025-07-15T14:19:09.513841Z", "fetched_at": "2025-07-15T14:20:22.307108+00:00", "symbol": "ADA-USD"}, {"trade_id": 143719346, "side": "sell", "size": "3.90450800", "price": "0.73190000", "time": "2025-07-15T14:19:09.148355Z", "fetched_at": "2025-07-15T14:20:22.307108+00:00", "symbol": "ADA-USD"}, {"trade_id": 143719345, "side": "sell", "size": "1.60000000", "price": "0.73190000", "time": "2025-07-15T14:19:09.148355Z", "fetched_at": "2025-07-15T14:20:22.307108+00:00", "symbol": "ADA-USD"}, {"trade_id": 143719344, "side": "sell", "size": "1.60000000", "price": "0.73180000", "time": "2025-07-15T14:19:09.017210Z", "fetched_at": "2025-07-15T14:20:22.307108+00:00", "symbol": "ADA-USD"}, {"trade_id": 143719343, "side": "buy", "size": "45.09758733", "price": "0.73170000", "time": "2025-07-15T14:19:09.001354Z", "fetched_at": "2025-07-15T14:20:22.307108+00:00", "symbol": "ADA-USD"}, {"trade_id": 143719342, "side": "sell", "size": "5056.07531752", "price": "0.73170000", "time": "2025-07-15T14:19:08.991256Z", "fetched_at": "2025-07-15T14:20:22.307108+00:00", "symbol": "ADA-USD"}, {"trade_id": 143719341, "side": "sell", "size": "1.92468248", "price": "0.73170000", "time": "2025-07-15T14:19:08.988022Z", "fetched_at": "2025-07-15T14:20:22.307108+00:00", "symbol": "ADA-USD"}, {"trade_id": 143719340, "side": "sell", "size": "235.83686727", "price": "0.73170000", "time": "2025-07-15T14:19:08.988022Z", "fetched_at": "2025-07-15T14:20:22.307108+00:00", "symbol": "ADA-USD"}, {"trade_id": 143719339, "side": "sell", "size": "109.47516206", "price": "0.73170000", "time": "2025-07-15T14:19:08.966522Z", "fetched_at": "2025-07-15T14:20:22.307108+00:00", "symbol": "ADA-USD"}, {"trade_id": 143719338, "side": "sell", "size": "35.34979828", "price": "0.73170000", "time": "2025-07-15T14:19:08.966522Z", "fetched_at": "2025-07-15T14:20:22.307108+00:00", "symbol": "ADA-USD"}, {"trade_id": 143719337, "side": "sell", "size": "799.27847652", "price": "0.73170000", "time": "2025-07-15T14:19:08.933529Z", "fetched_at": "2025-07-15T14:20:22.307108+00:00", "symbol": "ADA-USD"}, {"trade_id": 143719336, "side": "sell", "size": "13.67140208", "price": "0.73160000", "time": "2025-07-15T14:19:08.806468Z", "fetched_at": "2025-07-15T14:20:22.307108+00:00", "symbol": "ADA-USD"}, {"trade_id": 143719335, "side": "sell", "size": "13.66953937", "price": "0.73150000", "time": "2025-07-15T14:19:08.210898Z", "fetched_at": "2025-07-15T14:20:22.307108+00:00", "symbol": "ADA-USD"}, {"trade_id": 143719334, "side": "buy", "size": "0.00005882", "price": "0.73150000", "time": "2025-07-15T14:19:06.474751Z", "fetched_at": "2025-07-15T14:20:22.307108+00:00", "symbol": "ADA-USD"}, {"trade_id": 143719333, "side": "buy", "size": "13.67048117", "price": "0.73150000", "time": "2025-07-15T14:19:06.472881Z", "fetched_at": "2025-07-15T14:20:22.307108+00:00", "symbol": "ADA-USD"}, {"trade_id": 143719332, "side": "buy", "size": "1.95381883", "price": "0.73150000", "time": "2025-07-15T14:19:06.472881Z", "fetched_at": "2025-07-15T14:20:22.307108+00:00", "symbol": "ADA-USD"}, {"trade_id": 143719331, "side": "sell", "size": "70.61438800", "price": "0.73160000", "time": "2025-07-15T14:19:05.855306Z", "fetched_at": "2025-07-15T14:20:22.307108+00:00", "symbol": "ADA-USD"}, {"trade_id": 143719330, "side": "sell", "size": "134.96043000", "price": "0.73160000", "time": "2025-07-15T14:19:05.855306Z", "fetched_at": "2025-07-15T14:20:22.307108+00:00", "symbol": "ADA-USD"}, {"trade_id": 143719329, "side": "sell", "size": "49.03957000", "price": "0.73150000", "time": "2025-07-15T14:19:04.297559Z", "fetched_at": "2025-07-15T14:20:22.307108+00:00", "symbol": "ADA-USD"}, {"trade_id": 143719328, "side": "sell", "size": "134.96043000", "price": "0.73150000", "time": "2025-07-15T14:19:04.297559Z", "fetched_at": "2025-07-15T14:20:22.307108+00:00", "symbol": "ADA-USD"}, {"trade_id": 143719327, "side": "buy", "size": "13.67053999", "price": "0.73150000", "time": "2025-07-15T14:19:04.112275Z", "fetched_at": "2025-07-15T14:20:22.307108+00:00", "symbol": "ADA-USD"}, {"trade_id": 143719326, "side": "sell", "size": "134.96043000", "price": "0.73160000", "time": "2025-07-15T14:19:03.750780Z", "fetched_at": "2025-07-15T14:20:22.307108+00:00", "symbol": "ADA-USD"}, {"trade_id": 143719325, "side": "sell", "size": "121.94476695", "price": "0.73160000", "time": "2025-07-15T14:19:02.843291Z", "fetched_at": "2025-07-15T14:20:22.307108+00:00", "symbol": "ADA-USD"}, {"trade_id": 143719324, "side": "sell", "size": "134.96043000", "price": "0.73160000", "time": "2025-07-15T14:19:02.843291Z", "fetched_at": "2025-07-15T14:20:22.307108+00:00", "symbol": "ADA-USD"}, {"trade_id": 143719323, "side": "sell", "size": "134.96043000", "price": "0.73150000", "time": "2025-07-15T14:19:02.782743Z", "fetched_at": "2025-07-15T14:20:22.307108+00:00", "symbol": "ADA-USD"}, {"trade_id": 143719322, "side": "sell", "size": "295.84749224", "price": "0.73150000", "time": "2025-07-15T14:19:02.615406Z", "fetched_at": "2025-07-15T14:20:22.307108+00:00", "symbol": "ADA-USD"}, {"trade_id": 143719321, "side": "sell", "size": "276.56199895", "price": "0.73150000", "time": "2025-07-15T14:19:02.604464Z", "fetched_at": "2025-07-15T14:20:22.307108+00:00", "symbol": "ADA-USD"}, {"trade_id": 143719320, "side": "sell", "size": "738.05669491", "price": "0.73150000", "time": "2025-07-15T14:19:02.593520Z", "fetched_at": "2025-07-15T14:20:22.307108+00:00", "symbol": "ADA-USD"}, {"trade_id": 143719319, "side": "sell", "size": "1.60000000", "price": "0.73150000", "time": "2025-07-15T14:19:02.593520Z", "fetched_at": "2025-07-15T14:20:22.307108+00:00", "symbol": "ADA-USD"}, {"trade_id": 143719318, "side": "sell", "size": "134.96043000", "price": "0.73140000", "time": "2025-07-15T14:19:02.392074Z", "fetched_at": "2025-07-15T14:20:22.307108+00:00", "symbol": "ADA-USD"}, {"trade_id": 143719317, "side": "sell", "size": "134.96043000", "price": "0.73140000", "time": "2025-07-15T14:19:02.369620Z", "fetched_at": "2025-07-15T14:20:22.307108+00:00", "symbol": "ADA-USD"}, {"trade_id": 143719316, "side": "buy", "size": "55.50472286", "price": "0.73140000", "time": "2025-07-15T14:19:02.359906Z", "fetched_at": "2025-07-15T14:20:22.307108+00:00", "symbol": "ADA-USD"}, {"trade_id": 143719315, "side": "sell", "size": "26.55965600", "price": "0.73150000", "time": "2025-07-15T14:19:02.343465Z", "fetched_at": "2025-07-15T14:20:22.307108+00:00", "symbol": "ADA-USD"}, {"trade_id": 143719314, "side": "sell", "size": "648.00520547", "price": "0.73140000", "time": "2025-07-15T14:19:02.330630Z", "fetched_at": "2025-07-15T14:20:22.307108+00:00", "symbol": "ADA-USD"}, {"trade_id": 143719313, "side": "sell", "size": "202.44064000", "price": "0.73130000", "time": "2025-07-15T14:19:02.283316Z", "fetched_at": "2025-07-15T14:20:22.307108+00:00", "symbol": "ADA-USD"}, {"trade_id": 143719312, "side": "sell", "size": "12.50799992", "price": "0.73130000", "time": "2025-07-15T14:19:02.205994Z", "fetched_at": "2025-07-15T14:20:22.307108+00:00", "symbol": "ADA-USD"}, {"trade_id": 143719311, "side": "sell", "size": "12.50799992", "price": "0.73130000", "time": "2025-07-15T14:19:02.195491Z", "fetched_at": "2025-07-15T14:20:22.307108+00:00", "symbol": "ADA-USD"}, {"trade_id": 143719310, "side": "sell", "size": "12.07787054", "price": "0.73120000", "time": "2025-07-15T14:19:02.148014Z", "fetched_at": "2025-07-15T14:20:22.307108+00:00", "symbol": "ADA-USD"}, {"trade_id": 143719309, "side": "sell", "size": "96.79182336", "price": "0.73120000", "time": "2025-07-15T14:19:02.148014Z", "fetched_at": "2025-07-15T14:20:22.307108+00:00", "symbol": "ADA-USD"}, {"trade_id": 143719308, "side": "sell", "size": "38.16860664", "price": "0.73120000", "time": "2025-07-15T14:19:01.870611Z", "fetched_at": "2025-07-15T14:20:22.307108+00:00", "symbol": "ADA-USD"}, {"trade_id": 143719307, "side": "sell", "size": "2.41625236", "price": "0.73120000", "time": "2025-07-15T14:19:01.870611Z", "fetched_at": "2025-07-15T14:20:22.307108+00:00", "symbol": "ADA-USD"}, {"trade_id": 143719306, "side": "sell", "size": "14.66028446", "price": "0.73120000", "time": "2025-07-15T14:19:01.794327Z", "fetched_at": "2025-07-15T14:20:22.307108+00:00", "symbol": "ADA-USD"}, {"trade_id": 143719305, "side": "buy", "size": "50.00000000", "price": "0.73110000", "time": "2025-07-15T14:19:01.311085Z", "fetched_at": "2025-07-15T14:20:22.307108+00:00", "symbol": "ADA-USD"}, {"trade_id": 143719304, "side": "buy", "size": "1.60000000", "price": "0.73110000", "time": "2025-07-15T14:19:01.311085Z", "fetched_at": "2025-07-15T14:20:22.307108+00:00", "symbol": "ADA-USD"}, {"trade_id": 143719303, "side": "buy", "size": "2.50194737", "price": "0.73120000", "time": "2025-07-15T14:19:01.311085Z", "fetched_at": "2025-07-15T14:20:22.307108+00:00", "symbol": "ADA-USD"}, {"trade_id": 143719302, "side": "buy", "size": "1.60000000", "price": "0.73120000", "time": "2025-07-15T14:19:01.311085Z", "fetched_at": "2025-07-15T14:20:22.307108+00:00", "symbol": "ADA-USD"}, {"trade_id": 143719301, "side": "sell", "size": "43.03957000", "price": "0.73130000", "time": "2025-07-15T14:19:00.274388Z", "fetched_at": "2025-07-15T14:20:22.307108+00:00", "symbol": "ADA-USD"}, {"trade_id": 143719300, "side": "sell", "size": "567.00000000", "price": "0.73130000", "time": "2025-07-15T14:19:00.274388Z", "fetched_at": "2025-07-15T14:20:22.307108+00:00", "symbol": "ADA-USD"}, {"trade_id": 143719299, "side": "sell", "size": "134.96043000", "price": "0.73130000", "time": "2025-07-15T14:19:00.274388Z", "fetched_at": "2025-07-15T14:20:22.307108+00:00", "symbol": "ADA-USD"}, {"trade_id": 143719298, "side": "buy", "size": "4.56861136", "price": "0.73130000", "time": "2025-07-15T14:18:59.817688Z", "fetched_at": "2025-07-15T14:20:22.307108+00:00", "symbol": "ADA-USD"}, {"trade_id": 143719297, "side": "sell", "size": "134.96043000", "price": "0.73130000", "time": "2025-07-15T14:18:59.275134Z", "fetched_at": "2025-07-15T14:20:22.307108+00:00", "symbol": "ADA-USD"}, {"trade_id": 143719296, "side": "buy", "size": "98.67505000", "price": "0.73140000", "time": "2025-07-15T14:18:59.128132Z", "fetched_at": "2025-07-15T14:20:22.307108+00:00", "symbol": "ADA-USD"}, {"trade_id": 143719295, "side": "sell", "size": "13.66963920", "price": "0.73140000", "time": "2025-07-15T14:18:58.611616Z", "fetched_at": "2025-07-15T14:20:22.307108+00:00", "symbol": "ADA-USD"}, {"trade_id": 143719294, "side": "buy", "size": "6954.53205927", "price": "0.73140000", "time": "2025-07-15T14:18:58.235766Z", "fetched_at": "2025-07-15T14:20:22.307108+00:00", "symbol": "ADA-USD"}, {"trade_id": 143719293, "side": "sell", "size": "733.89648569", "price": "0.73140000", "time": "2025-07-15T14:18:58.222541Z", "fetched_at": "2025-07-15T14:20:22.307108+00:00", "symbol": "ADA-USD"}, {"trade_id": 143719292, "side": "sell", "size": "13.66768212", "price": "0.73140000", "time": "2025-07-15T14:18:58.222541Z", "fetched_at": "2025-07-15T14:20:22.307108+00:00", "symbol": "ADA-USD"}, {"trade_id": 143719291, "side": "sell", "size": "195.94334292", "price": "0.73140000", "time": "2025-07-15T14:18:58.222541Z", "fetched_at": "2025-07-15T14:20:22.307108+00:00", "symbol": "ADA-USD"}, {"trade_id": 143719290, "side": "sell", "size": "134.96043000", "price": "0.73140000", "time": "2025-07-15T14:18:58.222541Z", "fetched_at": "2025-07-15T14:20:22.307108+00:00", "symbol": "ADA-USD"}, {"trade_id": 143719289, "side": "buy", "size": "683.62075272", "price": "0.73130000", "time": "2025-07-15T14:18:57.488259Z", "fetched_at": "2025-07-15T14:20:22.307108+00:00", "symbol": "ADA-USD"}, {"trade_id": 143719288, "side": "buy", "size": "805.60000000", "price": "0.73130000", "time": "2025-07-15T14:18:57.488259Z", "fetched_at": "2025-07-15T14:20:22.307108+00:00", "symbol": "ADA-USD"}, {"trade_id": 143719287, "side": "buy", "size": "1.60000000", "price": "0.73130000", "time": "2025-07-15T14:18:57.488259Z", "fetched_at": "2025-07-15T14:20:22.307108+00:00", "symbol": "ADA-USD"}, {"trade_id": 143719286, "side": "buy", "size": "5062.70000000", "price": "0.73140000", "time": "2025-07-15T14:18:57.478263Z", "fetched_at": "2025-07-15T14:20:22.307108+00:00", "symbol": "ADA-USD"}, {"trade_id": 143719285, "side": "buy", "size": "1.60000000", "price": "0.73140000", "time": "2025-07-15T14:18:57.478263Z", "fetched_at": "2025-07-15T14:20:22.307108+00:00", "symbol": "ADA-USD"}, {"trade_id": 143719284, "side": "buy", "size": "11.67589423", "price": "0.73150000", "time": "2025-07-15T14:18:57.478263Z", "fetched_at": "2025-07-15T14:20:22.307108+00:00", "symbol": "ADA-USD"}, {"trade_id": 143719283, "side": "buy", "size": "1.60000000", "price": "0.73150000", "time": "2025-07-15T14:18:57.478263Z", "fetched_at": "2025-07-15T14:20:22.307108+00:00", "symbol": "ADA-USD"}, {"trade_id": 143719282, "side": "buy", "size": "11.25193182", "price": "0.73160000", "time": "2025-07-15T14:18:56.875914Z", "fetched_at": "2025-07-15T14:20:22.307108+00:00", "symbol": "ADA-USD"}, {"trade_id": 143719281, "side": "buy", "size": "1.60000000", "price": "0.73160000", "time": "2025-07-15T14:18:56.875914Z", "fetched_at": "2025-07-15T14:20:22.307108+00:00", "symbol": "ADA-USD"}, {"trade_id": 143719280, "side": "sell", "size": "136.94957000", "price": "0.73170000", "time": "2025-07-15T14:18:55.833207Z", "fetched_at": "2025-07-15T14:20:22.307108+00:00", "symbol": "ADA-USD"}, {"trade_id": 143719279, "side": "sell", "size": "134.96043000", "price": "0.73170000", "time": "2025-07-15T14:18:55.833207Z", "fetched_at": "2025-07-15T14:20:22.307108+00:00", "symbol": "ADA-USD"}, {"trade_id": 143719278, "side": "buy", "size": "13.66680334", "price": "0.73170000", "time": "2025-07-15T14:18:54.244800Z", "fetched_at": "2025-07-15T14:20:22.307108+00:00", "symbol": "ADA-USD"}, {"trade_id": 143719277, "side": "buy", "size": "1.60000000", "price": "0.73170000", "time": "2025-07-15T14:18:54.244800Z", "fetched_at": "2025-07-15T14:20:22.307108+00:00", "symbol": "ADA-USD"}, {"trade_id": 143719276, "side": "buy", "size": "13.66493578", "price": "0.73180000", "time": "2025-07-15T14:18:51.454434Z", "fetched_at": "2025-07-15T14:20:22.307108+00:00", "symbol": "ADA-USD"}, {"trade_id": 143719275, "side": "buy", "size": "1.60000000", "price": "0.73180000", "time": "2025-07-15T14:18:51.454434Z", "fetched_at": "2025-07-15T14:20:22.307108+00:00", "symbol": "ADA-USD"}, {"trade_id": 143719274, "side": "sell", "size": "275.56903724", "price": "0.73200000", "time": "2025-07-15T14:18:48.560509Z", "fetched_at": "2025-07-15T14:20:22.307108+00:00", "symbol": "ADA-USD"}, {"trade_id": 143719273, "side": "sell", "size": "134.96043000", "price": "0.73200000", "time": "2025-07-15T14:18:48.560509Z", "fetched_at": "2025-07-15T14:20:22.307108+00:00", "symbol": "ADA-USD"}, {"trade_id": 143719272, "side": "sell", "size": "144.05582000", "price": "0.73200000", "time": "2025-07-15T14:18:48.560509Z", "fetched_at": "2025-07-15T14:20:22.307108+00:00", "symbol": "ADA-USD"}, {"trade_id": 143719271, "side": "sell", "size": "672.27378776", "price": "0.73190000", "time": "2025-07-15T14:18:48.560509Z", "fetched_at": "2025-07-15T14:20:22.307108+00:00", "symbol": "ADA-USD"}, {"trade_id": 143719270, "side": "sell", "size": "134.96043000", "price": "0.73190000", "time": "2025-07-15T14:18:48.560509Z", "fetched_at": "2025-07-15T14:20:22.307108+00:00", "symbol": "ADA-USD"}, {"trade_id": 143719269, "side": "buy", "size": "1.60000000", "price": "0.73190000", "time": "2025-07-15T14:18:48.199027Z", "fetched_at": "2025-07-15T14:20:22.307108+00:00", "symbol": "ADA-USD"}, {"trade_id": 143719268, "side": "buy", "size": "1.60000000", "price": "0.73200000", "time": "2025-07-15T14:18:47.743546Z", "fetched_at": "2025-07-15T14:20:22.307108+00:00", "symbol": "ADA-USD"}, {"trade_id": 143719267, "side": "buy", "size": "1.95195195", "price": "0.73220000", "time": "2025-07-15T14:18:43.270716Z", "fetched_at": "2025-07-15T14:20:22.307108+00:00", "symbol": "ADA-USD"}, {"trade_id": 143719266, "side": "sell", "size": "13.16130400", "price": "0.73230000", "time": "2025-07-15T14:18:41.517939Z", "fetched_at": "2025-07-15T14:20:22.307108+00:00", "symbol": "ADA-USD"}, {"trade_id": 143719265, "side": "sell", "size": "134.96043000", "price": "0.73220000", "time": "2025-07-15T14:18:37.315015Z", "fetched_at": "2025-07-15T14:20:22.307108+00:00", "symbol": "ADA-USD"}, {"trade_id": 143719264, "side": "sell", "size": "134.96043000", "price": "0.73220000", "time": "2025-07-15T14:18:37.277748Z", "fetched_at": "2025-07-15T14:20:22.307108+00:00", "symbol": "ADA-USD"}, {"trade_id": 143719263, "side": "sell", "size": "6.98376973", "price": "0.73220000", "time": "2025-07-15T14:18:37.277748Z", "fetched_at": "2025-07-15T14:20:22.307108+00:00", "symbol": "ADA-USD"}, {"trade_id": 143719262, "side": "sell", "size": "134.96043000", "price": "0.73220000", "time": "2025-07-15T14:18:36.877259Z", "fetched_at": "2025-07-15T14:20:22.307108+00:00", "symbol": "ADA-USD"}, {"trade_id": 143719261, "side": "sell", "size": "157.57589525", "price": "0.73230000", "time": "2025-07-15T14:18:36.784178Z", "fetched_at": "2025-07-15T14:20:22.307108+00:00", "symbol": "ADA-USD"}, {"trade_id": 143719260, "side": "sell", "size": "15.13565344", "price": "0.73220000", "time": "2025-07-15T14:18:36.735046Z", "fetched_at": "2025-07-15T14:20:22.307108+00:00", "symbol": "ADA-USD"}, {"trade_id": 143719259, "side": "sell", "size": "13.66209792", "price": "0.73210000", "time": "2025-07-15T14:18:36.682703Z", "fetched_at": "2025-07-15T14:20:22.307108+00:00", "symbol": "ADA-USD"}, {"trade_id": 143719258, "side": "sell", "size": "134.96043000", "price": "0.73210000", "time": "2025-07-15T14:18:36.682703Z", "fetched_at": "2025-07-15T14:20:22.307108+00:00", "symbol": "ADA-USD"}, {"trade_id": 143719257, "side": "sell", "size": "1784.26114000", "price": "0.73200000", "time": "2025-07-15T14:18:36.368588Z", "fetched_at": "2025-07-15T14:20:22.307108+00:00", "symbol": "ADA-USD"}, {"trade_id": 143719256, "side": "sell", "size": "2859.88218637", "price": "0.73200000", "time": "2025-07-15T14:18:36.368588Z", "fetched_at": "2025-07-15T14:20:22.307108+00:00", "symbol": "ADA-USD"}, {"trade_id": 143719255, "side": "sell", "size": "574.31423425", "price": "0.73200000", "time": "2025-07-15T14:18:36.368588Z", "fetched_at": "2025-07-15T14:20:22.307108+00:00", "symbol": "ADA-USD"}, {"trade_id": 143719254, "side": "sell", "size": "834.62827480", "price": "0.73200000", "time": "2025-07-15T14:18:36.368588Z", "fetched_at": "2025-07-15T14:20:22.307108+00:00", "symbol": "ADA-USD"}, {"trade_id": 143719253, "side": "sell", "size": "134.96043000", "price": "0.73200000", "time": "2025-07-15T14:18:36.368588Z", "fetched_at": "2025-07-15T14:20:22.307108+00:00", "symbol": "ADA-USD"}, {"trade_id": 143719252, "side": "sell", "size": "13.65840554", "price": "0.73190000", "time": "2025-07-15T14:18:36.368588Z", "fetched_at": "2025-07-15T14:20:22.307108+00:00", "symbol": "ADA-USD"}, {"trade_id": 143719251, "side": "sell", "size": "13.65840554", "price": "0.73190000", "time": "2025-07-15T14:18:36.303620Z", "fetched_at": "2025-07-15T14:20:22.307108+00:00", "symbol": "ADA-USD"}, {"trade_id": 143719250, "side": "sell", "size": "33.20916900", "price": "0.73190000", "time": "2025-07-15T14:18:35.481421Z", "fetched_at": "2025-07-15T14:20:22.307108+00:00", "symbol": "ADA-USD"}, {"trade_id": 143719249, "side": "sell", "size": "50.00000000", "price": "0.73190000", "time": "2025-07-15T14:18:35.481421Z", "fetched_at": "2025-07-15T14:20:22.307108+00:00", "symbol": "ADA-USD"}, {"trade_id": 143719248, "side": "buy", "size": "6.85032420", "price": "0.73190000", "time": "2025-07-15T14:18:34.776930Z", "fetched_at": "2025-07-15T14:20:22.307108+00:00", "symbol": "ADA-USD"}, {"trade_id": 143719247, "side": "buy", "size": "1.60000000", "price": "0.73190000", "time": "2025-07-15T14:18:34.776930Z", "fetched_at": "2025-07-15T14:20:22.307108+00:00", "symbol": "ADA-USD"}, {"trade_id": 143719246, "side": "buy", "size": "6.72004868", "price": "0.73200000", "time": "2025-07-15T14:18:34.483785Z", "fetched_at": "2025-07-15T14:20:22.307108+00:00", "symbol": "ADA-USD"}, {"trade_id": 143719245, "side": "buy", "size": "1.60000000", "price": "0.73200000", "time": "2025-07-15T14:18:34.483785Z", "fetched_at": "2025-07-15T14:20:22.307108+00:00", "symbol": "ADA-USD"}, {"trade_id": 143719244, "side": "sell", "size": "33.24888469", "price": "0.73220000", "time": "2025-07-15T14:18:33.720361Z", "fetched_at": "2025-07-15T14:20:22.307108+00:00", "symbol": "ADA-USD"}, {"trade_id": 143719243, "side": "sell", "size": "360.73447106", "price": "0.73220000", "time": "2025-07-15T14:18:33.675441Z", "fetched_at": "2025-07-15T14:20:22.307108+00:00", "symbol": "ADA-USD"}, {"trade_id": 143719242, "side": "sell", "size": "6.62836503", "price": "0.73210000", "time": "2025-07-15T14:18:33.673557Z", "fetched_at": "2025-07-15T14:20:22.307108+00:00", "symbol": "ADA-USD"}, {"trade_id": 143719241, "side": "sell", "size": "371.16621917", "price": "0.73210000", "time": "2025-07-15T14:18:33.668892Z", "fetched_at": "2025-07-15T14:20:22.307108+00:00", "symbol": "ADA-USD"}, {"trade_id": 143719240, "side": "buy", "size": "2.22547037", "price": "0.73210000", "time": "2025-07-15T14:18:33.134894Z", "fetched_at": "2025-07-15T14:20:22.307108+00:00", "symbol": "ADA-USD"}, {"trade_id": 143719239, "side": "buy", "size": "0.00002963", "price": "0.73210000", "time": "2025-07-15T14:18:33.134894Z", "fetched_at": "2025-07-15T14:20:22.307108+00:00", "symbol": "ADA-USD"}, {"trade_id": 143719238, "side": "buy", "size": "14.45577723", "price": "0.73210000", "time": "2025-07-15T14:18:33.128910Z", "fetched_at": "2025-07-15T14:20:22.307108+00:00", "symbol": "ADA-USD"}, {"trade_id": 143719237, "side": "buy", "size": "1.60000000", "price": "0.73210000", "time": "2025-07-15T14:18:33.128910Z", "fetched_at": "2025-07-15T14:20:22.307108+00:00", "symbol": "ADA-USD"}, {"trade_id": 143719236, "side": "buy", "size": "10.59732277", "price": "0.73210000", "time": "2025-07-15T14:18:33.128910Z", "fetched_at": "2025-07-15T14:20:22.307108+00:00", "symbol": "ADA-USD"}, {"trade_id": 143719235, "side": "buy", "size": "0.00004567", "price": "0.73220000", "time": "2025-07-15T14:18:32.523942Z", "fetched_at": "2025-07-15T14:20:22.307108+00:00", "symbol": "ADA-USD"}, {"trade_id": 143719234, "side": "buy", "size": "5.68820000", "price": "0.73220000", "time": "2025-07-15T14:18:32.511114Z", "fetched_at": "2025-07-15T14:20:22.307108+00:00", "symbol": "ADA-USD"}, {"trade_id": 143719233, "side": "buy", "size": "1.60000000", "price": "0.73220000", "time": "2025-07-15T14:18:32.511114Z", "fetched_at": "2025-07-15T14:20:22.307108+00:00", "symbol": "ADA-USD"}, {"trade_id": 143719232, "side": "sell", "size": "567.00000000", "price": "0.73230000", "time": "2025-07-15T14:18:32.281283Z", "fetched_at": "2025-07-15T14:20:22.307108+00:00", "symbol": "ADA-USD"}, {"trade_id": 143719231, "side": "sell", "size": "634.18097572", "price": "0.73230000", "time": "2025-07-15T14:18:32.270776Z", "fetched_at": "2025-07-15T14:20:22.307108+00:00", "symbol": "ADA-USD"}, {"trade_id": 143719230, "side": "buy", "size": "5.68746891", "price": "0.73230000", "time": "2025-07-15T14:18:32.253101Z", "fetched_at": "2025-07-15T14:20:22.307108+00:00", "symbol": "ADA-USD"}, {"trade_id": 143719229, "side": "sell", "size": "67.84260000", "price": "0.73240000", "time": "2025-07-15T14:18:32.225177Z", "fetched_at": "2025-07-15T14:20:22.307108+00:00", "symbol": "ADA-USD"}, {"trade_id": 143719228, "side": "buy", "size": "1.60000000", "price": "0.73230000", "time": "2025-07-15T14:18:32.217439Z", "fetched_at": "2025-07-15T14:20:22.307108+00:00", "symbol": "ADA-USD"}, {"trade_id": 143719227, "side": "buy", "size": "0.00005485", "price": "0.73240000", "time": "2025-07-15T14:18:32.177487Z", "fetched_at": "2025-07-15T14:20:22.307108+00:00", "symbol": "ADA-USD"}, {"trade_id": 143719226, "side": "buy", "size": "8.16950000", "price": "0.73240000", "time": "2025-07-15T14:18:32.173773Z", "fetched_at": "2025-07-15T14:20:22.307108+00:00", "symbol": "ADA-USD"}, {"trade_id": 143719225, "side": "buy", "size": "1.60000000", "price": "0.73240000", "time": "2025-07-15T14:18:32.108685Z", "fetched_at": "2025-07-15T14:20:22.307108+00:00", "symbol": "ADA-USD"}, {"trade_id": 143719224, "side": "buy", "size": "8.11714520", "price": "0.73250000", "time": "2025-07-15T14:18:32.079998Z", "fetched_at": "2025-07-15T14:20:22.307108+00:00", "symbol": "ADA-USD"}, {"trade_id": 143719223, "side": "buy", "size": "673.23962882", "price": "0.73250000", "time": "2025-07-15T14:18:32.059748Z", "fetched_at": "2025-07-15T14:20:22.307108+00:00", "symbol": "ADA-USD"}, {"trade_id": 143719222, "side": "buy", "size": "833.40000000", "price": "0.73250000", "time": "2025-07-15T14:18:32.059748Z", "fetched_at": "2025-07-15T14:20:22.307108+00:00", "symbol": "ADA-USD"}, {"trade_id": 143719221, "side": "buy", "size": "1.60000000", "price": "0.73250000", "time": "2025-07-15T14:18:32.059748Z", "fetched_at": "2025-07-15T14:20:22.307108+00:00", "symbol": "ADA-USD"}, {"trade_id": 143719220, "side": "buy", "size": "50.00000000", "price": "0.73260000", "time": "2025-07-15T14:18:32.009721Z", "fetched_at": "2025-07-15T14:20:22.307108+00:00", "symbol": "ADA-USD"}, {"trade_id": 143719219, "side": "buy", "size": "682.50068250", "price": "0.73260000", "time": "2025-07-15T14:18:32.003321Z", "fetched_at": "2025-07-15T14:20:22.307108+00:00", "symbol": "ADA-USD"}, {"trade_id": 143719218, "side": "buy", "size": "8.18847337", "price": "0.73270000", "time": "2025-07-15T14:18:32.003321Z", "fetched_at": "2025-07-15T14:20:22.307108+00:00", "symbol": "ADA-USD"}, {"trade_id": 143719217, "side": "sell", "size": "13.64902458", "price": "0.73270000", "time": "2025-07-15T14:18:31.787519Z", "fetched_at": "2025-07-15T14:20:22.307108+00:00", "symbol": "ADA-USD"}, {"trade_id": 143719216, "side": "sell", "size": "13.64895383", "price": "0.73260000", "time": "2025-07-15T14:18:29.695728Z", "fetched_at": "2025-07-15T14:20:22.307108+00:00", "symbol": "ADA-USD"}, {"trade_id": 143719215, "side": "sell", "size": "416.86428331", "price": "0.73270000", "time": "2025-07-15T14:18:29.674970Z", "fetched_at": "2025-07-15T14:20:22.307108+00:00", "symbol": "ADA-USD"}, {"trade_id": 143719214, "side": "sell", "size": "1174.33543068", "price": "0.73270000", "time": "2025-07-15T14:18:29.674216Z", "fetched_at": "2025-07-15T14:20:22.307108+00:00", "symbol": "ADA-USD"}, {"trade_id": 143719213, "side": "sell", "size": "834.62827480", "price": "0.73270000", "time": "2025-07-15T14:18:29.674216Z", "fetched_at": "2025-07-15T14:20:22.307108+00:00", "symbol": "ADA-USD"}, {"trade_id": 143719212, "side": "sell", "size": "144.05582000", "price": "0.73270000", "time": "2025-07-15T14:18:29.674216Z", "fetched_at": "2025-07-15T14:20:22.307108+00:00", "symbol": "ADA-USD"}, {"trade_id": 143719211, "side": "sell", "size": "567.00000000", "price": "0.73270000", "time": "2025-07-15T14:18:29.674216Z", "fetched_at": "2025-07-15T14:20:22.307108+00:00", "symbol": "ADA-USD"}, {"trade_id": 143719210, "side": "sell", "size": "134.96043000", "price": "0.73270000", "time": "2025-07-15T14:18:29.674216Z", "fetched_at": "2025-07-15T14:20:22.307108+00:00", "symbol": "ADA-USD"}, {"trade_id": 143719209, "side": "sell", "size": "215.65282533", "price": "0.73260000", "time": "2025-07-15T14:18:29.674216Z", "fetched_at": "2025-07-15T14:20:22.307108+00:00", "symbol": "ADA-USD"}, {"trade_id": 143719208, "side": "sell", "size": "351.34717467", "price": "0.73260000", "time": "2025-07-15T14:18:29.672544Z", "fetched_at": "2025-07-15T14:20:22.307108+00:00", "symbol": "ADA-USD"}, {"trade_id": 143719207, "side": "sell", "size": "13.64895383", "price": "0.73260000", "time": "2025-07-15T14:18:29.672544Z", "fetched_at": "2025-07-15T14:20:22.307108+00:00", "symbol": "ADA-USD"}, {"trade_id": 143719206, "side": "sell", "size": "134.96043000", "price": "0.73260000", "time": "2025-07-15T14:18:29.672544Z", "fetched_at": "2025-07-15T14:20:22.307108+00:00", "symbol": "ADA-USD"}, {"trade_id": 143719205, "side": "buy", "size": "1.55209766", "price": "0.73260000", "time": "2025-07-15T14:18:28.925871Z", "fetched_at": "2025-07-15T14:20:22.307108+00:00", "symbol": "ADA-USD"}, {"trade_id": 143719204, "side": "buy", "size": "1.60000000", "price": "0.73260000", "time": "2025-07-15T14:18:28.925871Z", "fetched_at": "2025-07-15T14:20:22.307108+00:00", "symbol": "ADA-USD"}, {"trade_id": 143719203, "side": "buy", "size": "2794.90001838", "price": "0.73270000", "time": "2025-07-15T14:18:28.095250Z", "fetched_at": "2025-07-15T14:20:22.307108+00:00", "symbol": "ADA-USD"}, {"trade_id": 143719202, "side": "sell", "size": "596.74190013", "price": "0.73270000", "time": "2025-07-15T14:18:28.090993Z", "fetched_at": "2025-07-15T14:20:22.307108+00:00", "symbol": "ADA-USD"}, {"trade_id": 143719201, "side": "sell", "size": "51.00306000", "price": "0.73270000", "time": "2025-07-15T14:18:28.090993Z", "fetched_at": "2025-07-15T14:20:22.307108+00:00", "symbol": "ADA-USD"}, {"trade_id": 143719200, "side": "sell", "size": "41.02986742", "price": "0.73270000", "time": "2025-07-15T14:18:28.090993Z", "fetched_at": "2025-07-15T14:20:22.307108+00:00", "symbol": "ADA-USD"}, {"trade_id": 143719199, "side": "sell", "size": "35.57140671", "price": "0.73270000", "time": "2025-07-15T14:18:28.090993Z", "fetched_at": "2025-07-15T14:20:22.307108+00:00", "symbol": "ADA-USD"}, {"trade_id": 143719198, "side": "sell", "size": "645.15374736", "price": "0.73270000", "time": "2025-07-15T14:18:28.090993Z", "fetched_at": "2025-07-15T14:20:22.307108+00:00", "symbol": "ADA-USD"}, {"trade_id": 143719197, "side": "sell", "size": "541.69528315", "price": "0.73280000", "time": "2025-07-15T14:18:25.787774Z", "fetched_at": "2025-07-15T14:20:22.307108+00:00", "symbol": "ADA-USD"}, {"trade_id": 143719196, "side": "sell", "size": "51.00306000", "price": "0.73280000", "time": "2025-07-15T14:18:25.787774Z", "fetched_at": "2025-07-15T14:20:22.307108+00:00", "symbol": "ADA-USD"}, {"trade_id": 143719195, "side": "sell", "size": "50.00000000", "price": "0.73280000", "time": "2025-07-15T14:18:25.787774Z", "fetched_at": "2025-07-15T14:20:22.307108+00:00", "symbol": "ADA-USD"}, {"trade_id": 143719194, "side": "sell", "size": "190.10165685", "price": "0.73280000", "time": "2025-07-15T14:18:25.787774Z", "fetched_at": "2025-07-15T14:20:22.307108+00:00", "symbol": "ADA-USD"}, {"trade_id": 143719193, "side": "buy", "size": "1.75682235", "price": "0.73280000", "time": "2025-07-15T14:18:23.906444Z", "fetched_at": "2025-07-15T14:20:22.307108+00:00", "symbol": "ADA-USD"}, {"trade_id": 143719192, "side": "buy", "size": "373.51235800", "price": "0.73270000", "time": "2025-07-15T14:18:23.062142Z", "fetched_at": "2025-07-15T14:20:22.307108+00:00", "symbol": "ADA-USD"}, {"trade_id": 143719191, "side": "buy", "size": "1.60000000", "price": "0.73270000", "time": "2025-07-15T14:18:23.062142Z", "fetched_at": "2025-07-15T14:20:22.307108+00:00", "symbol": "ADA-USD"}, {"trade_id": 143719190, "side": "buy", "size": "51.00306000", "price": "0.73280000", "time": "2025-07-15T14:18:23.062142Z", "fetched_at": "2025-07-15T14:20:22.307108+00:00", "symbol": "ADA-USD"}, {"trade_id": 143719189, "side": "buy", "size": "832.80000000", "price": "0.73280000", "time": "2025-07-15T14:18:23.062142Z", "fetched_at": "2025-07-15T14:20:22.307108+00:00", "symbol": "ADA-USD"}, {"trade_id": 143719188, "side": "buy", "size": "1.60000000", "price": "0.73280000", "time": "2025-07-15T14:18:23.062142Z", "fetched_at": "2025-07-15T14:20:22.307108+00:00", "symbol": "ADA-USD"}, {"trade_id": 143719187, "side": "buy", "size": "1.82630313", "price": "0.73290000", "time": "2025-07-15T14:18:21.442010Z", "fetched_at": "2025-07-15T14:20:22.307108+00:00", "symbol": "ADA-USD"}, {"trade_id": 143719186, "side": "buy", "size": "0.00008339", "price": "0.73290000", "time": "2025-07-15T14:18:21.442010Z", "fetched_at": "2025-07-15T14:20:22.307108+00:00", "symbol": "ADA-USD"}, {"trade_id": 143719185, "side": "buy", "size": "1.95106956", "price": "0.73290000", "time": "2025-07-15T14:18:21.315117Z", "fetched_at": "2025-07-15T14:20:22.307108+00:00", "symbol": "ADA-USD"}, {"trade_id": 143719184, "side": "buy", "size": "1.65283044", "price": "0.73290000", "time": "2025-07-15T14:18:21.315117Z", "fetched_at": "2025-07-15T14:20:22.307108+00:00", "symbol": "ADA-USD"}, {"trade_id": 143719183, "side": "sell", "size": "66.27004900", "price": "0.73300000", "time": "2025-07-15T14:18:20.391772Z", "fetched_at": "2025-07-15T14:20:22.307108+00:00", "symbol": "ADA-USD"}, {"trade_id": 143719182, "side": "buy", "size": "2.12986474", "price": "0.73290000", "time": "2025-07-15T14:18:19.298835Z", "fetched_at": "2025-07-15T14:20:22.307108+00:00", "symbol": "ADA-USD"}, {"trade_id": 143719181, "side": "buy", "size": "832.70000000", "price": "0.73290000", "time": "2025-07-15T14:18:19.298835Z", "fetched_at": "2025-07-15T14:20:22.307108+00:00", "symbol": "ADA-USD"}, {"trade_id": 143719180, "side": "buy", "size": "184.46506720", "price": "0.73290000", "time": "2025-07-15T14:18:19.298835Z", "fetched_at": "2025-07-15T14:20:22.307108+00:00", "symbol": "ADA-USD"}, {"trade_id": 143719179, "side": "buy", "size": "0.00008569", "price": "0.73300000", "time": "2025-07-15T14:18:18.013686Z", "fetched_at": "2025-07-15T14:20:22.307108+00:00", "symbol": "ADA-USD"}, {"trade_id": 143719178, "side": "buy", "size": "7.43000000", "price": "0.73300000", "time": "2025-07-15T14:18:18.004995Z", "fetched_at": "2025-07-15T14:20:22.307108+00:00", "symbol": "ADA-USD"}, {"trade_id": 143719177, "side": "sell", "size": "25.86717600", "price": "0.73310000", "time": "2025-07-15T14:18:15.692156Z", "fetched_at": "2025-07-15T14:20:22.307108+00:00", "symbol": "ADA-USD"}, {"trade_id": 143719176, "side": "sell", "size": "13.16489400", "price": "0.73310000", "time": "2025-07-15T14:18:15.158579Z", "fetched_at": "2025-07-15T14:20:22.307108+00:00", "symbol": "ADA-USD"}, {"trade_id": 143719175, "side": "sell", "size": "6.46767600", "price": "0.73310000", "time": "2025-07-15T14:18:13.462499Z", "fetched_at": "2025-07-15T14:20:22.307108+00:00", "symbol": "ADA-USD"}, {"trade_id": 143719174, "side": "buy", "size": "0.00929613", "price": "0.73300000", "time": "2025-07-15T14:18:11.982888Z", "fetched_at": "2025-07-15T14:20:22.307108+00:00", "symbol": "ADA-USD"}, {"trade_id": 143719173, "side": "buy", "size": "13.64070387", "price": "0.73310000", "time": "2025-07-15T14:18:11.982888Z", "fetched_at": "2025-07-15T14:20:22.307108+00:00", "symbol": "ADA-USD"}, {"trade_id": 143719172, "side": "sell", "size": "66.26101200", "price": "0.73320000", "time": "2025-07-15T14:18:11.700200Z", "fetched_at": "2025-07-15T14:20:22.307108+00:00", "symbol": "ADA-USD"}, {"trade_id": 143719171, "side": "sell", "size": "13.50061400", "price": "0.73320000", "time": "2025-07-15T14:18:11.226344Z", "fetched_at": "2025-07-15T14:20:22.307108+00:00", "symbol": "ADA-USD"}, {"trade_id": 143719170, "side": "sell", "size": "19.81698496", "price": "0.73320000", "time": "2025-07-15T14:18:11.019846Z", "fetched_at": "2025-07-15T14:20:22.307108+00:00", "symbol": "ADA-USD"}, {"trade_id": 143719169, "side": "sell", "size": "13.31352104", "price": "0.73320000", "time": "2025-07-15T14:18:11.019846Z", "fetched_at": "2025-07-15T14:20:22.307108+00:00", "symbol": "ADA-USD"}, {"trade_id": 143719168, "side": "sell", "size": "567.00000000", "price": "0.73310000", "time": "2025-07-15T14:18:10.127833Z", "fetched_at": "2025-07-15T14:20:22.307108+00:00", "symbol": "ADA-USD"}, {"trade_id": 143719167, "side": "sell", "size": "76.24908162", "price": "0.73310000", "time": "2025-07-15T14:18:10.127833Z", "fetched_at": "2025-07-15T14:20:22.307108+00:00", "symbol": "ADA-USD"}, {"trade_id": 143719166, "side": "buy", "size": "13.64070387", "price": "0.73310000", "time": "2025-07-15T14:18:08.144795Z", "fetched_at": "2025-07-15T14:20:22.307108+00:00", "symbol": "ADA-USD"}, {"trade_id": 143719165, "side": "buy", "size": "13.64070387", "price": "0.73310000", "time": "2025-07-15T14:18:07.875068Z", "fetched_at": "2025-07-15T14:20:22.307108+00:00", "symbol": "ADA-USD"}, {"trade_id": 143719164, "side": "sell", "size": "567.00000000", "price": "0.73330000", "time": "2025-07-15T14:18:04.563311Z", "fetched_at": "2025-07-15T14:20:22.307108+00:00", "symbol": "ADA-USD"}, {"trade_id": 143719163, "side": "sell", "size": "5.81202390", "price": "0.73320000", "time": "2025-07-15T14:18:04.259456Z", "fetched_at": "2025-07-15T14:20:22.307108+00:00", "symbol": "ADA-USD"}, {"trade_id": 143719162, "side": "sell", "size": "1.76658712", "price": "0.73320000", "time": "2025-07-15T14:18:04.259456Z", "fetched_at": "2025-07-15T14:20:22.307108+00:00", "symbol": "ADA-USD"}, {"trade_id": 143719161, "side": "sell", "size": "67.84260000", "price": "0.73310000", "time": "2025-07-15T14:18:03.169672Z", "fetched_at": "2025-07-15T14:20:22.307108+00:00", "symbol": "ADA-USD"}, {"trade_id": 143719160, "side": "buy", "size": "5.73236371", "price": "0.73320000", "time": "2025-07-15T14:18:03.160157Z", "fetched_at": "2025-07-15T14:20:22.307108+00:00", "symbol": "ADA-USD"}, {"trade_id": 143719159, "side": "sell", "size": "2.35544950", "price": "0.73330000", "time": "2025-07-15T14:18:02.542976Z", "fetched_at": "2025-07-15T14:20:22.307108+00:00", "symbol": "ADA-USD"}, {"trade_id": 143719158, "side": "sell", "size": "3.14059933", "price": "0.73330000", "time": "2025-07-15T14:18:02.412479Z", "fetched_at": "2025-07-15T14:20:22.307108+00:00", "symbol": "ADA-USD"}, {"trade_id": 143719157, "side": "sell", "size": "8.28279411", "price": "0.73330000", "time": "2025-07-15T14:18:01.727336Z", "fetched_at": "2025-07-15T14:20:22.307108+00:00", "symbol": "ADA-USD"}, {"trade_id": 143719156, "side": "sell", "size": "4073.26957711", "price": "0.73320000", "time": "2025-07-15T14:18:01.709284Z", "fetched_at": "2025-07-15T14:20:22.307108+00:00", "symbol": "ADA-USD"}, {"trade_id": 143719155, "side": "sell", "size": "337.79708226", "price": "0.73320000", "time": "2025-07-15T14:18:00.985685Z", "fetched_at": "2025-07-15T14:20:22.307108+00:00", "symbol": "ADA-USD"}, {"trade_id": 143719154, "side": "sell", "size": "636.83334063", "price": "0.73320000", "time": "2025-07-15T14:18:00.963283Z", "fetched_at": "2025-07-15T14:20:22.307108+00:00", "symbol": "ADA-USD"}, {"trade_id": 143719153, "side": "sell", "size": "138.47173093", "price": "0.73320000", "time": "2025-07-15T14:18:00.963283Z", "fetched_at": "2025-07-15T14:20:22.307108+00:00", "symbol": "ADA-USD"}, {"trade_id": 143719152, "side": "sell", "size": "13.64339189", "price": "0.73310000", "time": "2025-07-15T14:17:59.907640Z", "fetched_at": "2025-07-15T14:20:22.307108+00:00", "symbol": "ADA-USD"}, {"trade_id": 143719151, "side": "sell", "size": "2.96929391", "price": "0.73310000", "time": "2025-07-15T14:17:59.820442Z", "fetched_at": "2025-07-15T14:20:22.307108+00:00", "symbol": "ADA-USD"}, {"trade_id": 143719150, "side": "sell", "size": "632.45302511", "price": "0.73310000", "time": "2025-07-15T14:17:59.820442Z", "fetched_at": "2025-07-15T14:20:22.307108+00:00", "symbol": "ADA-USD"}, {"trade_id": 143719149, "side": "sell", "size": "3.95905855", "price": "0.73310000", "time": "2025-07-15T14:17:59.634719Z", "fetched_at": "2025-07-15T14:20:22.307108+00:00", "symbol": "ADA-USD"}, {"trade_id": 143719148, "side": "sell", "size": "641.42314013", "price": "0.73310000", "time": "2025-07-15T14:17:59.593563Z", "fetched_at": "2025-07-15T14:20:22.307108+00:00", "symbol": "ADA-USD"}, {"trade_id": 143719147, "side": "sell", "size": "641.23537190", "price": "0.73310000", "time": "2025-07-15T14:17:59.593563Z", "fetched_at": "2025-07-15T14:20:22.307108+00:00", "symbol": "ADA-USD"}, {"trade_id": 143719146, "side": "sell", "size": "13.64148797", "price": "0.73300000", "time": "2025-07-15T14:17:59.593563Z", "fetched_at": "2025-07-15T14:20:22.307108+00:00", "symbol": "ADA-USD"}, {"trade_id": 143719145, "side": "sell", "size": "134.96043000", "price": "0.73300000", "time": "2025-07-15T14:17:59.265563Z", "fetched_at": "2025-07-15T14:20:22.307108+00:00", "symbol": "ADA-USD"}, {"trade_id": 143719144, "side": "sell", "size": "13.63420599", "price": "0.73300000", "time": "2025-07-15T14:17:59.243603Z", "fetched_at": "2025-07-15T14:20:22.307108+00:00", "symbol": "ADA-USD"}, {"trade_id": 143719143, "side": "sell", "size": "134.96043000", "price": "0.73290000", "time": "2025-07-15T14:17:59.096188Z", "fetched_at": "2025-07-15T14:20:22.307108+00:00", "symbol": "ADA-USD"}, {"trade_id": 143719142, "side": "buy", "size": "832.70000000", "price": "0.73300000", "time": "2025-07-15T14:17:57.957593Z", "fetched_at": "2025-07-15T14:20:22.307108+00:00", "symbol": "ADA-USD"}, {"trade_id": 143719141, "side": "buy", "size": "2819.03329879", "price": "0.73300000", "time": "2025-07-15T14:17:57.950138Z", "fetched_at": "2025-07-15T14:20:22.307108+00:00", "symbol": "ADA-USD"}, {"trade_id": 143719140, "side": "buy", "size": "682.00106279", "price": "0.73310000", "time": "2025-07-15T14:17:57.943625Z", "fetched_at": "2025-07-15T14:20:22.307108+00:00", "symbol": "ADA-USD"}, {"trade_id": 143719139, "side": "buy", "size": "800.00000000", "price": "0.73310000", "time": "2025-07-15T14:17:57.943625Z", "fetched_at": "2025-07-15T14:20:22.307108+00:00", "symbol": "ADA-USD"}, {"trade_id": 143719138, "side": "buy", "size": "1662.07052000", "price": "0.73310000", "time": "2025-07-15T14:17:57.943625Z", "fetched_at": "2025-07-15T14:20:22.307108+00:00", "symbol": "ADA-USD"}, {"trade_id": 143719137, "side": "buy", "size": "646.40916394", "price": "0.73320000", "time": "2025-07-15T14:17:57.940268Z", "fetched_at": "2025-07-15T14:20:22.307108+00:00", "symbol": "ADA-USD"}, {"trade_id": 143719136, "side": "buy", "size": "2.15813288", "price": "0.73330000", "time": "2025-07-15T14:17:57.940268Z", "fetched_at": "2025-07-15T14:20:22.307108+00:00", "symbol": "ADA-USD"}, {"trade_id": 143719135, "side": "buy", "size": "39.54857293", "price": "0.73320000", "time": "2025-07-15T14:17:56.674432Z", "fetched_at": "2025-07-15T14:20:22.307108+00:00", "symbol": "ADA-USD"}, {"trade_id": 143719134, "side": "buy", "size": "567.00000000", "price": "0.73330000", "time": "2025-07-15T14:17:56.674432Z", "fetched_at": "2025-07-15T14:20:22.307108+00:00", "symbol": "ADA-USD"}, {"trade_id": 143719133, "side": "buy", "size": "50.00000000", "price": "0.73330000", "time": "2025-07-15T14:17:56.674432Z", "fetched_at": "2025-07-15T14:20:22.307108+00:00", "symbol": "ADA-USD"}, {"trade_id": 143719132, "side": "buy", "size": "6.77841749", "price": "0.73330000", "time": "2025-07-15T14:17:56.674432Z", "fetched_at": "2025-07-15T14:20:22.307108+00:00", "symbol": "ADA-USD"}, {"trade_id": 143719131, "side": "buy", "size": "243.43000958", "price": "0.73330000", "time": "2025-07-15T14:17:56.674432Z", "fetched_at": "2025-07-15T14:20:22.307108+00:00", "symbol": "ADA-USD"}, {"trade_id": 143719130, "side": "buy", "size": "51.00306000", "price": "0.73340000", "time": "2025-07-15T14:17:56.674432Z", "fetched_at": "2025-07-15T14:20:22.307108+00:00", "symbol": "ADA-USD"}, {"trade_id": 143719129, "side": "buy", "size": "55.16308200", "price": "0.73330000", "time": "2025-07-15T14:17:55.487114Z", "fetched_at": "2025-07-15T14:20:22.307108+00:00", "symbol": "ADA-USD"}, {"trade_id": 143719128, "side": "buy", "size": "15.00000000", "price": "0.73330000", "time": "2025-07-15T14:17:54.395069Z", "fetched_at": "2025-07-15T14:20:22.307108+00:00", "symbol": "ADA-USD"}, {"trade_id": 143719127, "side": "buy", "size": "8.77674528", "price": "0.73340000", "time": "2025-07-15T14:17:52.338019Z", "fetched_at": "2025-07-15T14:20:22.307108+00:00", "symbol": "ADA-USD"}, {"trade_id": 143719126, "side": "buy", "size": "0.00000240", "price": "0.73350000", "time": "2025-07-15T14:17:51.996041Z", "fetched_at": "2025-07-15T14:20:22.307108+00:00", "symbol": "ADA-USD"}, {"trade_id": 143719125, "side": "buy", "size": "8.76940904", "price": "0.73350000", "time": "2025-07-15T14:17:51.991813Z", "fetched_at": "2025-07-15T14:20:22.307108+00:00", "symbol": "ADA-USD"}, {"trade_id": 143719124, "side": "buy", "size": "251.11579096", "price": "0.73350000", "time": "2025-07-15T14:17:51.991813Z", "fetched_at": "2025-07-15T14:20:22.307108+00:00", "symbol": "ADA-USD"}, {"trade_id": 143719123, "side": "buy", "size": "9.08673080", "price": "0.73360000", "time": "2025-07-15T14:17:51.317123Z", "fetched_at": "2025-07-15T14:20:22.307108+00:00", "symbol": "ADA-USD"}, {"trade_id": 143719122, "side": "sell", "size": "8.22432382", "price": "0.73350000", "time": "2025-07-15T14:17:47.847306Z", "fetched_at": "2025-07-15T14:20:22.307108+00:00", "symbol": "ADA-USD"}, {"trade_id": 143719121, "side": "sell", "size": "126.25340341", "price": "0.73350000", "time": "2025-07-15T14:17:44.975528Z", "fetched_at": "2025-07-15T14:20:22.307108+00:00", "symbol": "ADA-USD"}, {"trade_id": 143719120, "side": "sell", "size": "659.82227400", "price": "0.73350000", "time": "2025-07-15T14:17:44.975528Z", "fetched_at": "2025-07-15T14:20:22.307108+00:00", "symbol": "ADA-USD"}, {"trade_id": 143719119, "side": "sell", "size": "567.00000000", "price": "0.73350000", "time": "2025-07-15T14:17:44.975528Z", "fetched_at": "2025-07-15T14:20:22.307108+00:00", "symbol": "ADA-USD"}, {"trade_id": 143719118, "side": "sell", "size": "6.49691659", "price": "0.73350000", "time": "2025-07-15T14:17:44.975528Z", "fetched_at": "2025-07-15T14:20:22.307108+00:00", "symbol": "ADA-USD"}, {"trade_id": 143719117, "side": "buy", "size": "8.43607852", "price": "0.73340000", "time": "2025-07-15T14:17:44.884063Z", "fetched_at": "2025-07-15T14:20:22.307108+00:00", "symbol": "ADA-USD"}, {"trade_id": 143719116, "side": "sell", "size": "40.14503453", "price": "0.73330000", "time": "2025-07-15T14:17:43.936560Z", "fetched_at": "2025-07-15T14:20:22.307108+00:00", "symbol": "ADA-USD"}, {"trade_id": 143719115, "side": "sell", "size": "704.20437057", "price": "0.73330000", "time": "2025-07-15T14:17:43.925671Z", "fetched_at": "2025-07-15T14:20:22.307108+00:00", "symbol": "ADA-USD"}, {"trade_id": 143719114, "side": "sell", "size": "477.23257600", "price": "0.73320000", "time": "2025-07-15T14:17:42.928762Z", "fetched_at": "2025-07-15T14:20:22.307108+00:00", "symbol": "ADA-USD"}, {"trade_id": 143719113, "side": "sell", "size": "202.44064000", "price": "0.73320000", "time": "2025-07-15T14:17:42.928762Z", "fetched_at": "2025-07-15T14:20:22.307108+00:00", "symbol": "ADA-USD"}, {"trade_id": 143719112, "side": "sell", "size": "678.17146857", "price": "0.73330000", "time": "2025-07-15T14:17:42.463070Z", "fetched_at": "2025-07-15T14:20:22.307108+00:00", "symbol": "ADA-USD"}, {"trade_id": 143719111, "side": "sell", "size": "1.78127046", "price": "0.73320000", "time": "2025-07-15T14:17:41.788292Z", "fetched_at": "2025-07-15T14:20:22.307108+00:00", "symbol": "ADA-USD"}, {"trade_id": 143719110, "side": "sell", "size": "104.68190719", "price": "0.73320000", "time": "2025-07-15T14:17:40.887739Z", "fetched_at": "2025-07-15T14:20:22.307108+00:00", "symbol": "ADA-USD"}, {"trade_id": 143719109, "side": "sell", "size": "13.64436081", "price": "0.73310000", "time": "2025-07-15T14:17:40.480657Z", "fetched_at": "2025-07-15T14:20:22.307108+00:00", "symbol": "ADA-USD"}, {"trade_id": 143719108, "side": "sell", "size": "13.64534524", "price": "0.73300000", "time": "2025-07-15T14:17:39.769045Z", "fetched_at": "2025-07-15T14:20:22.307108+00:00", "symbol": "ADA-USD"}, {"trade_id": 143719107, "side": "sell", "size": "13.64528062", "price": "0.73300000", "time": "2025-07-15T14:17:39.740232Z", "fetched_at": "2025-07-15T14:20:22.307108+00:00", "symbol": "ADA-USD"}, {"trade_id": 143719106, "side": "sell", "size": "2.03824834", "price": "0.73300000", "time": "2025-07-15T14:17:39.712285Z", "fetched_at": "2025-07-15T14:20:22.307108+00:00", "symbol": "ADA-USD"}, {"trade_id": 143719105, "side": "sell", "size": "567.00000000", "price": "0.73300000", "time": "2025-07-15T14:17:39.712285Z", "fetched_at": "2025-07-15T14:20:22.307108+00:00", "symbol": "ADA-USD"}, {"trade_id": 143719104, "side": "sell", "size": "13.64528062", "price": "0.73300000", "time": "2025-07-15T14:17:39.712285Z", "fetched_at": "2025-07-15T14:20:22.307108+00:00", "symbol": "ADA-USD"}, {"trade_id": 143719103, "side": "sell", "size": "6.62430711", "price": "0.73300000", "time": "2025-07-15T14:17:39.712285Z", "fetched_at": "2025-07-15T14:20:22.307108+00:00", "symbol": "ADA-USD"}, {"trade_id": 143719102, "side": "sell", "size": "12.92653700", "price": "0.73290000", "time": "2025-07-15T14:17:39.256378Z", "fetched_at": "2025-07-15T14:20:22.307108+00:00", "symbol": "ADA-USD"}, {"trade_id": 143719101, "side": "buy", "size": "1.64639467", "price": "0.73300000", "time": "2025-07-15T14:17:38.459424Z", "fetched_at": "2025-07-15T14:20:22.307108+00:00", "symbol": "ADA-USD"}, {"trade_id": 143719100, "side": "sell", "size": "472.72344052", "price": "0.73310000", "time": "2025-07-15T14:17:38.192532Z", "fetched_at": "2025-07-15T14:20:22.307108+00:00", "symbol": "ADA-USD"}, {"trade_id": 143719099, "side": "sell", "size": "8.83240948", "price": "0.73310000", "time": "2025-07-15T14:17:38.192532Z", "fetched_at": "2025-07-15T14:20:22.307108+00:00", "symbol": "ADA-USD"}, {"trade_id": 143719098, "side": "sell", "size": "134.96043000", "price": "0.73310000", "time": "2025-07-15T14:17:38.192532Z", "fetched_at": "2025-07-15T14:20:22.307108+00:00", "symbol": "ADA-USD"}, {"trade_id": 143719097, "side": "sell", "size": "216.08372000", "price": "0.73310000", "time": "2025-07-15T14:17:38.192532Z", "fetched_at": "2025-07-15T14:20:22.307108+00:00", "symbol": "ADA-USD"}, {"trade_id": 143719096, "side": "buy", "size": "1.67493242", "price": "0.73310000", "time": "2025-07-15T14:17:38.083567Z", "fetched_at": "2025-07-15T14:20:22.307108+00:00", "symbol": "ADA-USD"}, {"trade_id": 143719095, "side": "buy", "size": "13.64070386", "price": "0.73300000", "time": "2025-07-15T14:17:36.948859Z", "fetched_at": "2025-07-15T14:20:22.307108+00:00", "symbol": "ADA-USD"}, {"trade_id": 143719094, "side": "buy", "size": "21.93070285", "price": "0.73300000", "time": "2025-07-15T14:17:36.841444Z", "fetched_at": "2025-07-15T14:20:22.307108+00:00", "symbol": "ADA-USD"}, {"trade_id": 143719093, "side": "buy", "size": "1.60000000", "price": "0.73300000", "time": "2025-07-15T14:17:36.841444Z", "fetched_at": "2025-07-15T14:20:22.307108+00:00", "symbol": "ADA-USD"}, {"trade_id": 143719092, "side": "buy", "size": "2.13236411", "price": "0.73310000", "time": "2025-07-15T14:17:36.841444Z", "fetched_at": "2025-07-15T14:20:22.307108+00:00", "symbol": "ADA-USD"}, {"trade_id": 143719091, "side": "buy", "size": "188.27191904", "price": "0.73310000", "time": "2025-07-15T14:17:36.841444Z", "fetched_at": "2025-07-15T14:20:22.307108+00:00", "symbol": "ADA-USD"}, {"trade_id": 143719090, "side": "buy", "size": "2.97084427", "price": "0.73330000", "time": "2025-07-15T14:17:35.825849Z", "fetched_at": "2025-07-15T14:20:22.307108+00:00", "symbol": "ADA-USD"}, {"trade_id": 143719089, "side": "buy", "size": "1233.54926828", "price": "0.73330000", "time": "2025-07-15T14:17:35.825849Z", "fetched_at": "2025-07-15T14:20:22.307108+00:00", "symbol": "ADA-USD"}, {"trade_id": 143719088, "side": "buy", "size": "1032.24995375", "price": "0.73330000", "time": "2025-07-15T14:17:35.768569Z", "fetched_at": "2025-07-15T14:20:22.307108+00:00", "symbol": "ADA-USD"}, {"trade_id": 143719087, "side": "sell", "size": "275.69095044", "price": "0.73330000", "time": "2025-07-15T14:17:35.762419Z", "fetched_at": "2025-07-15T14:20:22.307108+00:00", "symbol": "ADA-USD"}, {"trade_id": 143719086, "side": "sell", "size": "693.88045897", "price": "0.73330000", "time": "2025-07-15T14:17:35.762419Z", "fetched_at": "2025-07-15T14:20:22.307108+00:00", "symbol": "ADA-USD"}, {"trade_id": 143719085, "side": "sell", "size": "742.16587856", "price": "0.73330000", "time": "2025-07-15T14:17:35.762419Z", "fetched_at": "2025-07-15T14:20:22.307108+00:00", "symbol": "ADA-USD"}, {"trade_id": 143719084, "side": "sell", "size": "134.96043000", "price": "0.73330000", "time": "2025-07-15T14:17:35.762419Z", "fetched_at": "2025-07-15T14:20:22.307108+00:00", "symbol": "ADA-USD"}, {"trade_id": 143719083, "side": "sell", "size": "51.00306000", "price": "0.73330000", "time": "2025-07-15T14:17:35.762419Z", "fetched_at": "2025-07-15T14:20:22.307108+00:00", "symbol": "ADA-USD"}, {"trade_id": 143719082, "side": "buy", "size": "832.60000000", "price": "0.73330000", "time": "2025-07-15T14:17:35.675917Z", "fetched_at": "2025-07-15T14:20:22.307108+00:00", "symbol": "ADA-USD"}, {"trade_id": 143719081, "side": "buy", "size": "2.89937769", "price": "0.73330000", "time": "2025-07-15T14:17:35.675917Z", "fetched_at": "2025-07-15T14:20:22.307108+00:00", "symbol": "ADA-USD"}, {"trade_id": 143719080, "side": "sell", "size": "66.23391500", "price": "0.73340000", "time": "2025-07-15T14:17:33.315571Z", "fetched_at": "2025-07-15T14:20:22.307108+00:00", "symbol": "ADA-USD"}, {"trade_id": 143719079, "side": "buy", "size": "3.74896976", "price": "0.73340000", "time": "2025-07-15T14:17:31.796639Z", "fetched_at": "2025-07-15T14:20:22.307108+00:00", "symbol": "ADA-USD"}, {"trade_id": 143719078, "side": "buy", "size": "13.63326517", "price": "0.73350000", "time": "2025-07-15T14:17:31.055958Z", "fetched_at": "2025-07-15T14:20:22.307108+00:00", "symbol": "ADA-USD"}, {"trade_id": 143719077, "side": "buy", "size": "832.60000000", "price": "0.73350000", "time": "2025-07-15T14:17:30.823263Z", "fetched_at": "2025-07-15T14:20:22.307108+00:00", "symbol": "ADA-USD"}, {"trade_id": 143719076, "side": "buy", "size": "13.63326517", "price": "0.73350000", "time": "2025-07-15T14:17:30.823263Z", "fetched_at": "2025-07-15T14:20:22.307108+00:00", "symbol": "ADA-USD"}, {"trade_id": 143719075, "side": "sell", "size": "832.60000000", "price": "0.73370000", "time": "2025-07-15T14:17:28.054207Z", "fetched_at": "2025-07-15T14:20:22.307108+00:00", "symbol": "ADA-USD"}, {"trade_id": 143719074, "side": "sell", "size": "13.14029210", "price": "0.73360000", "time": "2025-07-15T14:17:26.551011Z", "fetched_at": "2025-07-15T14:20:22.307108+00:00", "symbol": "ADA-USD"}, {"trade_id": 143719073, "side": "sell", "size": "107.23807590", "price": "0.73350000", "time": "2025-07-15T14:17:25.472783Z", "fetched_at": "2025-07-15T14:20:22.307108+00:00", "symbol": "ADA-USD"}, {"trade_id": 143719072, "side": "sell", "size": "70.79809884", "price": "0.73350000", "time": "2025-07-15T14:17:25.457187Z", "fetched_at": "2025-07-15T14:20:22.307108+00:00", "symbol": "ADA-USD"}, {"trade_id": 143719071, "side": "sell", "size": "78.12315021", "price": "0.73350000", "time": "2025-07-15T14:17:25.447978Z", "fetched_at": "2025-07-15T14:20:22.307108+00:00", "symbol": "ADA-USD"}, {"trade_id": 143719070, "side": "sell", "size": "890.49123772", "price": "0.73350000", "time": "2025-07-15T14:17:25.435804Z", "fetched_at": "2025-07-15T14:20:22.307108+00:00", "symbol": "ADA-USD"}, {"trade_id": 143719069, "side": "sell", "size": "13.63238556", "price": "0.73330000", "time": "2025-07-15T14:17:24.593613Z", "fetched_at": "2025-07-15T14:20:22.307108+00:00", "symbol": "ADA-USD"}, {"trade_id": 143719068, "side": "sell", "size": "13.29503947", "price": "0.73330000", "time": "2025-07-15T14:17:24.581152Z", "fetched_at": "2025-07-15T14:20:22.307108+00:00", "symbol": "ADA-USD"}, {"trade_id": 143719067, "side": "buy", "size": "13.63698350", "price": "0.73330000", "time": "2025-07-15T14:17:23.693648Z", "fetched_at": "2025-07-15T14:20:22.307108+00:00", "symbol": "ADA-USD"}, {"trade_id": 143719066, "side": "buy", "size": "4148.46214820", "price": "0.73350000", "time": "2025-07-15T14:17:23.511560Z", "fetched_at": "2025-07-15T14:20:22.307108+00:00", "symbol": "ADA-USD"}, {"trade_id": 143719065, "side": "sell", "size": "13.63785180", "price": "0.73350000", "time": "2025-07-15T14:17:22.105462Z", "fetched_at": "2025-07-15T14:20:22.307108+00:00", "symbol": "ADA-USD"}, {"trade_id": 143719064, "side": "sell", "size": "13.63510906", "price": "0.73330000", "time": "2025-07-15T14:17:21.878796Z", "fetched_at": "2025-07-15T14:20:22.307108+00:00", "symbol": "ADA-USD"}, {"trade_id": 143719063, "side": "sell", "size": "1498.82342505", "price": "0.73330000", "time": "2025-07-15T14:17:21.878796Z", "fetched_at": "2025-07-15T14:20:22.307108+00:00", "symbol": "ADA-USD"}, {"trade_id": 143719062, "side": "sell", "size": "3547.37657495", "price": "0.73330000", "time": "2025-07-15T14:17:21.877189Z", "fetched_at": "2025-07-15T14:20:22.307108+00:00", "symbol": "ADA-USD"}, {"trade_id": 143719061, "side": "buy", "size": "2.39618918", "price": "0.73330000", "time": "2025-07-15T14:17:20.699055Z", "fetched_at": "2025-07-15T14:20:22.307108+00:00", "symbol": "ADA-USD"}, {"trade_id": 143719060, "side": "sell", "size": "13.62950921", "price": "0.73340000", "time": "2025-07-15T14:17:20.254334Z", "fetched_at": "2025-07-15T14:20:22.307108+00:00", "symbol": "ADA-USD"}, {"trade_id": 143719059, "side": "sell", "size": "14.49421043", "price": "0.73340000", "time": "2025-07-15T14:17:20.254334Z", "fetched_at": "2025-07-15T14:20:22.307108+00:00", "symbol": "ADA-USD"}, {"trade_id": 143719058, "side": "sell", "size": "265.00000000", "price": "0.73350000", "time": "2025-07-15T14:17:20.073618Z", "fetched_at": "2025-07-15T14:20:22.307108+00:00", "symbol": "ADA-USD"}, {"trade_id": 143719057, "side": "sell", "size": "567.00000000", "price": "0.73340000", "time": "2025-07-15T14:17:20.073618Z", "fetched_at": "2025-07-15T14:20:22.307108+00:00", "symbol": "ADA-USD"}, {"trade_id": 143719056, "side": "sell", "size": "3280.97862608", "price": "0.73350000", "time": "2025-07-15T14:17:20.071380Z", "fetched_at": "2025-07-15T14:20:22.307108+00:00", "symbol": "ADA-USD"}, {"trade_id": 143719055, "side": "sell", "size": "834.62827480", "price": "0.73350000", "time": "2025-07-15T14:17:20.071380Z", "fetched_at": "2025-07-15T14:20:22.307108+00:00", "symbol": "ADA-USD"}, {"trade_id": 143719054, "side": "sell", "size": "25.76748521", "price": "0.73350000", "time": "2025-07-15T14:17:20.071380Z", "fetched_at": "2025-07-15T14:20:22.307108+00:00", "symbol": "ADA-USD"}, {"trade_id": 143719053, "side": "sell", "size": "19.32561391", "price": "0.73330000", "time": "2025-07-15T14:17:20.071380Z", "fetched_at": "2025-07-15T14:20:22.307108+00:00", "symbol": "ADA-USD"}, {"trade_id": 143719052, "side": "sell", "size": "50.00000000", "price": "0.73340000", "time": "2025-07-15T14:17:20.049599Z", "fetched_at": "2025-07-15T14:20:22.307108+00:00", "symbol": "ADA-USD"}, {"trade_id": 143719051, "side": "buy", "size": "98.97668637", "price": "0.73330000", "time": "2025-07-15T14:17:19.907524Z", "fetched_at": "2025-07-15T14:20:22.307108+00:00", "symbol": "ADA-USD"}, {"trade_id": 143719050, "side": "buy", "size": "567.00000000", "price": "0.73330000", "time": "2025-07-15T14:17:19.907524Z", "fetched_at": "2025-07-15T14:20:22.307108+00:00", "symbol": "ADA-USD"}, {"trade_id": 143719049, "side": "buy", "size": "141.80398873", "price": "0.73340000", "time": "2025-07-15T14:17:19.907524Z", "fetched_at": "2025-07-15T14:20:22.307108+00:00", "symbol": "ADA-USD"}, {"trade_id": 143719048, "side": "buy", "size": "9.53895400", "price": "0.73350000", "time": "2025-07-15T14:17:19.907524Z", "fetched_at": "2025-07-15T14:20:22.307108+00:00", "symbol": "ADA-USD"}, {"trade_id": 143719047, "side": "buy", "size": "1.60000000", "price": "0.73330000", "time": "2025-07-15T14:17:19.872695Z", "fetched_at": "2025-07-15T14:20:22.307108+00:00", "symbol": "ADA-USD"}, {"trade_id": 143719046, "side": "buy", "size": "693.49254492", "price": "0.73330000", "time": "2025-07-15T14:17:19.872695Z", "fetched_at": "2025-07-15T14:20:22.307108+00:00", "symbol": "ADA-USD"}, {"trade_id": 143719045, "side": "buy", "size": "275.69095044", "price": "0.73330000", "time": "2025-07-15T14:17:19.872695Z", "fetched_at": "2025-07-15T14:20:22.307108+00:00", "symbol": "ADA-USD"}, {"trade_id": 143719044, "side": "buy", "size": "769.92196167", "price": "0.73340000", "time": "2025-07-15T14:17:19.872186Z", "fetched_at": "2025-07-15T14:20:22.307108+00:00", "symbol": "ADA-USD"}, {"trade_id": 143719043, "side": "buy", "size": "375.35569694", "price": "0.73340000", "time": "2025-07-15T14:17:19.872186Z", "fetched_at": "2025-07-15T14:20:22.307108+00:00", "symbol": "ADA-USD"}, {"trade_id": 143719042, "side": "buy", "size": "4089.14332447", "price": "0.73340000", "time": "2025-07-15T14:17:19.872186Z", "fetched_at": "2025-07-15T14:20:22.307108+00:00", "symbol": "ADA-USD"}, {"trade_id": 143719041, "side": "buy", "size": "5026.90000000", "price": "0.73340000", "time": "2025-07-15T14:17:19.872186Z", "fetched_at": "2025-07-15T14:20:22.307108+00:00", "symbol": "ADA-USD"}, {"trade_id": 143719040, "side": "buy", "size": "1.50000000", "price": "0.73340000", "time": "2025-07-15T14:17:19.872186Z", "fetched_at": "2025-07-15T14:20:22.307108+00:00", "symbol": "ADA-USD"}, {"trade_id": 143719039, "side": "buy", "size": "681.64690487", "price": "0.73350000", "time": "2025-07-15T14:17:19.872186Z", "fetched_at": "2025-07-15T14:20:22.307108+00:00", "symbol": "ADA-USD"}, {"trade_id": 143719038, "side": "buy", "size": "474.51565413", "price": "0.73350000", "time": "2025-07-15T14:17:19.872186Z", "fetched_at": "2025-07-15T14:20:22.307108+00:00", "symbol": "ADA-USD"}, {"trade_id": 143719037, "side": "buy", "size": "1.50000000", "price": "0.73350000", "time": "2025-07-15T14:17:19.872186Z", "fetched_at": "2025-07-15T14:20:22.307108+00:00", "symbol": "ADA-USD"}, {"trade_id": 143719036, "side": "buy", "size": "207.84835044", "price": "0.73350000", "time": "2025-07-15T14:17:19.872186Z", "fetched_at": "2025-07-15T14:20:22.307108+00:00", "symbol": "ADA-USD"}, {"trade_id": 143719035, "side": "buy", "size": "67.84260000", "price": "0.73350000", "time": "2025-07-15T14:17:19.871993Z", "fetched_at": "2025-07-15T14:20:22.307108+00:00", "symbol": "ADA-USD"}, {"trade_id": 143719034, "side": "buy", "size": "981.50000000", "price": "0.73360000", "time": "2025-07-15T14:17:19.871979Z", "fetched_at": "2025-07-15T14:20:22.307108+00:00", "symbol": "ADA-USD"}, {"trade_id": 143719033, "side": "buy", "size": "533.90992526", "price": "0.73360000", "time": "2025-07-15T14:17:19.871979Z", "fetched_at": "2025-07-15T14:20:22.307108+00:00", "symbol": "ADA-USD"}, {"trade_id": 143719032, "side": "buy", "size": "67.84260000", "price": "0.73360000", "time": "2025-07-15T14:17:19.871744Z", "fetched_at": "2025-07-15T14:20:22.307108+00:00", "symbol": "ADA-USD"}, {"trade_id": 143719031, "side": "buy", "size": "66.34260000", "price": "0.73360000", "time": "2025-07-15T14:17:19.871593Z", "fetched_at": "2025-07-15T14:20:22.307108+00:00", "symbol": "ADA-USD"}, {"trade_id": 143719030, "side": "buy", "size": "1.50000000", "price": "0.73360000", "time": "2025-07-15T14:17:19.871593Z", "fetched_at": "2025-07-15T14:20:22.307108+00:00", "symbol": "ADA-USD"}, {"trade_id": 143719029, "side": "sell", "size": "443.00000000", "price": "0.73380000", "time": "2025-07-15T14:17:19.216775Z", "fetched_at": "2025-07-15T14:20:22.307108+00:00", "symbol": "ADA-USD"}, {"trade_id": 143719028, "side": "sell", "size": "832.00000000", "price": "0.73400000", "time": "2025-07-15T14:17:18.350724Z", "fetched_at": "2025-07-15T14:20:22.307108+00:00", "symbol": "ADA-USD"}, {"trade_id": 143719027, "side": "sell", "size": "567.00000000", "price": "0.73390000", "time": "2025-07-15T14:17:18.121107Z", "fetched_at": "2025-07-15T14:20:22.307108+00:00", "symbol": "ADA-USD"}, {"trade_id": 143719026, "side": "buy", "size": "42.33643200", "price": "0.73380000", "time": "2025-07-15T14:17:18.111987Z", "fetched_at": "2025-07-15T14:20:22.307108+00:00", "symbol": "ADA-USD"}, {"trade_id": 143719025, "side": "buy", "size": "1.50000000", "price": "0.73380000", "time": "2025-07-15T14:17:18.111987Z", "fetched_at": "2025-07-15T14:20:22.307108+00:00", "symbol": "ADA-USD"}, {"trade_id": 143719024, "side": "sell", "size": "3.44486600", "price": "0.73390000", "time": "2025-07-15T14:17:16.886037Z", "fetched_at": "2025-07-15T14:20:22.307108+00:00", "symbol": "ADA-USD"}, {"trade_id": 143719023, "side": "sell", "size": "90.91781593", "price": "0.73390000", "time": "2025-07-15T14:17:16.273207Z", "fetched_at": "2025-07-15T14:20:22.307108+00:00", "symbol": "ADA-USD"}, {"trade_id": 143719022, "side": "sell", "size": "741.08218407", "price": "0.73390000", "time": "2025-07-15T14:17:16.273207Z", "fetched_at": "2025-07-15T14:20:22.307108+00:00", "symbol": "ADA-USD"}, {"trade_id": 143719021, "side": "sell", "size": "202.44064000", "price": "0.73390000", "time": "2025-07-15T14:17:15.619954Z", "fetched_at": "2025-07-15T14:20:22.307108+00:00", "symbol": "ADA-USD"}, {"trade_id": 143719020, "side": "buy", "size": "50.00000000", "price": "0.73390000", "time": "2025-07-15T14:17:15.614672Z", "fetched_at": "2025-07-15T14:20:22.307108+00:00", "symbol": "ADA-USD"}, {"trade_id": 143719019, "side": "buy", "size": "1.50000000", "price": "0.73400000", "time": "2025-07-15T14:17:15.614576Z", "fetched_at": "2025-07-15T14:20:22.307108+00:00", "symbol": "ADA-USD"}, {"trade_id": 143719018, "side": "buy", "size": "1.50000000", "price": "0.73420000", "time": "2025-07-15T14:17:15.020204Z", "fetched_at": "2025-07-15T14:20:22.307108+00:00", "symbol": "ADA-USD"}, {"trade_id": 143719017, "side": "buy", "size": "1.82924669", "price": "0.73430000", "time": "2025-07-15T14:17:14.272851Z", "fetched_at": "2025-07-15T14:20:22.307108+00:00", "symbol": "ADA-USD"}, {"trade_id": 143719016, "side": "buy", "size": "1.50000000", "price": "0.73430000", "time": "2025-07-15T14:17:14.272851Z", "fetched_at": "2025-07-15T14:20:22.307108+00:00", "symbol": "ADA-USD"}, {"trade_id": 143719015, "side": "buy", "size": "1.82899761", "price": "0.73440000", "time": "2025-07-15T14:17:14.120693Z", "fetched_at": "2025-07-15T14:20:22.307108+00:00", "symbol": "ADA-USD"}, {"trade_id": 143719014, "side": "buy", "size": "1.50000000", "price": "0.73440000", "time": "2025-07-15T14:17:14.120693Z", "fetched_at": "2025-07-15T14:20:22.307108+00:00", "symbol": "ADA-USD"}, {"trade_id": 143719013, "side": "buy", "size": "1.86773318", "price": "0.73450000", "time": "2025-07-15T14:17:13.561739Z", "fetched_at": "2025-07-15T14:20:22.307108+00:00", "symbol": "ADA-USD"}, {"trade_id": 143719012, "side": "buy", "size": "1.50000000", "price": "0.73450000", "time": "2025-07-15T14:17:13.561739Z", "fetched_at": "2025-07-15T14:20:22.307108+00:00", "symbol": "ADA-USD"}, {"trade_id": 143719011, "side": "buy", "size": "2.28418832", "price": "0.73460000", "time": "2025-07-15T14:17:13.164759Z", "fetched_at": "2025-07-15T14:20:22.307108+00:00", "symbol": "ADA-USD"}, {"trade_id": 143719010, "side": "buy", "size": "1.50000000", "price": "0.73460000", "time": "2025-07-15T14:17:13.164759Z", "fetched_at": "2025-07-15T14:20:22.307108+00:00", "symbol": "ADA-USD"}, {"trade_id": 143719009, "side": "buy", "size": "1.90289935", "price": "0.73470000", "time": "2025-07-15T14:17:12.904626Z", "fetched_at": "2025-07-15T14:20:22.307108+00:00", "symbol": "ADA-USD"}, {"trade_id": 143719008, "side": "buy", "size": "832.00000000", "price": "0.73470000", "time": "2025-07-15T14:17:12.904626Z", "fetched_at": "2025-07-15T14:20:22.307108+00:00", "symbol": "ADA-USD"}, {"trade_id": 143719007, "side": "buy", "size": "1.50000000", "price": "0.73470000", "time": "2025-07-15T14:17:12.904626Z", "fetched_at": "2025-07-15T14:20:22.307108+00:00", "symbol": "ADA-USD"}, {"trade_id": 143719006, "side": "buy", "size": "2.93497953", "price": "0.73480000", "time": "2025-07-15T14:17:12.256630Z", "fetched_at": "2025-07-15T14:20:22.307108+00:00", "symbol": "ADA-USD"}, {"trade_id": 143719005, "side": "buy", "size": "1.50000000", "price": "0.73480000", "time": "2025-07-15T14:17:12.256630Z", "fetched_at": "2025-07-15T14:20:22.307108+00:00", "symbol": "ADA-USD"}, {"trade_id": 143719004, "side": "buy", "size": "2.77815617", "price": "0.73490000", "time": "2025-07-15T14:17:12.145627Z", "fetched_at": "2025-07-15T14:20:22.307108+00:00", "symbol": "ADA-USD"}, {"trade_id": 143719003, "side": "buy", "size": "29.46801045", "price": "0.73490000", "time": "2025-07-15T14:17:12.145627Z", "fetched_at": "2025-07-15T14:20:22.307108+00:00", "symbol": "ADA-USD"}, {"trade_id": 143719002, "side": "buy", "size": "51.00306000", "price": "0.73490000", "time": "2025-07-15T14:17:12.144752Z", "fetched_at": "2025-07-15T14:20:22.307108+00:00", "symbol": "ADA-USD"}, {"trade_id": 143719001, "side": "buy", "size": "90.78916000", "price": "0.73490000", "time": "2025-07-15T14:17:12.140966Z", "fetched_at": "2025-07-15T14:20:22.307108+00:00", "symbol": "ADA-USD"}, {"trade_id": 143719000, "side": "buy", "size": "49.50306000", "price": "0.73490000", "time": "2025-07-15T14:17:12.140764Z", "fetched_at": "2025-07-15T14:20:22.307108+00:00", "symbol": "ADA-USD"}, {"trade_id": 143718999, "side": "buy", "size": "1.50000000", "price": "0.73490000", "time": "2025-07-15T14:17:12.140764Z", "fetched_at": "2025-07-15T14:20:22.307108+00:00", "symbol": "ADA-USD"}, {"trade_id": 143718998, "side": "sell", "size": "7.73647700", "price": "0.73500000", "time": "2025-07-15T14:17:11.101893Z", "fetched_at": "2025-07-15T14:20:22.307108+00:00", "symbol": "ADA-USD"}, {"trade_id": 143718997, "side": "buy", "size": "3.84592215", "price": "0.73510000", "time": "2025-07-15T14:17:10.500960Z", "fetched_at": "2025-07-15T14:20:22.307108+00:00", "symbol": "ADA-USD"}, {"trade_id": 143718996, "side": "buy", "size": "13.51758606", "price": "0.73520000", "time": "2025-07-15T14:17:09.379432Z", "fetched_at": "2025-07-15T14:20:22.307108+00:00", "symbol": "ADA-USD"}, {"trade_id": 143718995, "side": "sell", "size": "2028.75895257", "price": "0.73520000", "time": "2025-07-15T14:17:08.029282Z", "fetched_at": "2025-07-15T14:20:22.307108+00:00", "symbol": "ADA-USD"}, {"trade_id": 143718994, "side": "sell", "size": "121.98116446", "price": "0.73520000", "time": "2025-07-15T14:17:08.011846Z", "fetched_at": "2025-07-15T14:20:22.307108+00:00", "symbol": "ADA-USD"}, {"trade_id": 143718993, "side": "sell", "size": "43.03314576", "price": "0.73520000", "time": "2025-07-15T14:17:08.001009Z", "fetched_at": "2025-07-15T14:20:22.307108+00:00", "symbol": "ADA-USD"}, {"trade_id": 143718992, "side": "sell", "size": "403.43573490", "price": "0.73520000", "time": "2025-07-15T14:17:07.987467Z", "fetched_at": "2025-07-15T14:20:22.307108+00:00", "symbol": "ADA-USD"}, {"trade_id": 143718991, "side": "sell", "size": "404.25930354", "price": "0.73520000", "time": "2025-07-15T14:17:07.977231Z", "fetched_at": "2025-07-15T14:20:22.307108+00:00", "symbol": "ADA-USD"}, {"trade_id": 143718990, "side": "sell", "size": "70.32565479", "price": "0.73520000", "time": "2025-07-15T14:17:07.966267Z", "fetched_at": "2025-07-15T14:20:22.307108+00:00", "symbol": "ADA-USD"}, {"trade_id": 143718989, "side": "sell", "size": "734.78946736", "price": "0.73520000", "time": "2025-07-15T14:17:07.955752Z", "fetched_at": "2025-07-15T14:20:22.307108+00:00", "symbol": "ADA-USD"}, {"trade_id": 143718988, "side": "buy", "size": "13.60174103", "price": "0.73520000", "time": "2025-07-15T14:17:06.117747Z", "fetched_at": "2025-07-15T14:20:22.307108+00:00", "symbol": "ADA-USD"}, {"trade_id": 143718987, "side": "sell", "size": "134.96043000", "price": "0.73520000", "time": "2025-07-15T14:17:05.944107Z", "fetched_at": "2025-07-15T14:20:22.307108+00:00", "symbol": "ADA-USD"}, {"trade_id": 143718986, "side": "sell", "size": "134.96043000", "price": "0.73520000", "time": "2025-07-15T14:17:05.858239Z", "fetched_at": "2025-07-15T14:20:22.307108+00:00", "symbol": "ADA-USD"}, {"trade_id": 143718985, "side": "sell", "size": "13.59525004", "price": "0.73520000", "time": "2025-07-15T14:17:05.858239Z", "fetched_at": "2025-07-15T14:20:22.307108+00:00", "symbol": "ADA-USD"}, {"trade_id": 143718984, "side": "sell", "size": "144.64139835", "price": "0.73520000", "time": "2025-07-15T14:17:05.858239Z", "fetched_at": "2025-07-15T14:20:22.307108+00:00", "symbol": "ADA-USD"}, {"trade_id": 143718983, "side": "sell", "size": "587.05078437", "price": "0.73520000", "time": "2025-07-15T14:17:05.842331Z", "fetched_at": "2025-07-15T14:20:22.307108+00:00", "symbol": "ADA-USD"}, {"trade_id": 143718982, "side": "sell", "size": "134.96043000", "price": "0.73520000", "time": "2025-07-15T14:17:05.842331Z", "fetched_at": "2025-07-15T14:20:22.307108+00:00", "symbol": "ADA-USD"}