[{"trade_id": 143730408, "side": "sell", "size": "0.00333518", "price": "0.71960000", "time": "2025-07-15T15:23:18.842628Z", "fetched_at": "2025-07-15T15:23:24.942665+00:00", "symbol": "ADA-USD"}, {"trade_id": 143730407, "side": "buy", "size": "184.01241340", "price": "0.71930000", "time": "2025-07-15T15:23:18.128857Z", "fetched_at": "2025-07-15T15:23:24.942665+00:00", "symbol": "ADA-USD"}, {"trade_id": 143730406, "side": "buy", "size": "15.79102460", "price": "0.71930000", "time": "2025-07-15T15:23:18.128857Z", "fetched_at": "2025-07-15T15:23:24.942665+00:00", "symbol": "ADA-USD"}, {"trade_id": 143730405, "side": "buy", "size": "1.60000000", "price": "0.71930000", "time": "2025-07-15T15:23:18.128857Z", "fetched_at": "2025-07-15T15:23:24.942665+00:00", "symbol": "ADA-USD"}, {"trade_id": 143730404, "side": "buy", "size": "291.55844000", "price": "0.71950000", "time": "2025-07-15T15:23:11.957657Z", "fetched_at": "2025-07-15T15:23:24.942665+00:00", "symbol": "ADA-USD"}, {"trade_id": 143730403, "side": "sell", "size": "871.23772517", "price": "0.71950000", "time": "2025-07-15T15:23:10.771642Z", "fetched_at": "2025-07-15T15:23:24.942665+00:00", "symbol": "ADA-USD"}, {"trade_id": 143730402, "side": "sell", "size": "1164.43408663", "price": "0.71950000", "time": "2025-07-15T15:23:10.771642Z", "fetched_at": "2025-07-15T15:23:24.942665+00:00", "symbol": "ADA-USD"}, {"trade_id": 143730401, "side": "sell", "size": "821.31160489", "price": "0.71950000", "time": "2025-07-15T15:23:10.771642Z", "fetched_at": "2025-07-15T15:23:24.942665+00:00", "symbol": "ADA-USD"}, {"trade_id": 143730400, "side": "sell", "size": "1.60000000", "price": "0.71950000", "time": "2025-07-15T15:23:10.771642Z", "fetched_at": "2025-07-15T15:23:24.942665+00:00", "symbol": "ADA-USD"}, {"trade_id": 143730399, "side": "sell", "size": "128.81255943", "price": "0.71940000", "time": "2025-07-15T15:23:10.771642Z", "fetched_at": "2025-07-15T15:23:24.942665+00:00", "symbol": "ADA-USD"}, {"trade_id": 143730398, "side": "sell", "size": "1.60000000", "price": "0.71940000", "time": "2025-07-15T15:23:10.771642Z", "fetched_at": "2025-07-15T15:23:24.942665+00:00", "symbol": "ADA-USD"}, {"trade_id": 143730397, "side": "sell", "size": "1.60000000", "price": "0.71930000", "time": "2025-07-15T15:23:08.805560Z", "fetched_at": "2025-07-15T15:23:24.942665+00:00", "symbol": "ADA-USD"}, {"trade_id": 143730396, "side": "sell", "size": "4.93851500", "price": "0.71930000", "time": "2025-07-15T15:23:07.013515Z", "fetched_at": "2025-07-15T15:23:24.942665+00:00", "symbol": "ADA-USD"}, {"trade_id": 143730395, "side": "sell", "size": "1.60000000", "price": "0.71920000", "time": "2025-07-15T15:23:07.013515Z", "fetched_at": "2025-07-15T15:23:24.942665+00:00", "symbol": "ADA-USD"}, {"trade_id": 143730394, "side": "sell", "size": "65.95300100", "price": "0.71920000", "time": "2025-07-15T15:23:02.793192Z", "fetched_at": "2025-07-15T15:23:24.942665+00:00", "symbol": "ADA-USD"}, {"trade_id": 143730393, "side": "sell", "size": "1.60000000", "price": "0.71910000", "time": "2025-07-15T15:23:02.793192Z", "fetched_at": "2025-07-15T15:23:24.942665+00:00", "symbol": "ADA-USD"}, {"trade_id": 143730392, "side": "sell", "size": "7.58993349", "price": "0.71900000", "time": "2025-07-15T15:23:02.068278Z", "fetched_at": "2025-07-15T15:23:24.942665+00:00", "symbol": "ADA-USD"}, {"trade_id": 143730391, "side": "sell", "size": "18.29672497", "price": "0.71900000", "time": "2025-07-15T15:23:00.730972Z", "fetched_at": "2025-07-15T15:23:24.942665+00:00", "symbol": "ADA-USD"}, {"trade_id": 143730390, "side": "sell", "size": "0.00006282", "price": "0.71890000", "time": "2025-07-15T15:23:00.545603Z", "fetched_at": "2025-07-15T15:23:24.942665+00:00", "symbol": "ADA-USD"}, {"trade_id": 143730389, "side": "sell", "size": "177.23590000", "price": "0.71890000", "time": "2025-07-15T15:23:00.540370Z", "fetched_at": "2025-07-15T15:23:24.942665+00:00", "symbol": "ADA-USD"}, {"trade_id": 143730388, "side": "buy", "size": "106.91944570", "price": "0.71880000", "time": "2025-07-15T15:22:57.793988Z", "fetched_at": "2025-07-15T15:23:24.942665+00:00", "symbol": "ADA-USD"}, {"trade_id": 143730387, "side": "buy", "size": "832.87473150", "price": "0.71880000", "time": "2025-07-15T15:22:57.780601Z", "fetched_at": "2025-07-15T15:23:24.942665+00:00", "symbol": "ADA-USD"}, {"trade_id": 143730386, "side": "buy", "size": "1.60000000", "price": "0.71890000", "time": "2025-07-15T15:22:57.728153Z", "fetched_at": "2025-07-15T15:23:24.942665+00:00", "symbol": "ADA-USD"}, {"trade_id": 143730385, "side": "buy", "size": "1.60000000", "price": "0.71900000", "time": "2025-07-15T15:22:56.752261Z", "fetched_at": "2025-07-15T15:23:24.942665+00:00", "symbol": "ADA-USD"}, {"trade_id": 143730384, "side": "buy", "size": "1.78804327", "price": "0.71910000", "time": "2025-07-15T15:22:56.734269Z", "fetched_at": "2025-07-15T15:23:24.942665+00:00", "symbol": "ADA-USD"}, {"trade_id": 143730383, "side": "buy", "size": "6.62000000", "price": "0.71910000", "time": "2025-07-15T15:22:56.734269Z", "fetched_at": "2025-07-15T15:23:24.942665+00:00", "symbol": "ADA-USD"}, {"trade_id": 143730382, "side": "buy", "size": "1.60000000", "price": "0.71910000", "time": "2025-07-15T15:22:56.734269Z", "fetched_at": "2025-07-15T15:23:24.942665+00:00", "symbol": "ADA-USD"}, {"trade_id": 143730381, "side": "buy", "size": "72.80722978", "price": "0.71910000", "time": "2025-07-15T15:22:56.734269Z", "fetched_at": "2025-07-15T15:23:24.942665+00:00", "symbol": "ADA-USD"}, {"trade_id": 143730380, "side": "buy", "size": "65.09676000", "price": "0.71910000", "time": "2025-07-15T15:22:56.733897Z", "fetched_at": "2025-07-15T15:23:24.942665+00:00", "symbol": "ADA-USD"}, {"trade_id": 143730379, "side": "sell", "size": "21.95430822", "price": "0.71930000", "time": "2025-07-15T15:22:54.082862Z", "fetched_at": "2025-07-15T15:23:24.942665+00:00", "symbol": "ADA-USD"}, {"trade_id": 143730378, "side": "sell", "size": "5.56480178", "price": "0.71920000", "time": "2025-07-15T15:22:54.082862Z", "fetched_at": "2025-07-15T15:23:24.942665+00:00", "symbol": "ADA-USD"}, {"trade_id": 143730377, "side": "buy", "size": "20.47945518", "price": "0.71940000", "time": "2025-07-15T15:22:51.764902Z", "fetched_at": "2025-07-15T15:23:24.942665+00:00", "symbol": "ADA-USD"}, {"trade_id": 143730376, "side": "sell", "size": "91.15951211", "price": "0.71950000", "time": "2025-07-15T15:22:41.957180Z", "fetched_at": "2025-07-15T15:23:24.942665+00:00", "symbol": "ADA-USD"}, {"trade_id": 143730375, "side": "sell", "size": "16.54530334", "price": "0.71950000", "time": "2025-07-15T15:22:41.957180Z", "fetched_at": "2025-07-15T15:23:24.942665+00:00", "symbol": "ADA-USD"}, {"trade_id": 143730374, "side": "sell", "size": "13.37103255", "price": "0.71950000", "time": "2025-07-15T15:22:41.957180Z", "fetched_at": "2025-07-15T15:23:24.942665+00:00", "symbol": "ADA-USD"}, {"trade_id": 143730373, "side": "sell", "size": "567.00000000", "price": "0.71940000", "time": "2025-07-15T15:22:41.957180Z", "fetched_at": "2025-07-15T15:23:24.942665+00:00", "symbol": "ADA-USD"}, {"trade_id": 143730372, "side": "sell", "size": "67.84260000", "price": "0.71950000", "time": "2025-07-15T15:22:37.364918Z", "fetched_at": "2025-07-15T15:23:24.942665+00:00", "symbol": "ADA-USD"}, {"trade_id": 143730371, "side": "sell", "size": "23.77072453", "price": "0.71950000", "time": "2025-07-15T15:22:34.889618Z", "fetched_at": "2025-07-15T15:23:24.942665+00:00", "symbol": "ADA-USD"}, {"trade_id": 143730370, "side": "sell", "size": "17.82804340", "price": "0.71930000", "time": "2025-07-15T15:22:32.495045Z", "fetched_at": "2025-07-15T15:23:24.942665+00:00", "symbol": "ADA-USD"}, {"trade_id": 143730369, "side": "buy", "size": "5.55033385", "price": "0.71920000", "time": "2025-07-15T15:22:32.432813Z", "fetched_at": "2025-07-15T15:23:24.942665+00:00", "symbol": "ADA-USD"}, {"trade_id": 143730368, "side": "buy", "size": "567.00000000", "price": "0.71920000", "time": "2025-07-15T15:22:32.432813Z", "fetched_at": "2025-07-15T15:23:24.942665+00:00", "symbol": "ADA-USD"}, {"trade_id": 143730367, "side": "buy", "size": "17.00966615", "price": "0.71920000", "time": "2025-07-15T15:22:32.432813Z", "fetched_at": "2025-07-15T15:23:24.942665+00:00", "symbol": "ADA-USD"}, {"trade_id": 143730366, "side": "buy", "size": "1.60000000", "price": "0.71920000", "time": "2025-07-15T15:22:32.432813Z", "fetched_at": "2025-07-15T15:23:24.942665+00:00", "symbol": "ADA-USD"}, {"trade_id": 143730365, "side": "buy", "size": "196.22531000", "price": "0.71950000", "time": "2025-07-15T15:22:31.199342Z", "fetched_at": "2025-07-15T15:23:24.942665+00:00", "symbol": "ADA-USD"}, {"trade_id": 143730364, "side": "sell", "size": "15.05427125", "price": "0.71950000", "time": "2025-07-15T15:22:30.232438Z", "fetched_at": "2025-07-15T15:23:24.942665+00:00", "symbol": "ADA-USD"}, {"trade_id": 143730363, "side": "sell", "size": "857.52004608", "price": "0.71950000", "time": "2025-07-15T15:22:30.232438Z", "fetched_at": "2025-07-15T15:23:24.942665+00:00", "symbol": "ADA-USD"}, {"trade_id": 143730362, "side": "buy", "size": "21.34622680", "price": "0.71950000", "time": "2025-07-15T15:22:27.691778Z", "fetched_at": "2025-07-15T15:23:24.942665+00:00", "symbol": "ADA-USD"}, {"trade_id": 143730361, "side": "sell", "size": "1.60000000", "price": "0.71970000", "time": "2025-07-15T15:22:25.676101Z", "fetched_at": "2025-07-15T15:23:24.942665+00:00", "symbol": "ADA-USD"}, {"trade_id": 143730360, "side": "sell", "size": "1.60000000", "price": "0.71960000", "time": "2025-07-15T15:22:25.502796Z", "fetched_at": "2025-07-15T15:23:24.942665+00:00", "symbol": "ADA-USD"}, {"trade_id": 143730359, "side": "buy", "size": "162.07630000", "price": "0.71940000", "time": "2025-07-15T15:22:24.402449Z", "fetched_at": "2025-07-15T15:23:24.942665+00:00", "symbol": "ADA-USD"}, {"trade_id": 143730358, "side": "buy", "size": "500.00000000", "price": "0.71940000", "time": "2025-07-15T15:22:24.402449Z", "fetched_at": "2025-07-15T15:23:24.942665+00:00", "symbol": "ADA-USD"}, {"trade_id": 143730357, "side": "buy", "size": "83.42071600", "price": "0.71950000", "time": "2025-07-15T15:22:24.104228Z", "fetched_at": "2025-07-15T15:23:24.942665+00:00", "symbol": "ADA-USD"}, {"trade_id": 143730356, "side": "sell", "size": "6.73747869", "price": "0.71950000", "time": "2025-07-15T15:22:22.544072Z", "fetched_at": "2025-07-15T15:23:24.942665+00:00", "symbol": "ADA-USD"}, {"trade_id": 143730355, "side": "sell", "size": "1.60000000", "price": "0.71950000", "time": "2025-07-15T15:22:22.544072Z", "fetched_at": "2025-07-15T15:23:24.942665+00:00", "symbol": "ADA-USD"}, {"trade_id": 143730354, "side": "sell", "size": "16.47247428", "price": "0.71940000", "time": "2025-07-15T15:22:19.301950Z", "fetched_at": "2025-07-15T15:23:24.942665+00:00", "symbol": "ADA-USD"}, {"trade_id": 143730353, "side": "buy", "size": "4.64543439", "price": "0.71930000", "time": "2025-07-15T15:22:16.583868Z", "fetched_at": "2025-07-15T15:23:24.942665+00:00", "symbol": "ADA-USD"}, {"trade_id": 143730352, "side": "buy", "size": "1.60000000", "price": "0.71930000", "time": "2025-07-15T15:22:16.583868Z", "fetched_at": "2025-07-15T15:23:24.942665+00:00", "symbol": "ADA-USD"}, {"trade_id": 143730351, "side": "buy", "size": "1230.72362322", "price": "0.71930000", "time": "2025-07-15T15:22:16.575320Z", "fetched_at": "2025-07-15T15:23:24.942665+00:00", "symbol": "ADA-USD"}, {"trade_id": 143730350, "side": "buy", "size": "991.77861591", "price": "0.71930000", "time": "2025-07-15T15:22:16.573102Z", "fetched_at": "2025-07-15T15:23:24.942665+00:00", "symbol": "ADA-USD"}, {"trade_id": 143730349, "side": "buy", "size": "18.16820509", "price": "0.71950000", "time": "2025-07-15T15:22:16.302138Z", "fetched_at": "2025-07-15T15:23:24.942665+00:00", "symbol": "ADA-USD"}, {"trade_id": 143730348, "side": "buy", "size": "95.74320000", "price": "0.71950000", "time": "2025-07-15T15:22:14.297721Z", "fetched_at": "2025-07-15T15:23:24.942665+00:00", "symbol": "ADA-USD"}, {"trade_id": 143730347, "side": "buy", "size": "567.00000000", "price": "0.71950000", "time": "2025-07-15T15:22:14.297721Z", "fetched_at": "2025-07-15T15:23:24.942665+00:00", "symbol": "ADA-USD"}, {"trade_id": 143730346, "side": "sell", "size": "5.46203039", "price": "0.71960000", "time": "2025-07-15T15:22:14.176421Z", "fetched_at": "2025-07-15T15:23:24.942665+00:00", "symbol": "ADA-USD"}, {"trade_id": 143730345, "side": "sell", "size": "13.42489600", "price": "0.71960000", "time": "2025-07-15T15:22:13.582170Z", "fetched_at": "2025-07-15T15:23:24.942665+00:00", "symbol": "ADA-USD"}, {"trade_id": 143730344, "side": "buy", "size": "20.11062636", "price": "0.71960000", "time": "2025-07-15T15:22:12.044031Z", "fetched_at": "2025-07-15T15:23:24.942665+00:00", "symbol": "ADA-USD"}, {"trade_id": 143730343, "side": "buy", "size": "500.00000000", "price": "0.71970000", "time": "2025-07-15T15:22:11.323183Z", "fetched_at": "2025-07-15T15:23:24.942665+00:00", "symbol": "ADA-USD"}, {"trade_id": 143730342, "side": "sell", "size": "1.60000000", "price": "0.71970000", "time": "2025-07-15T15:22:09.017538Z", "fetched_at": "2025-07-15T15:23:24.942665+00:00", "symbol": "ADA-USD"}, {"trade_id": 143730341, "side": "sell", "size": "18.60692980", "price": "0.71970000", "time": "2025-07-15T15:22:09.017538Z", "fetched_at": "2025-07-15T15:23:24.942665+00:00", "symbol": "ADA-USD"}, {"trade_id": 143730340, "side": "sell", "size": "14.45379598", "price": "0.71960000", "time": "2025-07-15T15:22:08.941696Z", "fetched_at": "2025-07-15T15:23:24.942665+00:00", "symbol": "ADA-USD"}, {"trade_id": 143730339, "side": "sell", "size": "1.60000000", "price": "0.71960000", "time": "2025-07-15T15:22:08.941696Z", "fetched_at": "2025-07-15T15:23:24.942665+00:00", "symbol": "ADA-USD"}, {"trade_id": 143730338, "side": "sell", "size": "14.83941393", "price": "0.71950000", "time": "2025-07-15T15:22:08.683669Z", "fetched_at": "2025-07-15T15:23:24.942665+00:00", "symbol": "ADA-USD"}, {"trade_id": 143730337, "side": "sell", "size": "21.84822793", "price": "0.71950000", "time": "2025-07-15T15:22:08.427299Z", "fetched_at": "2025-07-15T15:23:24.942665+00:00", "symbol": "ADA-USD"}, {"trade_id": 143730336, "side": "sell", "size": "1.60000000", "price": "0.71950000", "time": "2025-07-15T15:22:08.427299Z", "fetched_at": "2025-07-15T15:23:24.942665+00:00", "symbol": "ADA-USD"}, {"trade_id": 143730335, "side": "sell", "size": "10.37815211", "price": "0.71940000", "time": "2025-07-15T15:22:07.154285Z", "fetched_at": "2025-07-15T15:23:24.942665+00:00", "symbol": "ADA-USD"}, {"trade_id": 143730334, "side": "sell", "size": "1.60000000", "price": "0.71940000", "time": "2025-07-15T15:22:07.154285Z", "fetched_at": "2025-07-15T15:23:24.942665+00:00", "symbol": "ADA-USD"}, {"trade_id": 143730333, "side": "sell", "size": "5.37467159", "price": "0.71930000", "time": "2025-07-15T15:22:03.351312Z", "fetched_at": "2025-07-15T15:23:24.942665+00:00", "symbol": "ADA-USD"}, {"trade_id": 143730332, "side": "sell", "size": "20.05411841", "price": "0.71930000", "time": "2025-07-15T15:22:03.351312Z", "fetched_at": "2025-07-15T15:23:24.942665+00:00", "symbol": "ADA-USD"}, {"trade_id": 143730331, "side": "sell", "size": "1.60000000", "price": "0.71930000", "time": "2025-07-15T15:22:03.351312Z", "fetched_at": "2025-07-15T15:23:24.942665+00:00", "symbol": "ADA-USD"}, {"trade_id": 143730330, "side": "sell", "size": "24.88079763", "price": "0.71920000", "time": "2025-07-15T15:22:03.126230Z", "fetched_at": "2025-07-15T15:23:24.942665+00:00", "symbol": "ADA-USD"}, {"trade_id": 143730329, "side": "sell", "size": "7.30393337", "price": "0.71920000", "time": "2025-07-15T15:22:03.126230Z", "fetched_at": "2025-07-15T15:23:24.942665+00:00", "symbol": "ADA-USD"}, {"trade_id": 143730328, "side": "sell", "size": "1.60000000", "price": "0.71920000", "time": "2025-07-15T15:22:03.126230Z", "fetched_at": "2025-07-15T15:23:24.942665+00:00", "symbol": "ADA-USD"}, {"trade_id": 143730327, "side": "sell", "size": "15.61153059", "price": "0.71910000", "time": "2025-07-15T15:22:02.807762Z", "fetched_at": "2025-07-15T15:23:24.942665+00:00", "symbol": "ADA-USD"}, {"trade_id": 143730326, "side": "sell", "size": "713.89798400", "price": "0.71900000", "time": "2025-07-15T15:22:02.346557Z", "fetched_at": "2025-07-15T15:23:24.942665+00:00", "symbol": "ADA-USD"}, {"trade_id": 143730325, "side": "sell", "size": "4.71697563", "price": "0.71900000", "time": "2025-07-15T15:22:02.346557Z", "fetched_at": "2025-07-15T15:23:24.942665+00:00", "symbol": "ADA-USD"}, {"trade_id": 143730324, "side": "buy", "size": "2578.63670027", "price": "0.71880000", "time": "2025-07-15T15:22:02.203837Z", "fetched_at": "2025-07-15T15:23:24.942665+00:00", "symbol": "ADA-USD"}, {"trade_id": 143730323, "side": "buy", "size": "1695.36051000", "price": "0.71880000", "time": "2025-07-15T15:22:02.203837Z", "fetched_at": "2025-07-15T15:23:24.942665+00:00", "symbol": "ADA-USD"}, {"trade_id": 143730322, "side": "buy", "size": "819.76751373", "price": "0.71880000", "time": "2025-07-15T15:22:02.203837Z", "fetched_at": "2025-07-15T15:23:24.942665+00:00", "symbol": "ADA-USD"}, {"trade_id": 143730321, "side": "buy", "size": "567.00000000", "price": "0.71880000", "time": "2025-07-15T15:22:02.203837Z", "fetched_at": "2025-07-15T15:23:24.942665+00:00", "symbol": "ADA-USD"}, {"trade_id": 143730320, "side": "buy", "size": "22.83408620", "price": "0.71890000", "time": "2025-07-15T15:22:02.203837Z", "fetched_at": "2025-07-15T15:23:24.942665+00:00", "symbol": "ADA-USD"}, {"trade_id": 143730319, "side": "buy", "size": "596.53340153", "price": "0.71890000", "time": "2025-07-15T15:22:02.203837Z", "fetched_at": "2025-07-15T15:23:24.942665+00:00", "symbol": "ADA-USD"}, {"trade_id": 143730318, "side": "buy", "size": "744.47910327", "price": "0.71900000", "time": "2025-07-15T15:22:02.203837Z", "fetched_at": "2025-07-15T15:23:24.942665+00:00", "symbol": "ADA-USD"}, {"trade_id": 143730317, "side": "buy", "size": "663.65810000", "price": "0.71900000", "time": "2025-07-15T15:21:59.585717Z", "fetched_at": "2025-07-15T15:23:24.942665+00:00", "symbol": "ADA-USD"}, {"trade_id": 143730316, "side": "buy", "size": "0.08924500", "price": "0.71900000", "time": "2025-07-15T15:21:57.279734Z", "fetched_at": "2025-07-15T15:23:24.942665+00:00", "symbol": "ADA-USD"}, {"trade_id": 143730315, "side": "sell", "size": "31.69429938", "price": "0.71910000", "time": "2025-07-15T15:21:55.959254Z", "fetched_at": "2025-07-15T15:23:24.942665+00:00", "symbol": "ADA-USD"}, {"trade_id": 143730314, "side": "sell", "size": "1.60000000", "price": "0.71910000", "time": "2025-07-15T15:21:49.790493Z", "fetched_at": "2025-07-15T15:23:24.942665+00:00", "symbol": "ADA-USD"}, {"trade_id": 143730313, "side": "sell", "size": "1.60000000", "price": "0.71900000", "time": "2025-07-15T15:21:49.006064Z", "fetched_at": "2025-07-15T15:23:24.942665+00:00", "symbol": "ADA-USD"}, {"trade_id": 143730312, "side": "sell", "size": "42.25906584", "price": "0.71900000", "time": "2025-07-15T15:21:49.006064Z", "fetched_at": "2025-07-15T15:23:24.942665+00:00", "symbol": "ADA-USD"}, {"trade_id": 143730311, "side": "sell", "size": "11.91650918", "price": "0.71890000", "time": "2025-07-15T15:21:48.641844Z", "fetched_at": "2025-07-15T15:23:24.942665+00:00", "symbol": "ADA-USD"}, {"trade_id": 143730310, "side": "buy", "size": "786.73938528", "price": "0.71890000", "time": "2025-07-15T15:21:44.045763Z", "fetched_at": "2025-07-15T15:23:24.942665+00:00", "symbol": "ADA-USD"}, {"trade_id": 143730309, "side": "buy", "size": "67.84260000", "price": "0.71890000", "time": "2025-07-15T15:21:43.019436Z", "fetched_at": "2025-07-15T15:23:24.942665+00:00", "symbol": "ADA-USD"}, {"trade_id": 143730308, "side": "sell", "size": "67.84260000", "price": "0.71890000", "time": "2025-07-15T15:21:42.991553Z", "fetched_at": "2025-07-15T15:23:24.942665+00:00", "symbol": "ADA-USD"}, {"trade_id": 143730307, "side": "sell", "size": "13.91501381", "price": "0.71880000", "time": "2025-07-15T15:21:42.991478Z", "fetched_at": "2025-07-15T15:23:24.942665+00:00", "symbol": "ADA-USD"}, {"trade_id": 143730306, "side": "buy", "size": "1502.62894119", "price": "0.71850000", "time": "2025-07-15T15:21:38.182530Z", "fetched_at": "2025-07-15T15:23:24.942665+00:00", "symbol": "ADA-USD"}, {"trade_id": 143730305, "side": "buy", "size": "694.73170863", "price": "0.71850000", "time": "2025-07-15T15:21:38.182530Z", "fetched_at": "2025-07-15T15:23:24.942665+00:00", "symbol": "ADA-USD"}, {"trade_id": 143730304, "side": "buy", "size": "500.00000000", "price": "0.71850000", "time": "2025-07-15T15:21:38.182530Z", "fetched_at": "2025-07-15T15:23:24.942665+00:00", "symbol": "ADA-USD"}, {"trade_id": 143730303, "side": "buy", "size": "1.60000000", "price": "0.71850000", "time": "2025-07-15T15:21:38.182530Z", "fetched_at": "2025-07-15T15:23:24.942665+00:00", "symbol": "ADA-USD"}, {"trade_id": 143730302, "side": "buy", "size": "567.00000000", "price": "0.71850000", "time": "2025-07-15T15:21:38.182530Z", "fetched_at": "2025-07-15T15:23:24.942665+00:00", "symbol": "ADA-USD"}, {"trade_id": 143730301, "side": "buy", "size": "1695.83232000", "price": "0.71860000", "time": "2025-07-15T15:21:38.182530Z", "fetched_at": "2025-07-15T15:23:24.942665+00:00", "symbol": "ADA-USD"}, {"trade_id": 143730300, "side": "buy", "size": "567.00000000", "price": "0.71860000", "time": "2025-07-15T15:21:38.182530Z", "fetched_at": "2025-07-15T15:23:24.942665+00:00", "symbol": "ADA-USD"}, {"trade_id": 143730299, "side": "buy", "size": "634.19022169", "price": "0.71860000", "time": "2025-07-15T15:21:38.182530Z", "fetched_at": "2025-07-15T15:23:24.942665+00:00", "symbol": "ADA-USD"}, {"trade_id": 143730298, "side": "buy", "size": "1.60000000", "price": "0.71860000", "time": "2025-07-15T15:21:38.182530Z", "fetched_at": "2025-07-15T15:23:24.942665+00:00", "symbol": "ADA-USD"}, {"trade_id": 143730297, "side": "buy", "size": "654.09450849", "price": "0.71870000", "time": "2025-07-15T15:21:38.182530Z", "fetched_at": "2025-07-15T15:23:24.942665+00:00", "symbol": "ADA-USD"}, {"trade_id": 143730296, "side": "buy", "size": "1.88929133", "price": "0.71860000", "time": "2025-07-15T15:21:30.928436Z", "fetched_at": "2025-07-15T15:23:24.942665+00:00", "symbol": "ADA-USD"}, {"trade_id": 143730295, "side": "buy", "size": "1.60000000", "price": "0.71860000", "time": "2025-07-15T15:21:30.928436Z", "fetched_at": "2025-07-15T15:23:24.942665+00:00", "symbol": "ADA-USD"}, {"trade_id": 143730294, "side": "buy", "size": "13.91401141", "price": "0.71870000", "time": "2025-07-15T15:21:30.645775Z", "fetched_at": "2025-07-15T15:23:24.942665+00:00", "symbol": "ADA-USD"}, {"trade_id": 143730293, "side": "buy", "size": "567.00000000", "price": "0.71870000", "time": "2025-07-15T15:21:30.610943Z", "fetched_at": "2025-07-15T15:23:24.942665+00:00", "symbol": "ADA-USD"}, {"trade_id": 143730292, "side": "buy", "size": "5.68573718", "price": "0.71870000", "time": "2025-07-15T15:21:30.610943Z", "fetched_at": "2025-07-15T15:23:24.942665+00:00", "symbol": "ADA-USD"}, {"trade_id": 143730291, "side": "buy", "size": "13.91207569", "price": "0.71880000", "time": "2025-07-15T15:21:30.609562Z", "fetched_at": "2025-07-15T15:23:24.942665+00:00", "symbol": "ADA-USD"}, {"trade_id": 143730290, "side": "buy", "size": "25.74512236", "price": "0.71870000", "time": "2025-07-15T15:21:21.370166Z", "fetched_at": "2025-07-15T15:23:24.942665+00:00", "symbol": "ADA-USD"}, {"trade_id": 143730289, "side": "buy", "size": "620.78346764", "price": "0.71880000", "time": "2025-07-15T15:21:21.370166Z", "fetched_at": "2025-07-15T15:23:24.942665+00:00", "symbol": "ADA-USD"}, {"trade_id": 143730288, "side": "buy", "size": "3329.94840342", "price": "0.71900000", "time": "2025-07-15T15:21:20.171518Z", "fetched_at": "2025-07-15T15:23:24.942665+00:00", "symbol": "ADA-USD"}, {"trade_id": 143730287, "side": "buy", "size": "3378.70599094", "price": "0.71900000", "time": "2025-07-15T15:21:20.171498Z", "fetched_at": "2025-07-15T15:23:24.942665+00:00", "symbol": "ADA-USD"}, {"trade_id": 143730286, "side": "sell", "size": "2154.59658000", "price": "0.71900000", "time": "2025-07-15T15:21:20.041747Z", "fetched_at": "2025-07-15T15:23:24.942665+00:00", "symbol": "ADA-USD"}, {"trade_id": 143730285, "side": "sell", "size": "800.00000000", "price": "0.71900000", "time": "2025-07-15T15:21:20.041747Z", "fetched_at": "2025-07-15T15:23:24.942665+00:00", "symbol": "ADA-USD"}, {"trade_id": 143730284, "side": "sell", "size": "1696.06822000", "price": "0.71900000", "time": "2025-07-15T15:21:20.041747Z", "fetched_at": "2025-07-15T15:23:24.942665+00:00", "symbol": "ADA-USD"}, {"trade_id": 143730283, "side": "sell", "size": "613.58739927", "price": "0.71900000", "time": "2025-07-15T15:21:20.041747Z", "fetched_at": "2025-07-15T15:23:24.942665+00:00", "symbol": "ADA-USD"}, {"trade_id": 143730282, "side": "sell", "size": "5225.10000000", "price": "0.71900000", "time": "2025-07-15T15:21:20.041747Z", "fetched_at": "2025-07-15T15:23:24.942665+00:00", "symbol": "ADA-USD"}, {"trade_id": 143730281, "side": "sell", "size": "200.00000000", "price": "0.71900000", "time": "2025-07-15T15:21:20.041747Z", "fetched_at": "2025-07-15T15:23:24.942665+00:00", "symbol": "ADA-USD"}, {"trade_id": 143730280, "side": "sell", "size": "1.60000000", "price": "0.71900000", "time": "2025-07-15T15:21:20.041747Z", "fetched_at": "2025-07-15T15:23:24.942665+00:00", "symbol": "ADA-USD"}, {"trade_id": 143730279, "side": "sell", "size": "567.00000000", "price": "0.71900000", "time": "2025-07-15T15:21:20.041747Z", "fetched_at": "2025-07-15T15:23:24.942665+00:00", "symbol": "ADA-USD"}, {"trade_id": 143730278, "side": "sell", "size": "495.58308021", "price": "0.71890000", "time": "2025-07-15T15:21:20.041747Z", "fetched_at": "2025-07-15T15:23:24.942665+00:00", "symbol": "ADA-USD"}, {"trade_id": 143730277, "side": "sell", "size": "703.10605308", "price": "0.71890000", "time": "2025-07-15T15:21:20.041747Z", "fetched_at": "2025-07-15T15:23:24.942665+00:00", "symbol": "ADA-USD"}, {"trade_id": 143730276, "side": "sell", "size": "775.29352435", "price": "0.71890000", "time": "2025-07-15T15:21:20.041747Z", "fetched_at": "2025-07-15T15:23:24.942665+00:00", "symbol": "ADA-USD"}, {"trade_id": 143730275, "side": "sell", "size": "56.34542112", "price": "0.71890000", "time": "2025-07-15T15:21:20.041747Z", "fetched_at": "2025-07-15T15:23:24.942665+00:00", "symbol": "ADA-USD"}, {"trade_id": 143730274, "side": "sell", "size": "3.06532761", "price": "0.71880000", "time": "2025-07-15T15:21:20.041747Z", "fetched_at": "2025-07-15T15:23:24.942665+00:00", "symbol": "ADA-USD"}, {"trade_id": 143730273, "side": "buy", "size": "356.10960000", "price": "0.71870000", "time": "2025-07-15T15:21:18.948932Z", "fetched_at": "2025-07-15T15:23:24.942665+00:00", "symbol": "ADA-USD"}, {"trade_id": 143730272, "side": "sell", "size": "1143.07941473", "price": "0.71890000", "time": "2025-07-15T15:21:18.695012Z", "fetched_at": "2025-07-15T15:23:24.942665+00:00", "symbol": "ADA-USD"}, {"trade_id": 143730271, "side": "sell", "size": "695.53727832", "price": "0.71890000", "time": "2025-07-15T15:21:18.695012Z", "fetched_at": "2025-07-15T15:23:24.942665+00:00", "symbol": "ADA-USD"}, {"trade_id": 143730270, "side": "sell", "size": "651.26472756", "price": "0.71890000", "time": "2025-07-15T15:21:18.695012Z", "fetched_at": "2025-07-15T15:23:24.942665+00:00", "symbol": "ADA-USD"}, {"trade_id": 143730269, "side": "sell", "size": "1.60000000", "price": "0.71890000", "time": "2025-07-15T15:21:18.695012Z", "fetched_at": "2025-07-15T15:23:24.942665+00:00", "symbol": "ADA-USD"}, {"trade_id": 143730268, "side": "sell", "size": "11.11476046", "price": "0.71880000", "time": "2025-07-15T15:21:18.695012Z", "fetched_at": "2025-07-15T15:23:24.942665+00:00", "symbol": "ADA-USD"}, {"trade_id": 143730267, "side": "sell", "size": "573.49670293", "price": "0.71880000", "time": "2025-07-15T15:21:18.695012Z", "fetched_at": "2025-07-15T15:23:24.942665+00:00", "symbol": "ADA-USD"}, {"trade_id": 143730266, "side": "sell", "size": "1.60000000", "price": "0.71880000", "time": "2025-07-15T15:21:18.695012Z", "fetched_at": "2025-07-15T15:23:24.942665+00:00", "symbol": "ADA-USD"}, {"trade_id": 143730265, "side": "buy", "size": "575.35755000", "price": "0.71870000", "time": "2025-07-15T15:21:18.691607Z", "fetched_at": "2025-07-15T15:23:24.942665+00:00", "symbol": "ADA-USD"}, {"trade_id": 143730264, "side": "buy", "size": "122.52657859", "price": "0.71860000", "time": "2025-07-15T15:21:15.958837Z", "fetched_at": "2025-07-15T15:23:24.942665+00:00", "symbol": "ADA-USD"}, {"trade_id": 143730263, "side": "buy", "size": "567.00000000", "price": "0.71860000", "time": "2025-07-15T15:21:15.958837Z", "fetched_at": "2025-07-15T15:23:24.942665+00:00", "symbol": "ADA-USD"}, {"trade_id": 143730262, "side": "buy", "size": "13.91401141", "price": "0.71870000", "time": "2025-07-15T15:21:15.958837Z", "fetched_at": "2025-07-15T15:23:24.942665+00:00", "symbol": "ADA-USD"}, {"trade_id": 143730261, "side": "sell", "size": "4.61334462", "price": "0.71870000", "time": "2025-07-15T15:21:14.757065Z", "fetched_at": "2025-07-15T15:23:24.942665+00:00", "symbol": "ADA-USD"}, {"trade_id": 143730260, "side": "sell", "size": "1.60000000", "price": "0.71870000", "time": "2025-07-15T15:21:14.757065Z", "fetched_at": "2025-07-15T15:23:24.942665+00:00", "symbol": "ADA-USD"}, {"trade_id": 143730259, "side": "sell", "size": "1.60000000", "price": "0.71860000", "time": "2025-07-15T15:21:12.644304Z", "fetched_at": "2025-07-15T15:23:24.942665+00:00", "symbol": "ADA-USD"}, {"trade_id": 143730258, "side": "sell", "size": "1.60000000", "price": "0.71850000", "time": "2025-07-15T15:21:06.299050Z", "fetched_at": "2025-07-15T15:23:24.942665+00:00", "symbol": "ADA-USD"}, {"trade_id": 143730257, "side": "sell", "size": "1193.00470586", "price": "0.71840000", "time": "2025-07-15T15:21:05.880325Z", "fetched_at": "2025-07-15T15:23:24.942665+00:00", "symbol": "ADA-USD"}, {"trade_id": 143730256, "side": "sell", "size": "3619.34521057", "price": "0.71840000", "time": "2025-07-15T15:21:05.877885Z", "fetched_at": "2025-07-15T15:23:24.942665+00:00", "symbol": "ADA-USD"}, {"trade_id": 143730255, "side": "sell", "size": "720.95347451", "price": "0.71840000", "time": "2025-07-15T15:21:05.877885Z", "fetched_at": "2025-07-15T15:23:24.942665+00:00", "symbol": "ADA-USD"}, {"trade_id": 143730254, "side": "sell", "size": "716.22690305", "price": "0.71840000", "time": "2025-07-15T15:21:05.877885Z", "fetched_at": "2025-07-15T15:23:24.942665+00:00", "symbol": "ADA-USD"}, {"trade_id": 143730253, "side": "sell", "size": "1.60000000", "price": "0.71840000", "time": "2025-07-15T15:21:05.877885Z", "fetched_at": "2025-07-15T15:23:24.942665+00:00", "symbol": "ADA-USD"}, {"trade_id": 143730252, "side": "sell", "size": "0.14226600", "price": "0.71830000", "time": "2025-07-15T15:21:05.877885Z", "fetched_at": "2025-07-15T15:23:24.942665+00:00", "symbol": "ADA-USD"}, {"trade_id": 143730251, "side": "sell", "size": "1.45773400", "price": "0.71830000", "time": "2025-07-15T15:21:05.581742Z", "fetched_at": "2025-07-15T15:23:24.942665+00:00", "symbol": "ADA-USD"}, {"trade_id": 143730250, "side": "sell", "size": "11.44939232", "price": "0.71820000", "time": "2025-07-15T15:21:05.404861Z", "fetched_at": "2025-07-15T15:23:24.942665+00:00", "symbol": "ADA-USD"}, {"trade_id": 143730249, "side": "sell", "size": "1.60000000", "price": "0.71820000", "time": "2025-07-15T15:21:05.404861Z", "fetched_at": "2025-07-15T15:23:24.942665+00:00", "symbol": "ADA-USD"}, {"trade_id": 143730248, "side": "sell", "size": "6.54761900", "price": "0.71810000", "time": "2025-07-15T15:21:04.854251Z", "fetched_at": "2025-07-15T15:23:24.942665+00:00", "symbol": "ADA-USD"}, {"trade_id": 143730247, "side": "buy", "size": "2.44914795", "price": "0.71800000", "time": "2025-07-15T15:21:04.083014Z", "fetched_at": "2025-07-15T15:23:24.942665+00:00", "symbol": "ADA-USD"}, {"trade_id": 143730246, "side": "buy", "size": "326.01841260", "price": "0.71800000", "time": "2025-07-15T15:21:02.633980Z", "fetched_at": "2025-07-15T15:23:24.942665+00:00", "symbol": "ADA-USD"}, {"trade_id": 143730245, "side": "buy", "size": "5199.50000000", "price": "0.71800000", "time": "2025-07-15T15:21:02.633980Z", "fetched_at": "2025-07-15T15:23:24.942665+00:00", "symbol": "ADA-USD"}, {"trade_id": 143730244, "side": "buy", "size": "1697.95840000", "price": "0.71800000", "time": "2025-07-15T15:21:02.633980Z", "fetched_at": "2025-07-15T15:23:24.942665+00:00", "symbol": "ADA-USD"}, {"trade_id": 143730243, "side": "buy", "size": "595.79772314", "price": "0.71810000", "time": "2025-07-15T15:21:02.629634Z", "fetched_at": "2025-07-15T15:23:24.942665+00:00", "symbol": "ADA-USD"}, {"trade_id": 143730242, "side": "buy", "size": "58.20610516", "price": "0.71810000", "time": "2025-07-15T15:21:02.629634Z", "fetched_at": "2025-07-15T15:23:24.942665+00:00", "symbol": "ADA-USD"}, {"trade_id": 143730241, "side": "buy", "size": "9.41037248", "price": "0.71820000", "time": "2025-07-15T15:21:02.625881Z", "fetched_at": "2025-07-15T15:23:24.942665+00:00", "symbol": "ADA-USD"}, {"trade_id": 143730240, "side": "sell", "size": "13.93058023", "price": "0.71810000", "time": "2025-07-15T15:21:01.579746Z", "fetched_at": "2025-07-15T15:23:24.942665+00:00", "symbol": "ADA-USD"}, {"trade_id": 143730239, "side": "sell", "size": "33.82706800", "price": "0.71790000", "time": "2025-07-15T15:21:00.100748Z", "fetched_at": "2025-07-15T15:23:24.942665+00:00", "symbol": "ADA-USD"}, {"trade_id": 143730238, "side": "buy", "size": "1.60000000", "price": "0.71790000", "time": "2025-07-15T15:20:58.232617Z", "fetched_at": "2025-07-15T15:23:24.942665+00:00", "symbol": "ADA-USD"}, {"trade_id": 143730237, "side": "buy", "size": "1.60000000", "price": "0.71800000", "time": "2025-07-15T15:20:58.223914Z", "fetched_at": "2025-07-15T15:23:24.942665+00:00", "symbol": "ADA-USD"}, {"trade_id": 143730236, "side": "sell", "size": "27.57276100", "price": "0.71810000", "time": "2025-07-15T15:20:57.962852Z", "fetched_at": "2025-07-15T15:23:24.942665+00:00", "symbol": "ADA-USD"}, {"trade_id": 143730235, "side": "buy", "size": "3722.64298183", "price": "0.71800000", "time": "2025-07-15T15:20:57.821989Z", "fetched_at": "2025-07-15T15:23:24.942665+00:00", "symbol": "ADA-USD"}, {"trade_id": 143730234, "side": "buy", "size": "1.64188775", "price": "0.71810000", "time": "2025-07-15T15:20:57.821989Z", "fetched_at": "2025-07-15T15:23:24.942665+00:00", "symbol": "ADA-USD"}, {"trade_id": 143730233, "side": "sell", "size": "34.46595200", "price": "0.71820000", "time": "2025-07-15T15:20:57.580421Z", "fetched_at": "2025-07-15T15:23:24.942665+00:00", "symbol": "ADA-USD"}, {"trade_id": 143730232, "side": "sell", "size": "6.89319000", "price": "0.71820000", "time": "2025-07-15T15:20:56.496310Z", "fetched_at": "2025-07-15T15:23:24.942665+00:00", "symbol": "ADA-USD"}, {"trade_id": 143730231, "side": "buy", "size": "2.49125064", "price": "0.71810000", "time": "2025-07-15T15:20:56.170312Z", "fetched_at": "2025-07-15T15:23:24.942665+00:00", "symbol": "ADA-USD"}, {"trade_id": 143730230, "side": "buy", "size": "249.16593936", "price": "0.71810000", "time": "2025-07-15T15:20:56.170312Z", "fetched_at": "2025-07-15T15:23:24.942665+00:00", "symbol": "ADA-USD"}, {"trade_id": 143730229, "side": "buy", "size": "278.86354500", "price": "0.71810000", "time": "2025-07-15T15:20:56.100351Z", "fetched_at": "2025-07-15T15:23:24.942665+00:00", "symbol": "ADA-USD"}, {"trade_id": 143730228, "side": "buy", "size": "1.60000000", "price": "0.71810000", "time": "2025-07-15T15:20:56.100351Z", "fetched_at": "2025-07-15T15:23:24.942665+00:00", "symbol": "ADA-USD"}, {"trade_id": 143730227, "side": "buy", "size": "76.30975019", "price": "0.71820000", "time": "2025-07-15T15:20:52.859723Z", "fetched_at": "2025-07-15T15:23:24.942665+00:00", "symbol": "ADA-USD"}, {"trade_id": 143730226, "side": "buy", "size": "4.95723881", "price": "0.71830000", "time": "2025-07-15T15:20:52.859723Z", "fetched_at": "2025-07-15T15:23:24.942665+00:00", "symbol": "ADA-USD"}, {"trade_id": 143730225, "side": "sell", "size": "13.92682200", "price": "0.71820000", "time": "2025-07-15T15:20:50.888268Z", "fetched_at": "2025-07-15T15:23:24.942665+00:00", "symbol": "ADA-USD"}, {"trade_id": 143730224, "side": "buy", "size": "1.68803726", "price": "0.71800000", "time": "2025-07-15T15:20:50.007952Z", "fetched_at": "2025-07-15T15:23:24.942665+00:00", "symbol": "ADA-USD"}, {"trade_id": 143730223, "side": "buy", "size": "0.00000060", "price": "0.71800000", "time": "2025-07-15T15:20:50.007952Z", "fetched_at": "2025-07-15T15:23:24.942665+00:00", "symbol": "ADA-USD"}, {"trade_id": 143730222, "side": "buy", "size": "191.10458000", "price": "0.71800000", "time": "2025-07-15T15:20:47.404485Z", "fetched_at": "2025-07-15T15:23:24.942665+00:00", "symbol": "ADA-USD"}, {"trade_id": 143730221, "side": "buy", "size": "1.64143443", "price": "0.71810000", "time": "2025-07-15T15:20:45.427511Z", "fetched_at": "2025-07-15T15:23:24.942665+00:00", "symbol": "ADA-USD"}, {"trade_id": 143730220, "side": "buy", "size": "6.09226298", "price": "0.71800000", "time": "2025-07-15T15:20:45.185589Z", "fetched_at": "2025-07-15T15:23:24.942665+00:00", "symbol": "ADA-USD"}, {"trade_id": 143730219, "side": "buy", "size": "1.60000000", "price": "0.71800000", "time": "2025-07-15T15:20:45.185589Z", "fetched_at": "2025-07-15T15:23:24.942665+00:00", "symbol": "ADA-USD"}, {"trade_id": 143730218, "side": "buy", "size": "1.57855302", "price": "0.71810000", "time": "2025-07-15T15:20:45.185589Z", "fetched_at": "2025-07-15T15:23:24.942665+00:00", "symbol": "ADA-USD"}, {"trade_id": 143730217, "side": "buy", "size": "2.18529306", "price": "0.71810000", "time": "2025-07-15T15:20:42.768679Z", "fetched_at": "2025-07-15T15:23:24.942665+00:00", "symbol": "ADA-USD"}, {"trade_id": 143730216, "side": "buy", "size": "1.60000000", "price": "0.71810000", "time": "2025-07-15T15:20:42.768679Z", "fetched_at": "2025-07-15T15:23:24.942665+00:00", "symbol": "ADA-USD"}, {"trade_id": 143730215, "side": "buy", "size": "0.00001202", "price": "0.71820000", "time": "2025-07-15T15:20:42.444081Z", "fetched_at": "2025-07-15T15:23:24.942665+00:00", "symbol": "ADA-USD"}, {"trade_id": 143730214, "side": "buy", "size": "3.14996451", "price": "0.71820000", "time": "2025-07-15T15:20:42.440371Z", "fetched_at": "2025-07-15T15:23:24.942665+00:00", "symbol": "ADA-USD"}, {"trade_id": 143730213, "side": "buy", "size": "67.30795549", "price": "0.71820000", "time": "2025-07-15T15:20:42.440371Z", "fetched_at": "2025-07-15T15:23:24.942665+00:00", "symbol": "ADA-USD"}, {"trade_id": 143730212, "side": "buy", "size": "1.60000000", "price": "0.71820000", "time": "2025-07-15T15:20:42.440371Z", "fetched_at": "2025-07-15T15:23:24.942665+00:00", "symbol": "ADA-USD"}, {"trade_id": 143730211, "side": "buy", "size": "85.84547486", "price": "0.71820000", "time": "2025-07-15T15:20:41.936818Z", "fetched_at": "2025-07-15T15:23:24.942665+00:00", "symbol": "ADA-USD"}, {"trade_id": 143730210, "side": "buy", "size": "5.50412114", "price": "0.71830000", "time": "2025-07-15T15:20:41.936818Z", "fetched_at": "2025-07-15T15:23:24.942665+00:00", "symbol": "ADA-USD"}, {"trade_id": 143730209, "side": "sell", "size": "257.76093138", "price": "0.71860000", "time": "2025-07-15T15:20:39.829734Z", "fetched_at": "2025-07-15T15:23:24.942665+00:00", "symbol": "ADA-USD"}, {"trade_id": 143730208, "side": "sell", "size": "1696.06822000", "price": "0.71860000", "time": "2025-07-15T15:20:39.829734Z", "fetched_at": "2025-07-15T15:23:24.942665+00:00", "symbol": "ADA-USD"}, {"trade_id": 143730207, "side": "sell", "size": "821.31160489", "price": "0.71860000", "time": "2025-07-15T15:20:39.829734Z", "fetched_at": "2025-07-15T15:23:24.942665+00:00", "symbol": "ADA-USD"}, {"trade_id": 143730206, "side": "sell", "size": "13.91507158", "price": "0.71850000", "time": "2025-07-15T15:20:39.829734Z", "fetched_at": "2025-07-15T15:23:24.942665+00:00", "symbol": "ADA-USD"}, {"trade_id": 143730205, "side": "sell", "size": "1696.54041000", "price": "0.71850000", "time": "2025-07-15T15:20:39.829734Z", "fetched_at": "2025-07-15T15:23:24.942665+00:00", "symbol": "ADA-USD"}, {"trade_id": 143730204, "side": "sell", "size": "1907.18019811", "price": "0.71850000", "time": "2025-07-15T15:20:39.829734Z", "fetched_at": "2025-07-15T15:23:24.942665+00:00", "symbol": "ADA-USD"}, {"trade_id": 143730203, "side": "sell", "size": "821.31160489", "price": "0.71850000", "time": "2025-07-15T15:20:39.829734Z", "fetched_at": "2025-07-15T15:23:24.942665+00:00", "symbol": "ADA-USD"}, {"trade_id": 143730202, "side": "sell", "size": "584.51464705", "price": "0.71840000", "time": "2025-07-15T15:20:39.829734Z", "fetched_at": "2025-07-15T15:23:24.942665+00:00", "symbol": "ADA-USD"}, {"trade_id": 143730201, "side": "sell", "size": "485.70949415", "price": "0.71840000", "time": "2025-07-15T15:20:39.829734Z", "fetched_at": "2025-07-15T15:23:24.942665+00:00", "symbol": "ADA-USD"}, {"trade_id": 143730200, "side": "sell", "size": "2141.68399000", "price": "0.71840000", "time": "2025-07-15T15:20:39.829734Z", "fetched_at": "2025-07-15T15:23:24.942665+00:00", "symbol": "ADA-USD"}, {"trade_id": 143730199, "side": "sell", "size": "1696.54041000", "price": "0.71840000", "time": "2025-07-15T15:20:39.829734Z", "fetched_at": "2025-07-15T15:23:24.942665+00:00", "symbol": "ADA-USD"}, {"trade_id": 143730198, "side": "sell", "size": "821.31160489", "price": "0.71840000", "time": "2025-07-15T15:20:39.829734Z", "fetched_at": "2025-07-15T15:23:24.942665+00:00", "symbol": "ADA-USD"}, {"trade_id": 143730197, "side": "sell", "size": "695.47619528", "price": "0.71830000", "time": "2025-07-15T15:20:39.829734Z", "fetched_at": "2025-07-15T15:23:24.942665+00:00", "symbol": "ADA-USD"}, {"trade_id": 143730196, "side": "sell", "size": "145.39784000", "price": "0.71830000", "time": "2025-07-15T15:20:39.829734Z", "fetched_at": "2025-07-15T15:23:24.942665+00:00", "symbol": "ADA-USD"}, {"trade_id": 143730195, "side": "buy", "size": "2.00304211", "price": "0.71840000", "time": "2025-07-15T15:20:39.586279Z", "fetched_at": "2025-07-15T15:23:24.942665+00:00", "symbol": "ADA-USD"}, {"trade_id": 143730194, "side": "buy", "size": "2.68331130", "price": "0.71850000", "time": "2025-07-15T15:20:39.412234Z", "fetched_at": "2025-07-15T15:23:24.942665+00:00", "symbol": "ADA-USD"}, {"trade_id": 143730193, "side": "buy", "size": "4.07111251", "price": "0.71860000", "time": "2025-07-15T15:20:39.136867Z", "fetched_at": "2025-07-15T15:23:24.942665+00:00", "symbol": "ADA-USD"}, {"trade_id": 143730192, "side": "buy", "size": "567.00000000", "price": "0.71860000", "time": "2025-07-15T15:20:39.136867Z", "fetched_at": "2025-07-15T15:23:24.942665+00:00", "symbol": "ADA-USD"}, {"trade_id": 143730191, "side": "sell", "size": "136.12954900", "price": "0.71860000", "time": "2025-07-15T15:20:36.937190Z", "fetched_at": "2025-07-15T15:23:24.942665+00:00", "symbol": "ADA-USD"}, {"trade_id": 143730190, "side": "sell", "size": "1.60000000", "price": "0.71860000", "time": "2025-07-15T15:20:36.937190Z", "fetched_at": "2025-07-15T15:23:24.942665+00:00", "symbol": "ADA-USD"}, {"trade_id": 143730189, "side": "sell", "size": "13.92473907", "price": "0.71850000", "time": "2025-07-15T15:20:36.687356Z", "fetched_at": "2025-07-15T15:23:24.942665+00:00", "symbol": "ADA-USD"}, {"trade_id": 143730188, "side": "sell", "size": "1393.04729124", "price": "0.71850000", "time": "2025-07-15T15:20:36.674019Z", "fetched_at": "2025-07-15T15:23:24.942665+00:00", "symbol": "ADA-USD"}, {"trade_id": 143730187, "side": "sell", "size": "13.92473907", "price": "0.71850000", "time": "2025-07-15T15:20:36.674019Z", "fetched_at": "2025-07-15T15:23:24.942665+00:00", "symbol": "ADA-USD"}, {"trade_id": 143730186, "side": "sell", "size": "12.20751080", "price": "0.71820000", "time": "2025-07-15T15:20:34.952943Z", "fetched_at": "2025-07-15T15:23:24.942665+00:00", "symbol": "ADA-USD"}, {"trade_id": 143730185, "side": "sell", "size": "705.21194567", "price": "0.71820000", "time": "2025-07-15T15:20:34.939945Z", "fetched_at": "2025-07-15T15:23:24.942665+00:00", "symbol": "ADA-USD"}, {"trade_id": 143730184, "side": "buy", "size": "1392.36981342", "price": "0.71820000", "time": "2025-07-15T15:20:33.631948Z", "fetched_at": "2025-07-15T15:23:24.942665+00:00", "symbol": "ADA-USD"}, {"trade_id": 143730183, "side": "buy", "size": "1.60000000", "price": "0.71820000", "time": "2025-07-15T15:20:33.631948Z", "fetched_at": "2025-07-15T15:23:24.942665+00:00", "symbol": "ADA-USD"}, {"trade_id": 143730182, "side": "buy", "size": "1.60000000", "price": "0.71830000", "time": "2025-07-15T15:20:33.631948Z", "fetched_at": "2025-07-15T15:23:24.942665+00:00", "symbol": "ADA-USD"}, {"trade_id": 143730181, "side": "buy", "size": "1.60000000", "price": "0.71840000", "time": "2025-07-15T15:20:29.605874Z", "fetched_at": "2025-07-15T15:23:24.942665+00:00", "symbol": "ADA-USD"}, {"trade_id": 143730180, "side": "buy", "size": "39.71425133", "price": "0.71850000", "time": "2025-07-15T15:20:28.776590Z", "fetched_at": "2025-07-15T15:23:24.942665+00:00", "symbol": "ADA-USD"}, {"trade_id": 143730179, "side": "sell", "size": "6.76158000", "price": "0.71860000", "time": "2025-07-15T15:20:28.771883Z", "fetched_at": "2025-07-15T15:23:24.942665+00:00", "symbol": "ADA-USD"}, {"trade_id": 143730178, "side": "buy", "size": "1.60000000", "price": "0.71860000", "time": "2025-07-15T15:20:28.141820Z", "fetched_at": "2025-07-15T15:23:24.942665+00:00", "symbol": "ADA-USD"}, {"trade_id": 143730177, "side": "buy", "size": "125.43671000", "price": "0.71870000", "time": "2025-07-15T15:20:28.113487Z", "fetched_at": "2025-07-15T15:23:24.942665+00:00", "symbol": "ADA-USD"}, {"trade_id": 143730176, "side": "sell", "size": "699.07029361", "price": "0.71870000", "time": "2025-07-15T15:20:26.918504Z", "fetched_at": "2025-07-15T15:23:24.942665+00:00", "symbol": "ADA-USD"}, {"trade_id": 143730175, "side": "buy", "size": "567.00000000", "price": "0.71880000", "time": "2025-07-15T15:20:25.410287Z", "fetched_at": "2025-07-15T15:23:24.942665+00:00", "symbol": "ADA-USD"}, {"trade_id": 143730174, "side": "sell", "size": "751.01207149", "price": "0.71890000", "time": "2025-07-15T15:20:25.334260Z", "fetched_at": "2025-07-15T15:23:24.942665+00:00", "symbol": "ADA-USD"}, {"trade_id": 143730173, "side": "buy", "size": "522.29124689", "price": "0.71880000", "time": "2025-07-15T15:20:24.449474Z", "fetched_at": "2025-07-15T15:23:24.942665+00:00", "symbol": "ADA-USD"}, {"trade_id": 143730172, "side": "buy", "size": "567.00000000", "price": "0.71880000", "time": "2025-07-15T15:20:24.449474Z", "fetched_at": "2025-07-15T15:23:24.942665+00:00", "symbol": "ADA-USD"}, {"trade_id": 143730171, "side": "buy", "size": "13.91014050", "price": "0.71890000", "time": "2025-07-15T15:20:24.449474Z", "fetched_at": "2025-07-15T15:23:24.942665+00:00", "symbol": "ADA-USD"}, {"trade_id": 143730170, "side": "buy", "size": "13.90820585", "price": "0.71900000", "time": "2025-07-15T15:20:24.336283Z", "fetched_at": "2025-07-15T15:23:24.942665+00:00", "symbol": "ADA-USD"}, {"trade_id": 143730169, "side": "sell", "size": "218.09676000", "price": "0.71900000", "time": "2025-07-15T15:20:24.267176Z", "fetched_at": "2025-07-15T15:23:24.942665+00:00", "symbol": "ADA-USD"}, {"trade_id": 143730168, "side": "buy", "size": "13.90627173", "price": "0.71910000", "time": "2025-07-15T15:20:24.259796Z", "fetched_at": "2025-07-15T15:23:24.942665+00:00", "symbol": "ADA-USD"}, {"trade_id": 143730167, "side": "sell", "size": "1.60000000", "price": "0.71910000", "time": "2025-07-15T15:20:23.799086Z", "fetched_at": "2025-07-15T15:23:24.942665+00:00", "symbol": "ADA-USD"}, {"trade_id": 143730166, "side": "sell", "size": "13.32222229", "price": "0.71900000", "time": "2025-07-15T15:20:22.989158Z", "fetched_at": "2025-07-15T15:23:24.942665+00:00", "symbol": "ADA-USD"}, {"trade_id": 143730165, "side": "sell", "size": "4331.36221441", "price": "0.71900000", "time": "2025-07-15T15:20:22.941594Z", "fetched_at": "2025-07-15T15:23:24.942665+00:00", "symbol": "ADA-USD"}, {"trade_id": 143730164, "side": "sell", "size": "821.31160489", "price": "0.71900000", "time": "2025-07-15T15:20:22.941594Z", "fetched_at": "2025-07-15T15:23:24.942665+00:00", "symbol": "ADA-USD"}, {"trade_id": 143730163, "side": "sell", "size": "1.60000000", "price": "0.71900000", "time": "2025-07-15T15:20:22.941594Z", "fetched_at": "2025-07-15T15:23:24.942665+00:00", "symbol": "ADA-USD"}, {"trade_id": 143730162, "side": "sell", "size": "233.75389021", "price": "0.71900000", "time": "2025-07-15T15:20:22.941594Z", "fetched_at": "2025-07-15T15:23:24.942665+00:00", "symbol": "ADA-USD"}, {"trade_id": 143730161, "side": "sell", "size": "770.00335309", "price": "0.71890000", "time": "2025-07-15T15:20:16.899820Z", "fetched_at": "2025-07-15T15:23:24.942665+00:00", "symbol": "ADA-USD"}, {"trade_id": 143730160, "side": "sell", "size": "336.15703524", "price": "0.71890000", "time": "2025-07-15T15:20:16.899820Z", "fetched_at": "2025-07-15T15:23:24.942665+00:00", "symbol": "ADA-USD"}, {"trade_id": 143730159, "side": "sell", "size": "567.00000000", "price": "0.71890000", "time": "2025-07-15T15:20:16.899820Z", "fetched_at": "2025-07-15T15:23:24.942665+00:00", "symbol": "ADA-USD"}, {"trade_id": 143730158, "side": "sell", "size": "67.84260000", "price": "0.71870000", "time": "2025-07-15T15:20:16.449962Z", "fetched_at": "2025-07-15T15:23:24.942665+00:00", "symbol": "ADA-USD"}, {"trade_id": 143730157, "side": "buy", "size": "25.05085400", "price": "0.71870000", "time": "2025-07-15T15:20:15.679154Z", "fetched_at": "2025-07-15T15:23:24.942665+00:00", "symbol": "ADA-USD"}, {"trade_id": 143730156, "side": "buy", "size": "51.00306000", "price": "0.71870000", "time": "2025-07-15T15:20:15.679154Z", "fetched_at": "2025-07-15T15:23:24.942665+00:00", "symbol": "ADA-USD"}, {"trade_id": 143730155, "side": "sell", "size": "470.03872183", "price": "0.71880000", "time": "2025-07-15T15:20:15.509290Z", "fetched_at": "2025-07-15T15:23:24.942665+00:00", "symbol": "ADA-USD"}, {"trade_id": 143730154, "side": "sell", "size": "751.29904297", "price": "0.71880000", "time": "2025-07-15T15:20:15.437209Z", "fetched_at": "2025-07-15T15:23:24.942665+00:00", "symbol": "ADA-USD"}, {"trade_id": 143730153, "side": "sell", "size": "691.32057865", "price": "0.71870000", "time": "2025-07-15T15:20:14.231127Z", "fetched_at": "2025-07-15T15:23:24.942665+00:00", "symbol": "ADA-USD"}, {"trade_id": 143730152, "side": "buy", "size": "1.60000000", "price": "0.71880000", "time": "2025-07-15T15:20:13.804788Z", "fetched_at": "2025-07-15T15:23:24.942665+00:00", "symbol": "ADA-USD"}, {"trade_id": 143730151, "side": "buy", "size": "312.89508201", "price": "0.71880000", "time": "2025-07-15T15:20:13.804788Z", "fetched_at": "2025-07-15T15:23:24.942665+00:00", "symbol": "ADA-USD"}, {"trade_id": 143730150, "side": "buy", "size": "1.60000000", "price": "0.71890000", "time": "2025-07-15T15:20:13.727929Z", "fetched_at": "2025-07-15T15:23:24.942665+00:00", "symbol": "ADA-USD"}, {"trade_id": 143730149, "side": "buy", "size": "1.60000000", "price": "0.71900000", "time": "2025-07-15T15:20:11.388814Z", "fetched_at": "2025-07-15T15:23:24.942665+00:00", "symbol": "ADA-USD"}, {"trade_id": 143730148, "side": "buy", "size": "5198.20000000", "price": "0.71900000", "time": "2025-07-15T15:20:11.388814Z", "fetched_at": "2025-07-15T15:23:24.942665+00:00", "symbol": "ADA-USD"}, {"trade_id": 143730147, "side": "buy", "size": "1.60000000", "price": "0.71910000", "time": "2025-07-15T15:20:11.355337Z", "fetched_at": "2025-07-15T15:23:24.942665+00:00", "symbol": "ADA-USD"}, {"trade_id": 143730146, "side": "sell", "size": "67.84260000", "price": "0.71920000", "time": "2025-07-15T15:20:08.018035Z", "fetched_at": "2025-07-15T15:23:24.942665+00:00", "symbol": "ADA-USD"}, {"trade_id": 143730145, "side": "sell", "size": "561.13470965", "price": "0.71920000", "time": "2025-07-15T15:20:08.018035Z", "fetched_at": "2025-07-15T15:23:24.942665+00:00", "symbol": "ADA-USD"}, {"trade_id": 143730144, "side": "sell", "size": "67.84260000", "price": "0.71920000", "time": "2025-07-15T15:20:08.017304Z", "fetched_at": "2025-07-15T15:23:24.942665+00:00", "symbol": "ADA-USD"}, {"trade_id": 143730143, "side": "sell", "size": "1.60000000", "price": "0.71930000", "time": "2025-07-15T15:20:05.341341Z", "fetched_at": "2025-07-15T15:23:24.942665+00:00", "symbol": "ADA-USD"}, {"trade_id": 143730142, "side": "sell", "size": "13.14649438", "price": "0.71910000", "time": "2025-07-15T15:20:04.262038Z", "fetched_at": "2025-07-15T15:23:24.942665+00:00", "symbol": "ADA-USD"}, {"trade_id": 143730141, "side": "sell", "size": "13.23514662", "price": "0.71910000", "time": "2025-07-15T15:20:02.327694Z", "fetched_at": "2025-07-15T15:23:24.942665+00:00", "symbol": "ADA-USD"}, {"trade_id": 143730140, "side": "sell", "size": "13.14649438", "price": "0.71910000", "time": "2025-07-15T15:20:02.327694Z", "fetched_at": "2025-07-15T15:23:24.942665+00:00", "symbol": "ADA-USD"}, {"trade_id": 143730139, "side": "sell", "size": "135.17652000", "price": "0.71890000", "time": "2025-07-15T15:20:00.448347Z", "fetched_at": "2025-07-15T15:23:24.942665+00:00", "symbol": "ADA-USD"}, {"trade_id": 143730138, "side": "sell", "size": "420.30824000", "price": "0.71920000", "time": "2025-07-15T15:19:56.052520Z", "fetched_at": "2025-07-15T15:23:24.942665+00:00", "symbol": "ADA-USD"}, {"trade_id": 143730137, "side": "sell", "size": "4.94033400", "price": "0.71920000", "time": "2025-07-15T15:19:53.650375Z", "fetched_at": "2025-07-15T15:23:24.942665+00:00", "symbol": "ADA-USD"}, {"trade_id": 143730136, "side": "sell", "size": "1.60000000", "price": "0.71920000", "time": "2025-07-15T15:19:53.650375Z", "fetched_at": "2025-07-15T15:23:24.942665+00:00", "symbol": "ADA-USD"}, {"trade_id": 143730135, "side": "sell", "size": "1.67345142", "price": "0.71910000", "time": "2025-07-15T15:19:53.496952Z", "fetched_at": "2025-07-15T15:23:24.942665+00:00", "symbol": "ADA-USD"}, {"trade_id": 143730134, "side": "sell", "size": "2.23126856", "price": "0.71910000", "time": "2025-07-15T15:19:53.445827Z", "fetched_at": "2025-07-15T15:23:24.942665+00:00", "symbol": "ADA-USD"}, {"trade_id": 143730133, "side": "sell", "size": "2.97502474", "price": "0.71910000", "time": "2025-07-15T15:19:53.232199Z", "fetched_at": "2025-07-15T15:23:24.942665+00:00", "symbol": "ADA-USD"}, {"trade_id": 143730132, "side": "sell", "size": "1.60000000", "price": "0.71910000", "time": "2025-07-15T15:19:53.118662Z", "fetched_at": "2025-07-15T15:23:24.942665+00:00", "symbol": "ADA-USD"}, {"trade_id": 143730131, "side": "sell", "size": "3.96669966", "price": "0.71890000", "time": "2025-07-15T15:19:52.646783Z", "fetched_at": "2025-07-15T15:23:24.942665+00:00", "symbol": "ADA-USD"}, {"trade_id": 143730130, "side": "sell", "size": "5.28893288", "price": "0.71890000", "time": "2025-07-15T15:19:52.623425Z", "fetched_at": "2025-07-15T15:23:24.942665+00:00", "symbol": "ADA-USD"}, {"trade_id": 143730129, "side": "sell", "size": "7.05191051", "price": "0.71890000", "time": "2025-07-15T15:19:52.607015Z", "fetched_at": "2025-07-15T15:23:24.942665+00:00", "symbol": "ADA-USD"}, {"trade_id": 143730128, "side": "sell", "size": "9.40254733", "price": "0.71880000", "time": "2025-07-15T15:19:52.480675Z", "fetched_at": "2025-07-15T15:23:24.942665+00:00", "symbol": "ADA-USD"}, {"trade_id": 143730127, "side": "sell", "size": "50.81451708", "price": "0.71880000", "time": "2025-07-15T15:19:52.358758Z", "fetched_at": "2025-07-15T15:23:24.942665+00:00", "symbol": "ADA-USD"}, {"trade_id": 143730126, "side": "sell", "size": "7.87190010", "price": "0.71880000", "time": "2025-07-15T15:19:52.358758Z", "fetched_at": "2025-07-15T15:23:24.942665+00:00", "symbol": "ADA-USD"}, {"trade_id": 143730125, "side": "sell", "size": "10.49586680", "price": "0.71880000", "time": "2025-07-15T15:19:51.928287Z", "fetched_at": "2025-07-15T15:23:24.942665+00:00", "symbol": "ADA-USD"}, {"trade_id": 143730124, "side": "buy", "size": "13.91014050", "price": "0.71890000", "time": "2025-07-15T15:19:51.889976Z", "fetched_at": "2025-07-15T15:23:24.942665+00:00", "symbol": "ADA-USD"}, {"trade_id": 143730123, "side": "buy", "size": "13.91014050", "price": "0.71890000", "time": "2025-07-15T15:19:51.779304Z", "fetched_at": "2025-07-15T15:23:24.942665+00:00", "symbol": "ADA-USD"}, {"trade_id": 143730122, "side": "buy", "size": "13.90820585", "price": "0.71900000", "time": "2025-07-15T15:19:51.620624Z", "fetched_at": "2025-07-15T15:23:24.942665+00:00", "symbol": "ADA-USD"}, {"trade_id": 143730121, "side": "buy", "size": "449.96227768", "price": "0.71900000", "time": "2025-07-15T15:19:51.620624Z", "fetched_at": "2025-07-15T15:23:24.942665+00:00", "symbol": "ADA-USD"}, {"trade_id": 143730120, "side": "sell", "size": "500.00000000", "price": "0.71910000", "time": "2025-07-15T15:19:48.160541Z", "fetched_at": "2025-07-15T15:23:24.942665+00:00", "symbol": "ADA-USD"}, {"trade_id": 143730119, "side": "sell", "size": "500.00000000", "price": "0.71910000", "time": "2025-07-15T15:19:48.143923Z", "fetched_at": "2025-07-15T15:23:24.942665+00:00", "symbol": "ADA-USD"}, {"trade_id": 143730118, "side": "sell", "size": "13.90925505", "price": "0.71910000", "time": "2025-07-15T15:19:48.143923Z", "fetched_at": "2025-07-15T15:23:24.942665+00:00", "symbol": "ADA-USD"}, {"trade_id": 143730117, "side": "sell", "size": "1.60000000", "price": "0.71910000", "time": "2025-07-15T15:19:48.143923Z", "fetched_at": "2025-07-15T15:23:24.942665+00:00", "symbol": "ADA-USD"}, {"trade_id": 143730116, "side": "sell", "size": "544.63166410", "price": "0.71900000", "time": "2025-07-15T15:19:47.992319Z", "fetched_at": "2025-07-15T15:23:24.942665+00:00", "symbol": "ADA-USD"}, {"trade_id": 143730115, "side": "sell", "size": "1.60000000", "price": "0.71900000", "time": "2025-07-15T15:19:47.992319Z", "fetched_at": "2025-07-15T15:23:24.942665+00:00", "symbol": "ADA-USD"}, {"trade_id": 143730114, "side": "sell", "size": "18.65931875", "price": "0.71890000", "time": "2025-07-15T15:19:45.164601Z", "fetched_at": "2025-07-15T15:23:24.942665+00:00", "symbol": "ADA-USD"}, {"trade_id": 143730113, "side": "sell", "size": "24.87909167", "price": "0.71890000", "time": "2025-07-15T15:19:45.137090Z", "fetched_at": "2025-07-15T15:23:24.942665+00:00", "symbol": "ADA-USD"}, {"trade_id": 143730112, "side": "buy", "size": "135.41859077", "price": "0.71870000", "time": "2025-07-15T15:19:43.152091Z", "fetched_at": "2025-07-15T15:23:24.942665+00:00", "symbol": "ADA-USD"}, {"trade_id": 143730111, "side": "buy", "size": "5.09337323", "price": "0.71880000", "time": "2025-07-15T15:19:43.152091Z", "fetched_at": "2025-07-15T15:23:24.942665+00:00", "symbol": "ADA-USD"}, {"trade_id": 143730110, "side": "buy", "size": "13.91014050", "price": "0.71890000", "time": "2025-07-15T15:19:39.647400Z", "fetched_at": "2025-07-15T15:23:24.942665+00:00", "symbol": "ADA-USD"}, {"trade_id": 143730109, "side": "sell", "size": "11.10149741", "price": "0.71890000", "time": "2025-07-15T15:19:39.173654Z", "fetched_at": "2025-07-15T15:23:24.942665+00:00", "symbol": "ADA-USD"}, {"trade_id": 143730108, "side": "sell", "size": "1.60000000", "price": "0.71890000", "time": "2025-07-15T15:19:39.173654Z", "fetched_at": "2025-07-15T15:23:24.942665+00:00", "symbol": "ADA-USD"}, {"trade_id": 143730107, "side": "sell", "size": "33.17212222", "price": "0.71880000", "time": "2025-07-15T15:19:35.873158Z", "fetched_at": "2025-07-15T15:23:24.942665+00:00", "symbol": "ADA-USD"}, {"trade_id": 143730106, "side": "buy", "size": "284.58802197", "price": "0.71870000", "time": "2025-07-15T15:19:35.864827Z", "fetched_at": "2025-07-15T15:23:24.942665+00:00", "symbol": "ADA-USD"}, {"trade_id": 143730105, "side": "buy", "size": "107.25706000", "price": "0.71880000", "time": "2025-07-15T15:19:35.864827Z", "fetched_at": "2025-07-15T15:23:24.942665+00:00", "symbol": "ADA-USD"}, {"trade_id": 143730104, "side": "buy", "size": "13.42089403", "price": "0.71880000", "time": "2025-07-15T15:19:35.864827Z", "fetched_at": "2025-07-15T15:23:24.942665+00:00", "symbol": "ADA-USD"}, {"trade_id": 143730103, "side": "sell", "size": "4.31507839", "price": "0.71880000", "time": "2025-07-15T15:19:34.508569Z", "fetched_at": "2025-07-15T15:23:24.942665+00:00", "symbol": "ADA-USD"}, {"trade_id": 143730102, "side": "sell", "size": "44.22949630", "price": "0.71880000", "time": "2025-07-15T15:19:34.508569Z", "fetched_at": "2025-07-15T15:23:24.942665+00:00", "symbol": "ADA-USD"}, {"trade_id": 143730101, "side": "sell", "size": "13.05626947", "price": "0.71880000", "time": "2025-07-15T15:19:34.335572Z", "fetched_at": "2025-07-15T15:23:24.942665+00:00", "symbol": "ADA-USD"}, {"trade_id": 143730100, "side": "sell", "size": "1.60000000", "price": "0.71880000", "time": "2025-07-15T15:19:34.335572Z", "fetched_at": "2025-07-15T15:23:24.942665+00:00", "symbol": "ADA-USD"}, {"trade_id": 143730099, "side": "sell", "size": "500.00000000", "price": "0.71870000", "time": "2025-07-15T15:19:32.933419Z", "fetched_at": "2025-07-15T15:23:24.942665+00:00", "symbol": "ADA-USD"}, {"trade_id": 143730098, "side": "sell", "size": "13.91785118", "price": "0.71870000", "time": "2025-07-15T15:19:32.933419Z", "fetched_at": "2025-07-15T15:23:24.942665+00:00", "symbol": "ADA-USD"}, {"trade_id": 143730097, "side": "sell", "size": "662.85353324", "price": "0.71850000", "time": "2025-07-15T15:19:31.195019Z", "fetched_at": "2025-07-15T15:23:24.942665+00:00", "symbol": "ADA-USD"}, {"trade_id": 143730096, "side": "sell", "size": "567.00000000", "price": "0.71850000", "time": "2025-07-15T15:19:30.886424Z", "fetched_at": "2025-07-15T15:23:24.942665+00:00", "symbol": "ADA-USD"}, {"trade_id": 143730095, "side": "sell", "size": "33.81294400", "price": "0.71870000", "time": "2025-07-15T15:19:30.241539Z", "fetched_at": "2025-07-15T15:23:24.942665+00:00", "symbol": "ADA-USD"}, {"trade_id": 143730094, "side": "buy", "size": "622.25795378", "price": "0.71830000", "time": "2025-07-15T15:19:30.185072Z", "fetched_at": "2025-07-15T15:23:24.942665+00:00", "symbol": "ADA-USD"}, {"trade_id": 143730093, "side": "buy", "size": "521.74237182", "price": "0.71830000", "time": "2025-07-15T15:19:30.185072Z", "fetched_at": "2025-07-15T15:23:24.942665+00:00", "symbol": "ADA-USD"}, {"trade_id": 143730092, "side": "buy", "size": "829.06501503", "price": "0.71830000", "time": "2025-07-15T15:19:30.185072Z", "fetched_at": "2025-07-15T15:23:24.942665+00:00", "symbol": "ADA-USD"}, {"trade_id": 143730091, "side": "buy", "size": "821.31160489", "price": "0.71830000", "time": "2025-07-15T15:19:30.185072Z", "fetched_at": "2025-07-15T15:23:24.942665+00:00", "symbol": "ADA-USD"}, {"trade_id": 143730090, "side": "buy", "size": "500.00000000", "price": "0.71830000", "time": "2025-07-15T15:19:30.185072Z", "fetched_at": "2025-07-15T15:23:24.942665+00:00", "symbol": "ADA-USD"}, {"trade_id": 143730089, "side": "buy", "size": "97.95414909", "price": "0.71830000", "time": "2025-07-15T15:19:30.185072Z", "fetched_at": "2025-07-15T15:23:24.942665+00:00", "symbol": "ADA-USD"}, {"trade_id": 143730088, "side": "buy", "size": "1.60000000", "price": "0.71840000", "time": "2025-07-15T15:19:30.185072Z", "fetched_at": "2025-07-15T15:23:24.942665+00:00", "symbol": "ADA-USD"}, {"trade_id": 143730087, "side": "buy", "size": "500.00000000", "price": "0.71840000", "time": "2025-07-15T15:19:30.185072Z", "fetched_at": "2025-07-15T15:23:24.942665+00:00", "symbol": "ADA-USD"}, {"trade_id": 143730086, "side": "buy", "size": "487.12521893", "price": "0.71840000", "time": "2025-07-15T15:19:30.185072Z", "fetched_at": "2025-07-15T15:23:24.942665+00:00", "symbol": "ADA-USD"}, {"trade_id": 143730085, "side": "buy", "size": "567.00000000", "price": "0.71840000", "time": "2025-07-15T15:19:30.185072Z", "fetched_at": "2025-07-15T15:23:24.942665+00:00", "symbol": "ADA-USD"}, {"trade_id": 143730084, "side": "buy", "size": "500.00000000", "price": "0.71850000", "time": "2025-07-15T15:19:30.185072Z", "fetched_at": "2025-07-15T15:23:24.942665+00:00", "symbol": "ADA-USD"}, {"trade_id": 143730083, "side": "buy", "size": "567.00000000", "price": "0.71850000", "time": "2025-07-15T15:19:30.185072Z", "fetched_at": "2025-07-15T15:23:24.942665+00:00", "symbol": "ADA-USD"}, {"trade_id": 143730082, "side": "buy", "size": "51.00306000", "price": "0.71850000", "time": "2025-07-15T15:19:30.185072Z", "fetched_at": "2025-07-15T15:23:24.942665+00:00", "symbol": "ADA-USD"}, {"trade_id": 143730081, "side": "buy", "size": "74.36067159", "price": "0.71850000", "time": "2025-07-15T15:19:30.185072Z", "fetched_at": "2025-07-15T15:23:24.942665+00:00", "symbol": "ADA-USD"}, {"trade_id": 143730080, "side": "buy", "size": "1.52514214", "price": "0.71860000", "time": "2025-07-15T15:19:29.950286Z", "fetched_at": "2025-07-15T15:23:24.942665+00:00", "symbol": "ADA-USD"}, {"trade_id": 143730079, "side": "buy", "size": "695.70057047", "price": "0.71870000", "time": "2025-07-15T15:19:29.717370Z", "fetched_at": "2025-07-15T15:23:24.942665+00:00", "symbol": "ADA-USD"}, {"trade_id": 143730078, "side": "buy", "size": "1.62989513", "price": "0.71880000", "time": "2025-07-15T15:19:29.717370Z", "fetched_at": "2025-07-15T15:23:24.942665+00:00", "symbol": "ADA-USD"}, {"trade_id": 143730077, "side": "sell", "size": "1.53438817", "price": "0.71880000", "time": "2025-07-15T15:19:29.011668Z", "fetched_at": "2025-07-15T15:23:24.942665+00:00", "symbol": "ADA-USD"}, {"trade_id": 143730076, "side": "sell", "size": "2.04585090", "price": "0.71880000", "time": "2025-07-15T15:19:28.990754Z", "fetched_at": "2025-07-15T15:23:24.942665+00:00", "symbol": "ADA-USD"}, {"trade_id": 143730075, "side": "sell", "size": "1.60000000", "price": "0.71880000", "time": "2025-07-15T15:19:28.936527Z", "fetched_at": "2025-07-15T15:23:24.942665+00:00", "symbol": "ADA-USD"}, {"trade_id": 143730074, "side": "sell", "size": "2.75643577", "price": "0.71870000", "time": "2025-07-15T15:19:26.887088Z", "fetched_at": "2025-07-15T15:23:24.942665+00:00", "symbol": "ADA-USD"}, {"trade_id": 143730073, "side": "sell", "size": "1.60000000", "price": "0.71870000", "time": "2025-07-15T15:19:26.887088Z", "fetched_at": "2025-07-15T15:23:24.942665+00:00", "symbol": "ADA-USD"}, {"trade_id": 143730072, "side": "sell", "size": "2.75643577", "price": "0.71860000", "time": "2025-07-15T15:19:26.841083Z", "fetched_at": "2025-07-15T15:23:24.942665+00:00", "symbol": "ADA-USD"}, {"trade_id": 143730071, "side": "sell", "size": "1.60000000", "price": "0.71860000", "time": "2025-07-15T15:19:26.841083Z", "fetched_at": "2025-07-15T15:23:24.942665+00:00", "symbol": "ADA-USD"}, {"trade_id": 143730070, "side": "sell", "size": "556.11054311", "price": "0.71850000", "time": "2025-07-15T15:19:25.064909Z", "fetched_at": "2025-07-15T15:23:24.942665+00:00", "symbol": "ADA-USD"}, {"trade_id": 143730069, "side": "sell", "size": "821.31160489", "price": "0.71850000", "time": "2025-07-15T15:19:25.064909Z", "fetched_at": "2025-07-15T15:23:24.942665+00:00", "symbol": "ADA-USD"}, {"trade_id": 143730068, "side": "sell", "size": "1.60000000", "price": "0.71850000", "time": "2025-07-15T15:19:25.064909Z", "fetched_at": "2025-07-15T15:23:24.942665+00:00", "symbol": "ADA-USD"}, {"trade_id": 143730067, "side": "sell", "size": "646.51979823", "price": "0.71840000", "time": "2025-07-15T15:19:24.805221Z", "fetched_at": "2025-07-15T15:23:24.942665+00:00", "symbol": "ADA-USD"}, {"trade_id": 143730066, "side": "sell", "size": "648.02480237", "price": "0.71840000", "time": "2025-07-15T15:19:24.675635Z", "fetched_at": "2025-07-15T15:23:24.942665+00:00", "symbol": "ADA-USD"}, {"trade_id": 143730065, "side": "sell", "size": "631.46100886", "price": "0.71840000", "time": "2025-07-15T15:19:24.485473Z", "fetched_at": "2025-07-15T15:23:24.942665+00:00", "symbol": "ADA-USD"}, {"trade_id": 143730064, "side": "sell", "size": "759.50217972", "price": "0.71840000", "time": "2025-07-15T15:19:24.050146Z", "fetched_at": "2025-07-15T15:23:24.942665+00:00", "symbol": "ADA-USD"}, {"trade_id": 143730063, "side": "sell", "size": "567.00000000", "price": "0.71840000", "time": "2025-07-15T15:19:22.734287Z", "fetched_at": "2025-07-15T15:23:24.942665+00:00", "symbol": "ADA-USD"}, {"trade_id": 143730062, "side": "sell", "size": "1.60000000", "price": "0.71840000", "time": "2025-07-15T15:19:22.596576Z", "fetched_at": "2025-07-15T15:23:24.942665+00:00", "symbol": "ADA-USD"}, {"trade_id": 143730061, "side": "sell", "size": "2.72780120", "price": "0.71830000", "time": "2025-07-15T15:19:22.402999Z", "fetched_at": "2025-07-15T15:23:24.942665+00:00", "symbol": "ADA-USD"}, {"trade_id": 143730060, "side": "buy", "size": "210.37088484", "price": "0.71810000", "time": "2025-07-15T15:19:22.376120Z", "fetched_at": "2025-07-15T15:23:24.942665+00:00", "symbol": "ADA-USD"}, {"trade_id": 143730059, "side": "buy", "size": "500.00000000", "price": "0.71810000", "time": "2025-07-15T15:19:22.376120Z", "fetched_at": "2025-07-15T15:23:24.942665+00:00", "symbol": "ADA-USD"}, {"trade_id": 143730058, "side": "buy", "size": "601.90472864", "price": "0.71810000", "time": "2025-07-15T15:19:22.376120Z", "fetched_at": "2025-07-15T15:23:24.942665+00:00", "symbol": "ADA-USD"}, {"trade_id": 143730057, "side": "buy", "size": "1697.24915000", "price": "0.71810000", "time": "2025-07-15T15:19:22.376120Z", "fetched_at": "2025-07-15T15:23:24.942665+00:00", "symbol": "ADA-USD"}, {"trade_id": 143730056, "side": "buy", "size": "567.00000000", "price": "0.71810000", "time": "2025-07-15T15:19:22.376120Z", "fetched_at": "2025-07-15T15:23:24.942665+00:00", "symbol": "ADA-USD"}, {"trade_id": 143730055, "side": "buy", "size": "1697.24915000", "price": "0.71820000", "time": "2025-07-15T15:19:22.376120Z", "fetched_at": "2025-07-15T15:23:24.942665+00:00", "symbol": "ADA-USD"}, {"trade_id": 143730054, "side": "buy", "size": "567.00000000", "price": "0.71820000", "time": "2025-07-15T15:19:22.376120Z", "fetched_at": "2025-07-15T15:23:24.942665+00:00", "symbol": "ADA-USD"}, {"trade_id": 143730053, "side": "buy", "size": "500.00000000", "price": "0.71820000", "time": "2025-07-15T15:19:22.376120Z", "fetched_at": "2025-07-15T15:23:24.942665+00:00", "symbol": "ADA-USD"}, {"trade_id": 143730052, "side": "buy", "size": "696.08798552", "price": "0.71830000", "time": "2025-07-15T15:19:22.376120Z", "fetched_at": "2025-07-15T15:23:24.942665+00:00", "symbol": "ADA-USD"}, {"trade_id": 143730051, "side": "sell", "size": "1.60000000", "price": "0.71830000", "time": "2025-07-15T15:19:22.149016Z", "fetched_at": "2025-07-15T15:23:24.942665+00:00", "symbol": "ADA-USD"}, {"trade_id": 143730050, "side": "sell", "size": "287.48806583", "price": "0.71820000", "time": "2025-07-15T15:19:19.169484Z", "fetched_at": "2025-07-15T15:23:24.942665+00:00", "symbol": "ADA-USD"}, {"trade_id": 143730049, "side": "sell", "size": "163.60759148", "price": "0.71820000", "time": "2025-07-15T15:19:19.158400Z", "fetched_at": "2025-07-15T15:23:24.942665+00:00", "symbol": "ADA-USD"}, {"trade_id": 143730048, "side": "sell", "size": "727.65036896", "price": "0.71820000", "time": "2025-07-15T15:19:19.158400Z", "fetched_at": "2025-07-15T15:23:24.942665+00:00", "symbol": "ADA-USD"}, {"trade_id": 143730047, "side": "sell", "size": "1.60000000", "price": "0.71820000", "time": "2025-07-15T15:19:19.158400Z", "fetched_at": "2025-07-15T15:23:24.942665+00:00", "symbol": "ADA-USD"}, {"trade_id": 143730046, "side": "sell", "size": "567.00000000", "price": "0.71810000", "time": "2025-07-15T15:19:18.158214Z", "fetched_at": "2025-07-15T15:23:24.942665+00:00", "symbol": "ADA-USD"}, {"trade_id": 143730045, "side": "sell", "size": "2508.61483990", "price": "0.71800000", "time": "2025-07-15T15:19:17.139060Z", "fetched_at": "2025-07-15T15:23:24.942665+00:00", "symbol": "ADA-USD"}, {"trade_id": 143730044, "side": "sell", "size": "1381.85141482", "price": "0.71800000", "time": "2025-07-15T15:19:17.139060Z", "fetched_at": "2025-07-15T15:23:24.942665+00:00", "symbol": "ADA-USD"}, {"trade_id": 143730043, "side": "sell", "size": "821.31160489", "price": "0.71800000", "time": "2025-07-15T15:19:17.139060Z", "fetched_at": "2025-07-15T15:23:24.942665+00:00", "symbol": "ADA-USD"}, {"trade_id": 143730042, "side": "sell", "size": "500.00000000", "price": "0.71800000", "time": "2025-07-15T15:19:17.139060Z", "fetched_at": "2025-07-15T15:23:24.942665+00:00", "symbol": "ADA-USD"}, {"trade_id": 143730041, "side": "sell", "size": "2.78128749", "price": "0.71800000", "time": "2025-07-15T15:19:17.139060Z", "fetched_at": "2025-07-15T15:23:24.942665+00:00", "symbol": "ADA-USD"}, {"trade_id": 143730040, "side": "sell", "size": "27.04759900", "price": "0.71790000", "time": "2025-07-15T15:19:15.557516Z", "fetched_at": "2025-07-15T15:23:24.942665+00:00", "symbol": "ADA-USD"}, {"trade_id": 143730039, "side": "buy", "size": "233.25724600", "price": "0.71770000", "time": "2025-07-15T15:19:14.802705Z", "fetched_at": "2025-07-15T15:23:24.942665+00:00", "symbol": "ADA-USD"}, {"trade_id": 143730038, "side": "buy", "size": "1.60000000", "price": "0.71780000", "time": "2025-07-15T15:19:14.802705Z", "fetched_at": "2025-07-15T15:23:24.942665+00:00", "symbol": "ADA-USD"}, {"trade_id": 143730037, "side": "buy", "size": "1.60000000", "price": "0.71790000", "time": "2025-07-15T15:19:14.801628Z", "fetched_at": "2025-07-15T15:23:24.942665+00:00", "symbol": "ADA-USD"}, {"trade_id": 143730036, "side": "buy", "size": "1.60000000", "price": "0.71800000", "time": "2025-07-15T15:19:12.782302Z", "fetched_at": "2025-07-15T15:23:24.942665+00:00", "symbol": "ADA-USD"}, {"trade_id": 143730035, "side": "buy", "size": "1.60000000", "price": "0.71810000", "time": "2025-07-15T15:19:11.980192Z", "fetched_at": "2025-07-15T15:23:24.942665+00:00", "symbol": "ADA-USD"}, {"trade_id": 143730034, "side": "buy", "size": "321.79371106", "price": "0.71820000", "time": "2025-07-15T15:19:11.522598Z", "fetched_at": "2025-07-15T15:23:24.942665+00:00", "symbol": "ADA-USD"}, {"trade_id": 143730033, "side": "buy", "size": "1.60000000", "price": "0.71820000", "time": "2025-07-15T15:19:11.522598Z", "fetched_at": "2025-07-15T15:23:24.942665+00:00", "symbol": "ADA-USD"}, {"trade_id": 143730032, "side": "sell", "size": "68.86477500", "price": "0.71830000", "time": "2025-07-15T15:19:10.528001Z", "fetched_at": "2025-07-15T15:23:24.942665+00:00", "symbol": "ADA-USD"}, {"trade_id": 143730031, "side": "buy", "size": "1.60000000", "price": "0.71830000", "time": "2025-07-15T15:19:08.732980Z", "fetched_at": "2025-07-15T15:23:24.942665+00:00", "symbol": "ADA-USD"}, {"trade_id": 143730030, "side": "buy", "size": "1.60000000", "price": "0.71840000", "time": "2025-07-15T15:19:08.720321Z", "fetched_at": "2025-07-15T15:23:24.942665+00:00", "symbol": "ADA-USD"}, {"trade_id": 143730029, "side": "sell", "size": "500.00000000", "price": "0.71840000", "time": "2025-07-15T15:19:03.370864Z", "fetched_at": "2025-07-15T15:23:24.942665+00:00", "symbol": "ADA-USD"}, {"trade_id": 143730028, "side": "buy", "size": "1.60000000", "price": "0.71830000", "time": "2025-07-15T15:19:01.619737Z", "fetched_at": "2025-07-15T15:23:24.942665+00:00", "symbol": "ADA-USD"}, {"trade_id": 143730027, "side": "buy", "size": "118.35318650", "price": "0.71840000", "time": "2025-07-15T15:19:01.459453Z", "fetched_at": "2025-07-15T15:23:24.942665+00:00", "symbol": "ADA-USD"}, {"trade_id": 143730026, "side": "buy", "size": "58.13349000", "price": "0.71840000", "time": "2025-07-15T15:19:01.459156Z", "fetched_at": "2025-07-15T15:23:24.942665+00:00", "symbol": "ADA-USD"}, {"trade_id": 143730025, "side": "buy", "size": "1.60000000", "price": "0.71840000", "time": "2025-07-15T15:19:01.459156Z", "fetched_at": "2025-07-15T15:23:24.942665+00:00", "symbol": "ADA-USD"}, {"trade_id": 143730024, "side": "buy", "size": "6957.48973770", "price": "0.71850000", "time": "2025-07-15T15:18:58.981262Z", "fetched_at": "2025-07-15T15:23:24.942665+00:00", "symbol": "ADA-USD"}, {"trade_id": 143730023, "side": "buy", "size": "1.60000000", "price": "0.71850000", "time": "2025-07-15T15:18:58.981262Z", "fetched_at": "2025-07-15T15:23:24.942665+00:00", "symbol": "ADA-USD"}, {"trade_id": 143730022, "side": "buy", "size": "1.60000000", "price": "0.71860000", "time": "2025-07-15T15:18:54.426430Z", "fetched_at": "2025-07-15T15:23:24.942665+00:00", "symbol": "ADA-USD"}, {"trade_id": 143730021, "side": "buy", "size": "5838.87693600", "price": "0.71860000", "time": "2025-07-15T15:18:54.426430Z", "fetched_at": "2025-07-15T15:23:24.942665+00:00", "symbol": "ADA-USD"}, {"trade_id": 143730020, "side": "sell", "size": "13.42863100", "price": "0.71870000", "time": "2025-07-15T15:18:54.244637Z", "fetched_at": "2025-07-15T15:23:24.942665+00:00", "symbol": "ADA-USD"}, {"trade_id": 143730019, "side": "sell", "size": "500.00000000", "price": "0.71870000", "time": "2025-07-15T15:18:53.188502Z", "fetched_at": "2025-07-15T15:23:24.942665+00:00", "symbol": "ADA-USD"}, {"trade_id": 143730018, "side": "buy", "size": "1366.40100000", "price": "0.71860000", "time": "2025-07-15T15:18:50.024916Z", "fetched_at": "2025-07-15T15:23:24.942665+00:00", "symbol": "ADA-USD"}, {"trade_id": 143730017, "side": "buy", "size": "5096.05641326", "price": "0.71860000", "time": "2025-07-15T15:18:50.021074Z", "fetched_at": "2025-07-15T15:23:24.942665+00:00", "symbol": "ADA-USD"}, {"trade_id": 143730016, "side": "sell", "size": "108.60066700", "price": "0.71890000", "time": "2025-07-15T15:18:47.939481Z", "fetched_at": "2025-07-15T15:23:24.942665+00:00", "symbol": "ADA-USD"}, {"trade_id": 143730015, "side": "sell", "size": "567.00000000", "price": "0.71880000", "time": "2025-07-15T15:18:47.939481Z", "fetched_at": "2025-07-15T15:23:24.942665+00:00", "symbol": "ADA-USD"}, {"trade_id": 143730014, "side": "sell", "size": "500.00000000", "price": "0.71870000", "time": "2025-07-15T15:18:47.779671Z", "fetched_at": "2025-07-15T15:23:24.942665+00:00", "symbol": "ADA-USD"}, {"trade_id": 143730013, "side": "sell", "size": "567.00000000", "price": "0.71870000", "time": "2025-07-15T15:18:47.779671Z", "fetched_at": "2025-07-15T15:23:24.942665+00:00", "symbol": "ADA-USD"}, {"trade_id": 143730012, "side": "buy", "size": "1.22498700", "price": "0.71870000", "time": "2025-07-15T15:18:47.303351Z", "fetched_at": "2025-07-15T15:23:24.942665+00:00", "symbol": "ADA-USD"}, {"trade_id": 143730011, "side": "buy", "size": "0.37501300", "price": "0.71870000", "time": "2025-07-15T15:18:46.595811Z", "fetched_at": "2025-07-15T15:23:24.942665+00:00", "symbol": "ADA-USD"}, {"trade_id": 143730010, "side": "buy", "size": "1.60000000", "price": "0.71880000", "time": "2025-07-15T15:18:42.155329Z", "fetched_at": "2025-07-15T15:23:24.942665+00:00", "symbol": "ADA-USD"}, {"trade_id": 143730009, "side": "buy", "size": "1.60031771", "price": "0.71900000", "time": "2025-07-15T15:18:41.296882Z", "fetched_at": "2025-07-15T15:23:24.942665+00:00", "symbol": "ADA-USD"}, {"trade_id": 143730008, "side": "buy", "size": "1.60000000", "price": "0.71900000", "time": "2025-07-15T15:18:41.296882Z", "fetched_at": "2025-07-15T15:23:24.942665+00:00", "symbol": "ADA-USD"}, {"trade_id": 143730007, "side": "buy", "size": "1.79405346", "price": "0.71910000", "time": "2025-07-15T15:18:40.483638Z", "fetched_at": "2025-07-15T15:23:24.942665+00:00", "symbol": "ADA-USD"}, {"trade_id": 143730006, "side": "buy", "size": "290.68611011", "price": "0.71910000", "time": "2025-07-15T15:18:40.483638Z", "fetched_at": "2025-07-15T15:23:24.942665+00:00", "symbol": "ADA-USD"}, {"trade_id": 143730005, "side": "buy", "size": "62.19287000", "price": "0.71910000", "time": "2025-07-15T15:18:40.479482Z", "fetched_at": "2025-07-15T15:23:24.942665+00:00", "symbol": "ADA-USD"}, {"trade_id": 143730004, "side": "buy", "size": "72.61230863", "price": "0.71910000", "time": "2025-07-15T15:18:39.337451Z", "fetched_at": "2025-07-15T15:23:24.942665+00:00", "symbol": "ADA-USD"}, {"trade_id": 143730003, "side": "buy", "size": "1.60000000", "price": "0.71910000", "time": "2025-07-15T15:18:39.337451Z", "fetched_at": "2025-07-15T15:23:24.942665+00:00", "symbol": "ADA-USD"}, {"trade_id": 143730002, "side": "buy", "size": "13.90240512", "price": "0.71930000", "time": "2025-07-15T15:18:38.870720Z", "fetched_at": "2025-07-15T15:23:24.942665+00:00", "symbol": "ADA-USD"}, {"trade_id": 143730001, "side": "buy", "size": "270.22640356", "price": "0.71930000", "time": "2025-07-15T15:18:38.870720Z", "fetched_at": "2025-07-15T15:23:24.942665+00:00", "symbol": "ADA-USD"}, {"trade_id": 143730000, "side": "buy", "size": "13.90047262", "price": "0.71940000", "time": "2025-07-15T15:18:38.359848Z", "fetched_at": "2025-07-15T15:23:24.942665+00:00", "symbol": "ADA-USD"}, {"trade_id": 143729999, "side": "sell", "size": "11.22921237", "price": "0.71940000", "time": "2025-07-15T15:18:36.324225Z", "fetched_at": "2025-07-15T15:23:24.942665+00:00", "symbol": "ADA-USD"}, {"trade_id": 143729998, "side": "buy", "size": "169.20881538", "price": "0.71930000", "time": "2025-07-15T15:18:36.204664Z", "fetched_at": "2025-07-15T15:23:24.942665+00:00", "symbol": "ADA-USD"}, {"trade_id": 143729997, "side": "buy", "size": "13.90047262", "price": "0.71940000", "time": "2025-07-15T15:18:36.204664Z", "fetched_at": "2025-07-15T15:23:24.942665+00:00", "symbol": "ADA-USD"}, {"trade_id": 143729996, "side": "buy", "size": "567.00000000", "price": "0.71940000", "time": "2025-07-15T15:18:36.204664Z", "fetched_at": "2025-07-15T15:23:24.942665+00:00", "symbol": "ADA-USD"}, {"trade_id": 143729995, "side": "sell", "size": "3622.39853329", "price": "0.71950000", "time": "2025-07-15T15:18:35.988186Z", "fetched_at": "2025-07-15T15:23:24.942665+00:00", "symbol": "ADA-USD"}, {"trade_id": 143729994, "side": "sell", "size": "1.60000000", "price": "0.71950000", "time": "2025-07-15T15:18:35.988186Z", "fetched_at": "2025-07-15T15:23:24.942665+00:00", "symbol": "ADA-USD"}, {"trade_id": 143729993, "side": "sell", "size": "28.44489386", "price": "0.71950000", "time": "2025-07-15T15:18:35.988186Z", "fetched_at": "2025-07-15T15:23:24.942665+00:00", "symbol": "ADA-USD"}, {"trade_id": 143729992, "side": "sell", "size": "53.40847781", "price": "0.71940000", "time": "2025-07-15T15:18:35.988186Z", "fetched_at": "2025-07-15T15:23:24.942665+00:00", "symbol": "ADA-USD"}, {"trade_id": 143729991, "side": "sell", "size": "1.60000000", "price": "0.71940000", "time": "2025-07-15T15:18:35.988186Z", "fetched_at": "2025-07-15T15:23:24.942665+00:00", "symbol": "ADA-USD"}, {"trade_id": 143729990, "side": "sell", "size": "51.00306000", "price": "0.71930000", "time": "2025-07-15T15:18:35.725706Z", "fetched_at": "2025-07-15T15:23:24.942665+00:00", "symbol": "ADA-USD"}, {"trade_id": 143729989, "side": "sell", "size": "116.68927000", "price": "0.71930000", "time": "2025-07-15T15:18:35.725696Z", "fetched_at": "2025-07-15T15:23:24.942665+00:00", "symbol": "ADA-USD"}, {"trade_id": 143729988, "side": "sell", "size": "1.60000000", "price": "0.71930000", "time": "2025-07-15T15:18:35.725696Z", "fetched_at": "2025-07-15T15:23:24.942665+00:00", "symbol": "ADA-USD"}, {"trade_id": 143729987, "side": "sell", "size": "2790.74679001", "price": "0.71920000", "time": "2025-07-15T15:18:35.692900Z", "fetched_at": "2025-07-15T15:23:24.942665+00:00", "symbol": "ADA-USD"}, {"trade_id": 143729986, "side": "sell", "size": "2412.35320999", "price": "0.71920000", "time": "2025-07-15T15:18:35.691623Z", "fetched_at": "2025-07-15T15:23:24.942665+00:00", "symbol": "ADA-USD"}, {"trade_id": 143729985, "side": "sell", "size": "500.00000000", "price": "0.71910000", "time": "2025-07-15T15:18:35.673815Z", "fetched_at": "2025-07-15T15:23:24.942665+00:00", "symbol": "ADA-USD"}, {"trade_id": 143729984, "side": "sell", "size": "126.97473533", "price": "0.71920000", "time": "2025-07-15T15:18:34.096765Z", "fetched_at": "2025-07-15T15:23:24.942665+00:00", "symbol": "ADA-USD"}, {"trade_id": 143729983, "side": "sell", "size": "1.60000000", "price": "0.71920000", "time": "2025-07-15T15:18:34.096765Z", "fetched_at": "2025-07-15T15:23:24.942665+00:00", "symbol": "ADA-USD"}, {"trade_id": 143729982, "side": "sell", "size": "6.60178467", "price": "0.71910000", "time": "2025-07-15T15:18:34.096765Z", "fetched_at": "2025-07-15T15:23:24.942665+00:00", "symbol": "ADA-USD"}, {"trade_id": 143729981, "side": "sell", "size": "13.91509622", "price": "0.71900000", "time": "2025-07-15T15:18:30.786815Z", "fetched_at": "2025-07-15T15:23:24.942665+00:00", "symbol": "ADA-USD"}, {"trade_id": 143729980, "side": "sell", "size": "1.60000000", "price": "0.71900000", "time": "2025-07-15T15:18:30.786815Z", "fetched_at": "2025-07-15T15:23:24.942665+00:00", "symbol": "ADA-USD"}, {"trade_id": 143729979, "side": "sell", "size": "500.00000000", "price": "0.71870000", "time": "2025-07-15T15:18:25.956595Z", "fetched_at": "2025-07-15T15:23:24.942665+00:00", "symbol": "ADA-USD"}, {"trade_id": 143729978, "side": "sell", "size": "276.00111234", "price": "0.71870000", "time": "2025-07-15T15:18:21.941072Z", "fetched_at": "2025-07-15T15:23:24.942665+00:00", "symbol": "ADA-USD"}, {"trade_id": 143729977, "side": "buy", "size": "1611.70912900", "price": "0.71860000", "time": "2025-07-15T15:18:21.471573Z", "fetched_at": "2025-07-15T15:23:24.942665+00:00", "symbol": "ADA-USD"}, {"trade_id": 143729976, "side": "buy", "size": "1.60000000", "price": "0.71860000", "time": "2025-07-15T15:18:15.880798Z", "fetched_at": "2025-07-15T15:23:24.942665+00:00", "symbol": "ADA-USD"}, {"trade_id": 143729975, "side": "buy", "size": "1.60000000", "price": "0.71870000", "time": "2025-07-15T15:18:15.871635Z", "fetched_at": "2025-07-15T15:23:24.942665+00:00", "symbol": "ADA-USD"}, {"trade_id": 143729974, "side": "buy", "size": "1.60000000", "price": "0.71880000", "time": "2025-07-15T15:18:15.472075Z", "fetched_at": "2025-07-15T15:23:24.942665+00:00", "symbol": "ADA-USD"}, {"trade_id": 143729973, "side": "buy", "size": "321.46336397", "price": "0.71880000", "time": "2025-07-15T15:18:15.472075Z", "fetched_at": "2025-07-15T15:23:24.942665+00:00", "symbol": "ADA-USD"}, {"trade_id": 143729972, "side": "buy", "size": "1.60000000", "price": "0.71890000", "time": "2025-07-15T15:18:15.471539Z", "fetched_at": "2025-07-15T15:23:24.942665+00:00", "symbol": "ADA-USD"}, {"trade_id": 143729971, "side": "buy", "size": "695.39126705", "price": "0.71900000", "time": "2025-07-15T15:18:15.395495Z", "fetched_at": "2025-07-15T15:23:24.942665+00:00", "symbol": "ADA-USD"}, {"trade_id": 143729970, "side": "buy", "size": "20.00000000", "price": "0.71900000", "time": "2025-07-15T15:18:15.395495Z", "fetched_at": "2025-07-15T15:23:24.942665+00:00", "symbol": "ADA-USD"}, {"trade_id": 143729969, "side": "sell", "size": "509.26735391", "price": "0.71920000", "time": "2025-07-15T15:18:14.628221Z", "fetched_at": "2025-07-15T15:23:24.942665+00:00", "symbol": "ADA-USD"}, {"trade_id": 143729968, "side": "sell", "size": "145.39784000", "price": "0.71920000", "time": "2025-07-15T15:18:14.628221Z", "fetched_at": "2025-07-15T15:23:24.942665+00:00", "symbol": "ADA-USD"}, {"trade_id": 143729967, "side": "sell", "size": "4.56416409", "price": "0.71920000", "time": "2025-07-15T15:18:14.628221Z", "fetched_at": "2025-07-15T15:23:24.942665+00:00", "symbol": "ADA-USD"}, {"trade_id": 143729966, "side": "sell", "size": "218.09676000", "price": "0.71910000", "time": "2025-07-15T15:18:12.906413Z", "fetched_at": "2025-07-15T15:23:24.942665+00:00", "symbol": "ADA-USD"}, {"trade_id": 143729965, "side": "buy", "size": "3.48643105", "price": "0.71920000", "time": "2025-07-15T15:18:12.896303Z", "fetched_at": "2025-07-15T15:23:24.942665+00:00", "symbol": "ADA-USD"}, {"trade_id": 143729964, "side": "sell", "size": "5.50615464", "price": "0.71920000", "time": "2025-07-15T15:18:11.322135Z", "fetched_at": "2025-07-15T15:23:24.942665+00:00", "symbol": "ADA-USD"}, {"trade_id": 143729963, "side": "sell", "size": "6.08555212", "price": "0.71920000", "time": "2025-07-15T15:18:11.322135Z", "fetched_at": "2025-07-15T15:23:24.942665+00:00", "symbol": "ADA-USD"}, {"trade_id": 143729962, "side": "sell", "size": "8.11406950", "price": "0.71920000", "time": "2025-07-15T15:18:10.403988Z", "fetched_at": "2025-07-15T15:23:24.942665+00:00", "symbol": "ADA-USD"}, {"trade_id": 143729961, "side": "sell", "size": "1.60000000", "price": "0.71920000", "time": "2025-07-15T15:18:10.338694Z", "fetched_at": "2025-07-15T15:23:24.942665+00:00", "symbol": "ADA-USD"}, {"trade_id": 143729960, "side": "sell", "size": "10.89943794", "price": "0.71910000", "time": "2025-07-15T15:18:10.016701Z", "fetched_at": "2025-07-15T15:23:24.942665+00:00", "symbol": "ADA-USD"}, {"trade_id": 143729959, "side": "sell", "size": "8.11406950", "price": "0.71900000", "time": "2025-07-15T15:18:06.550575Z", "fetched_at": "2025-07-15T15:23:24.942665+00:00", "symbol": "ADA-USD"}, {"trade_id": 143729958, "side": "sell", "size": "110.42739832", "price": "0.71910000", "time": "2025-07-15T15:18:03.804238Z", "fetched_at": "2025-07-15T15:23:24.942665+00:00", "symbol": "ADA-USD"}, {"trade_id": 143729957, "side": "sell", "size": "13.91015358", "price": "0.71910000", "time": "2025-07-15T15:18:03.804238Z", "fetched_at": "2025-07-15T15:23:24.942665+00:00", "symbol": "ADA-USD"}, {"trade_id": 143729956, "side": "sell", "size": "13.31539610", "price": "0.71910000", "time": "2025-07-15T15:18:03.804238Z", "fetched_at": "2025-07-15T15:23:24.942665+00:00", "symbol": "ADA-USD"}, {"trade_id": 143729955, "side": "sell", "size": "10.81875933", "price": "0.71890000", "time": "2025-07-15T15:18:02.968857Z", "fetched_at": "2025-07-15T15:23:24.942665+00:00", "symbol": "ADA-USD"}, {"trade_id": 143729954, "side": "sell", "size": "6.57403770", "price": "0.71900000", "time": "2025-07-15T15:18:01.635172Z", "fetched_at": "2025-07-15T15:23:24.942665+00:00", "symbol": "ADA-USD"}, {"trade_id": 143729953, "side": "sell", "size": "654.03613141", "price": "0.71900000", "time": "2025-07-15T15:18:01.635172Z", "fetched_at": "2025-07-15T15:23:24.942665+00:00", "symbol": "ADA-USD"}, {"trade_id": 143729952, "side": "sell", "size": "145.39784000", "price": "0.71900000", "time": "2025-07-15T15:18:01.635172Z", "fetched_at": "2025-07-15T15:23:24.942665+00:00", "symbol": "ADA-USD"}, {"trade_id": 143729951, "side": "sell", "size": "567.00000000", "price": "0.71890000", "time": "2025-07-15T15:18:01.635172Z", "fetched_at": "2025-07-15T15:23:24.942665+00:00", "symbol": "ADA-USD"}, {"trade_id": 143729950, "side": "sell", "size": "14.42501244", "price": "0.71890000", "time": "2025-07-15T15:18:01.635172Z", "fetched_at": "2025-07-15T15:23:24.942665+00:00", "symbol": "ADA-USD"}, {"trade_id": 143729949, "side": "buy", "size": "8.82583475", "price": "0.71890000", "time": "2025-07-15T15:18:01.264525Z", "fetched_at": "2025-07-15T15:23:24.942665+00:00", "symbol": "ADA-USD"}, {"trade_id": 143729948, "side": "buy", "size": "1.60000000", "price": "0.71900000", "time": "2025-07-15T15:18:01.140441Z", "fetched_at": "2025-07-15T15:23:24.942665+00:00", "symbol": "ADA-USD"}, {"trade_id": 143729947, "side": "buy", "size": "522.33430222", "price": "0.71900000", "time": "2025-07-15T15:18:01.140441Z", "fetched_at": "2025-07-15T15:23:24.942665+00:00", "symbol": "ADA-USD"}, {"trade_id": 143729946, "side": "buy", "size": "8.82338006", "price": "0.71910000", "time": "2025-07-15T15:18:01.140441Z", "fetched_at": "2025-07-15T15:23:24.942665+00:00", "symbol": "ADA-USD"}, {"trade_id": 143729945, "side": "buy", "size": "8.82534733", "price": "0.71920000", "time": "2025-07-15T15:18:01.131283Z", "fetched_at": "2025-07-15T15:23:24.942665+00:00", "symbol": "ADA-USD"}, {"trade_id": 143729944, "side": "buy", "size": "8.26458645", "price": "0.71920000", "time": "2025-07-15T15:18:01.115260Z", "fetched_at": "2025-07-15T15:23:24.942665+00:00", "symbol": "ADA-USD"}, {"trade_id": 143729943, "side": "buy", "size": "13.90240512", "price": "0.71930000", "time": "2025-07-15T15:18:00.385521Z", "fetched_at": "2025-07-15T15:23:24.942665+00:00", "symbol": "ADA-USD"}, {"trade_id": 143729942, "side": "sell", "size": "177.30558590", "price": "0.71930000", "time": "2025-07-15T15:17:59.087085Z", "fetched_at": "2025-07-15T15:23:24.942665+00:00", "symbol": "ADA-USD"}, {"trade_id": 143729941, "side": "sell", "size": "3993.24991734", "price": "0.71930000", "time": "2025-07-15T15:17:59.087085Z", "fetched_at": "2025-07-15T15:23:24.942665+00:00", "symbol": "ADA-USD"}, {"trade_id": 143729940, "side": "sell", "size": "821.31160489", "price": "0.71930000", "time": "2025-07-15T15:17:59.087085Z", "fetched_at": "2025-07-15T15:23:24.942665+00:00", "symbol": "ADA-USD"}, {"trade_id": 143729939, "side": "sell", "size": "567.00000000", "price": "0.71930000", "time": "2025-07-15T15:17:59.087085Z", "fetched_at": "2025-07-15T15:23:24.942665+00:00", "symbol": "ADA-USD"}, {"trade_id": 143729938, "side": "sell", "size": "1.60000000", "price": "0.71930000", "time": "2025-07-15T15:17:59.087085Z", "fetched_at": "2025-07-15T15:23:24.942665+00:00", "symbol": "ADA-USD"}, {"trade_id": 143729937, "side": "sell", "size": "36.82616700", "price": "0.71930000", "time": "2025-07-15T15:17:59.087085Z", "fetched_at": "2025-07-15T15:23:24.942665+00:00", "symbol": "ADA-USD"}, {"trade_id": 143729936, "side": "sell", "size": "1.82641896", "price": "0.71920000", "time": "2025-07-15T15:17:59.087085Z", "fetched_at": "2025-07-15T15:23:24.942665+00:00", "symbol": "ADA-USD"}, {"trade_id": 143729935, "side": "sell", "size": "89.26711444", "price": "0.71920000", "time": "2025-07-15T15:17:58.194679Z", "fetched_at": "2025-07-15T15:23:24.942665+00:00", "symbol": "ADA-USD"}, {"trade_id": 143729934, "side": "sell", "size": "9.13288556", "price": "0.71920000", "time": "2025-07-15T15:17:58.194679Z", "fetched_at": "2025-07-15T15:23:24.942665+00:00", "symbol": "ADA-USD"}, {"trade_id": 143729933, "side": "sell", "size": "1.60000000", "price": "0.71920000", "time": "2025-07-15T15:17:58.194679Z", "fetched_at": "2025-07-15T15:23:24.942665+00:00", "symbol": "ADA-USD"}, {"trade_id": 143729932, "side": "buy", "size": "250.00000000", "price": "0.71910000", "time": "2025-07-15T15:17:58.042871Z", "fetched_at": "2025-07-15T15:23:24.942665+00:00", "symbol": "ADA-USD"}, {"trade_id": 143729931, "side": "sell", "size": "6.88382500", "price": "0.71910000", "time": "2025-07-15T15:17:52.316360Z", "fetched_at": "2025-07-15T15:23:24.942665+00:00", "symbol": "ADA-USD"}, {"trade_id": 143729930, "side": "sell", "size": "25.03606121", "price": "0.71920000", "time": "2025-07-15T15:17:51.288529Z", "fetched_at": "2025-07-15T15:23:24.942665+00:00", "symbol": "ADA-USD"}, {"trade_id": 143729929, "side": "sell", "size": "13.91400879", "price": "0.71910000", "time": "2025-07-15T15:17:51.288529Z", "fetched_at": "2025-07-15T15:23:24.942665+00:00", "symbol": "ADA-USD"}, {"trade_id": 143729928, "side": "sell", "size": "1.60000000", "price": "0.71910000", "time": "2025-07-15T15:17:51.288529Z", "fetched_at": "2025-07-15T15:23:24.942665+00:00", "symbol": "ADA-USD"}, {"trade_id": 143729927, "side": "sell", "size": "1.60000000", "price": "0.71900000", "time": "2025-07-15T15:17:50.353813Z", "fetched_at": "2025-07-15T15:23:24.942665+00:00", "symbol": "ADA-USD"}, {"trade_id": 143729926, "side": "sell", "size": "1.60000000", "price": "0.71890000", "time": "2025-07-15T15:17:49.690530Z", "fetched_at": "2025-07-15T15:23:24.942665+00:00", "symbol": "ADA-USD"}, {"trade_id": 143729925, "side": "buy", "size": "2994.65135146", "price": "0.71880000", "time": "2025-07-15T15:17:43.518820Z", "fetched_at": "2025-07-15T15:23:24.942665+00:00", "symbol": "ADA-USD"}, {"trade_id": 143729924, "side": "buy", "size": "832.95085564", "price": "0.71880000", "time": "2025-07-15T15:17:43.518820Z", "fetched_at": "2025-07-15T15:23:24.942665+00:00", "symbol": "ADA-USD"}, {"trade_id": 143729923, "side": "buy", "size": "640.20000000", "price": "0.71880000", "time": "2025-07-15T15:17:43.518820Z", "fetched_at": "2025-07-15T15:23:24.942665+00:00", "symbol": "ADA-USD"}, {"trade_id": 143729922, "side": "buy", "size": "522.33430222", "price": "0.71880000", "time": "2025-07-15T15:17:43.518820Z", "fetched_at": "2025-07-15T15:23:24.942665+00:00", "symbol": "ADA-USD"}, {"trade_id": 143729921, "side": "buy", "size": "695.59111923", "price": "0.71880000", "time": "2025-07-15T15:17:43.518820Z", "fetched_at": "2025-07-15T15:23:24.942665+00:00", "symbol": "ADA-USD"}, {"trade_id": 143729920, "side": "buy", "size": "567.00000000", "price": "0.71880000", "time": "2025-07-15T15:17:43.518820Z", "fetched_at": "2025-07-15T15:23:24.942665+00:00", "symbol": "ADA-USD"}, {"trade_id": 143729919, "side": "buy", "size": "500.00000000", "price": "0.71890000", "time": "2025-07-15T15:17:43.518820Z", "fetched_at": "2025-07-15T15:23:24.942665+00:00", "symbol": "ADA-USD"}, {"trade_id": 143729918, "side": "buy", "size": "51.00306000", "price": "0.71890000", "time": "2025-07-15T15:17:43.518820Z", "fetched_at": "2025-07-15T15:23:24.942665+00:00", "symbol": "ADA-USD"}, {"trade_id": 143729917, "side": "buy", "size": "512.09343845", "price": "0.71890000", "time": "2025-07-15T15:17:43.518820Z", "fetched_at": "2025-07-15T15:23:24.942665+00:00", "symbol": "ADA-USD"}, {"trade_id": 143729916, "side": "buy", "size": "139.62154100", "price": "0.71890000", "time": "2025-07-15T15:17:43.049865Z", "fetched_at": "2025-07-15T15:23:24.942665+00:00", "symbol": "ADA-USD"}, {"trade_id": 143729915, "side": "sell", "size": "136.16788200", "price": "0.71890000", "time": "2025-07-15T15:17:37.219343Z", "fetched_at": "2025-07-15T15:23:24.942665+00:00", "symbol": "ADA-USD"}, {"trade_id": 143729914, "side": "sell", "size": "1.60000000", "price": "0.71890000", "time": "2025-07-15T15:17:37.219343Z", "fetched_at": "2025-07-15T15:23:24.942665+00:00", "symbol": "ADA-USD"}, {"trade_id": 143729913, "side": "sell", "size": "1.60000000", "price": "0.71880000", "time": "2025-07-15T15:17:35.269508Z", "fetched_at": "2025-07-15T15:23:24.942665+00:00", "symbol": "ADA-USD"}, {"trade_id": 143729912, "side": "sell", "size": "1.60000000", "price": "0.71870000", "time": "2025-07-15T15:17:32.784771Z", "fetched_at": "2025-07-15T15:23:24.942665+00:00", "symbol": "ADA-USD"}, {"trade_id": 143729911, "side": "sell", "size": "99.64629766", "price": "0.71870000", "time": "2025-07-15T15:17:32.784771Z", "fetched_at": "2025-07-15T15:23:24.942665+00:00", "symbol": "ADA-USD"}, {"trade_id": 143729910, "side": "sell", "size": "255.82529000", "price": "0.71870000", "time": "2025-07-15T15:17:32.782691Z", "fetched_at": "2025-07-15T15:23:24.942665+00:00", "symbol": "ADA-USD"}, {"trade_id": 143729909, "side": "sell", "size": "32.27202818", "price": "0.71870000", "time": "2025-07-15T15:17:32.422830Z", "fetched_at": "2025-07-15T15:23:24.942665+00:00", "symbol": "ADA-USD"}, {"trade_id": 143729908, "side": "sell", "size": "161.42220342", "price": "0.71870000", "time": "2025-07-15T15:17:32.409904Z", "fetched_at": "2025-07-15T15:23:24.942665+00:00", "symbol": "ADA-USD"}, {"trade_id": 143729907, "side": "sell", "size": "161.42220342", "price": "0.71870000", "time": "2025-07-15T15:17:32.394115Z", "fetched_at": "2025-07-15T15:23:24.942665+00:00", "symbol": "ADA-USD"}, {"trade_id": 143729906, "side": "sell", "size": "0.00001000", "price": "0.71860000", "time": "2025-07-15T15:17:32.383484Z", "fetched_at": "2025-07-15T15:23:24.942665+00:00", "symbol": "ADA-USD"}, {"trade_id": 143729905, "side": "sell", "size": "51.00305000", "price": "0.71860000", "time": "2025-07-15T15:17:32.381968Z", "fetched_at": "2025-07-15T15:23:24.942665+00:00", "symbol": "ADA-USD"}, {"trade_id": 143729904, "side": "sell", "size": "495.21808211", "price": "0.71860000", "time": "2025-07-15T15:17:32.371060Z", "fetched_at": "2025-07-15T15:23:24.942665+00:00", "symbol": "ADA-USD"}, {"trade_id": 143729903, "side": "sell", "size": "51.00306000", "price": "0.71860000", "time": "2025-07-15T15:17:32.341895Z", "fetched_at": "2025-07-15T15:23:24.942665+00:00", "symbol": "ADA-USD"}, {"trade_id": 143729902, "side": "sell", "size": "1.37748700", "price": "0.71860000", "time": "2025-07-15T15:17:30.486110Z", "fetched_at": "2025-07-15T15:23:24.942665+00:00", "symbol": "ADA-USD"}, {"trade_id": 143729901, "side": "buy", "size": "305.58816866", "price": "0.71840000", "time": "2025-07-15T15:17:30.249998Z", "fetched_at": "2025-07-15T15:23:24.942665+00:00", "symbol": "ADA-USD"}